{
    "summary": {
        "stock_name": "志超",
        "stock_id": "8213",
        "category": "電子零組件",
        "main_business": "CC01080電子零組件製造業。<br>F219010電子材料零售業。<br>F401010國際貿易業。",
        "website_url": "http://www.tpt-pcb.com.tw",
        "ceo": "李明熹",
        "pe_ratio": 10,
        "report_year_from": 2002,
        "report_year_to": 2023,
        "age": 21,
        "eps_negative_percentage": 0,
        "eps_growth_avg": {
            "last_all": 13.02,
            "last_2y": 19.77,
            "last_4y": 21.53,
            "last_8y": 8.27,
            "last_12y": 6.33,
            "last_16y": null,
            "last_20y": null,
            "at_2006_last_3y": null,
            "at_2007_last_3y": null,
            "at_2008_last_3y": null,
            "at_2009_last_3y": null,
            "at_2010_last_3y": null,
            "at_2011_last_3y": null,
            "at_2012_last_3y": 33.92,
            "at_2013_last_3y": 1.96,
            "at_2014_last_3y": 18.46,
            "at_2015_last_3y": 17.68,
            "at_2016_last_3y": -13,
            "at_2017_last_3y": -8.3,
            "at_2018_last_3y": -1.97,
            "at_2019_last_3y": 4.15,
            "at_2020_last_3y": 29.19,
            "at_2021_last_3y": 36.11,
            "at_2022_last_3y": 13.17,
            "at_2023_last_3y": 13.17,
            "at_2006_last_all": null,
            "at_2007_last_all": null,
            "at_2008_last_all": null,
            "at_2009_last_all": null,
            "at_2010_last_all": 31.81,
            "at_2011_last_all": 11.89,
            "at_2012_last_all": 33.92,
            "at_2013_last_all": 21.57,
            "at_2014_last_all": 22.91,
            "at_2015_last_all": 15.2,
            "at_2016_last_all": 10.46,
            "at_2017_last_all": 8.3,
            "at_2018_last_all": 12.96,
            "at_2019_last_all": 11.18,
            "at_2020_last_all": 16.7,
            "at_2021_last_all": 16.85,
            "at_2022_last_all": 13.02,
            "at_2023_last_all": 13.02
        },
        "latest_eps": 4.24,
        "latest_price": 40.85,
        "latest_roe": 7.48,
        "latest_gross_margin": 12.2,
        "latest_equity": 15545854,
        "latest_revenue": 4453930,
        "latest_gross_profit": 543300,
        "latest_net_income": 169825,
        "latest_debt_ratio": 45.73,
        "latest_current_ratio": 149.66,
        "latest_account_receivable_turnover_ratio": 0.62,
        "latest_inventory_turnover_ratio": 1.93,
        "latest_reinvestment_rate": -0.34,
        "latest_research_to_sale_ratio": null
    },
    "eps_dividends": {
        "2001": {
            "cash": 0,
            "stock": 0,
            "eps": 0
        },
        "2002": {
            "cash": 0,
            "stock": 0,
            "eps": 0
        },
        "2003": {
            "cash": 0,
            "stock": 0,
            "eps": 0
        },
        "2004": {
            "cash": 0,
            "stock": 0,
            "eps": 0
        },
        "2005": {
            "cash": 0.5,
            "stock": 0.5,
            "eps": 0
        },
        "2006": {
            "cash": 0.5,
            "stock": 1,
            "eps": 0
        },
        "2007": {
            "cash": 0.5,
            "stock": 1.5,
            "eps": 0
        },
        "2008": {
            "cash": 0.69,
            "stock": 1.48,
            "eps": 2.23
        },
        "2009": {
            "cash": 0.5,
            "stock": 1.48,
            "eps": 6.13
        },
        "2010": {
            "cash": 1.5,
            "stock": 1,
            "eps": 3.9
        },
        "2011": {
            "cash": 2.5,
            "stock": 0.2,
            "eps": 2.81
        },
        "2012": {
            "cash": 0,
            "stock": 0,
            "eps": 6.22
        },
        "2013": {
            "cash": 3,
            "stock": 0,
            "eps": 4.49
        },
        "2014": {
            "cash": 3,
            "stock": 0,
            "eps": 5.82
        },
        "2015": {
            "cash": 3.5,
            "stock": 0,
            "eps": 4.01
        },
        "2016": {
            "cash": 2,
            "stock": 0,
            "eps": 3.1
        },
        "2017": {
            "cash": 1.5,
            "stock": 0,
            "eps": 2.82
        },
        "2018": {
            "cash": 1.5,
            "stock": 0,
            "eps": 4.37
        },
        "2019": {
            "cash": 2.2,
            "stock": 0,
            "eps": 4.08
        },
        "2020": {
            "cash": 2.5,
            "stock": 0,
            "eps": 7.24
        },
        "2021": {
            "cash": 3.5,
            "stock": 0,
            "eps": 8.59
        },
        "2022": {
            "cash": 5,
            "stock": 0,
            "eps": 5.43
        },
        "2023": {
            "cash": 2.5,
            "stock": 0,
            "eps": 0.62
        }
    },
    "dividends": {
        "2005-04-28": {
            "cash": 0.5,
            "stock": 0.5
        },
        "2006-04-14": {
            "cash": 0.5,
            "stock": 1
        },
        "2007-04-26": {
            "cash": 0.5,
            "stock": 1.5
        },
        "2008-03-27": {
            "cash": 0.69,
            "stock": 1.48
        },
        "2009-04-23": {
            "cash": 0.5,
            "stock": 1.48
        },
        "2010-03-18": {
            "cash": 1.5,
            "stock": 1
        },
        "2011-01-01": {
            "cash": 0.7,
            "stock": 0
        },
        "2011-04-20": {
            "cash": 1.8,
            "stock": 0.2
        },
        "2013-04-18": {
            "cash": 3,
            "stock": 0
        },
        "2014-06-11": {
            "cash": 3,
            "stock": 0
        },
        "2015-07-31": {
            "cash": 3.5,
            "stock": 0
        },
        "2016-07-29": {
            "cash": 2,
            "stock": 0
        },
        "2017-07-28": {
            "cash": 1.5,
            "stock": 0
        },
        "2018-07-30": {
            "cash": 1.5,
            "stock": 0
        },
        "2019-08-23": {
            "cash": 2.2,
            "stock": 0
        },
        "2020-07-03": {
            "cash": 2.5,
            "stock": 0
        },
        "2021-07-19": {
            "cash": 3.5,
            "stock": 0
        },
        "2022-07-15": {
            "cash": 5,
            "stock": 0
        },
        "2023-07-19": {
            "cash": 2.5,
            "stock": 0
        }
    },
    "prices": {
        "200101": "無",
        "200102": "無",
        "200103": "無",
        "200104": "無",
        "200105": "無",
        "200106": "無",
        "200107": "無",
        "200108": "無",
        "200109": "無",
        "200110": "無",
        "200111": "無",
        "200112": "無",
        "200201": "無",
        "200202": "無",
        "200203": "無",
        "200204": "無",
        "200205": "無",
        "200206": "無",
        "200207": "無",
        "200208": "無",
        "200209": "無",
        "200210": "無",
        "200211": "無",
        "200212": "無",
        "200301": "無",
        "200302": "無",
        "200303": "無",
        "200304": "無",
        "200305": "無",
        "200306": "無",
        "200307": "無",
        "200308": "無",
        "200309": "無",
        "200310": "無",
        "200311": "無",
        "200312": "無",
        "200401": "無",
        "200402": "無",
        "200403": "無",
        "200404": "無",
        "200405": "無",
        "200406": "無",
        "200407": "無",
        "200408": "無",
        "200409": "11.70",
        "200410": "10.28",
        "200411": "10.00",
        "200412": "10.28",
        "200501": "10.00",
        "200502": "10.62",
        "200503": "11.68",
        "200504": "13.57",
        "200505": "15.10",
        "200506": "18.38",
        "200507": "23.78",
        "200508": "25.86",
        "200509": "26.03",
        "200510": "25.88",
        "200511": "25.69",
        "200512": "28.09",
        "200601": "27.68",
        "200602": "31.50",
        "200603": "32.95",
        "200604": "32.73",
        "200605": "30.11",
        "200606": "25.81",
        "200607": "25.16",
        "200608": "25.43",
        "200609": "24.42",
        "200610": "26.65",
        "200611": "25.62",
        "200612": "25.20",
        "200701": "29.38",
        "200702": "28.35",
        "200703": "28.99",
        "200704": "32.94",
        "200705": "39.32",
        "200706": "56.24",
        "200707": "69.53",
        "200708": "64.64",
        "200709": "54.40",
        "200710": "48.21",
        "200711": "43.04",
        "200712": "40.79",
        "200801": "38.81",
        "200802": "39.81",
        "200803": "40.13",
        "200804": "41.61",
        "200805": "44.62",
        "200806": "41.78",
        "200807": "36.56",
        "200808": "34.30",
        "200809": "24.97",
        "200810": "17.82",
        "200811": "12.30",
        "200812": "10.32",
        "200901": "10.48",
        "200902": "11.75",
        "200903": "15.84",
        "200904": "19.67",
        "200905": "28.67",
        "200906": "30.53",
        "200907": "29.21",
        "200908": "36.37",
        "200909": "45.05",
        "200910": "45.91",
        "200911": "45.24",
        "200912": "72.24",
        "201001": "69.97",
        "201002": "65.66",
        "201003": "68.16",
        "201004": "70.68",
        "201005": "62.22",
        "201006": "57.52",
        "201007": "55.68",
        "201008": "52.42",
        "201009": "48.42",
        "201010": "46.44",
        "201011": "39.29",
        "201012": "43.90",
        "201101": "42.66",
        "201102": "39.24",
        "201103": "37.75",
        "201104": "35.86",
        "201105": "32.57",
        "201106": "33.62",
        "201107": "28.14",
        "201108": "25.21",
        "201109": "24.29",
        "201110": "23.88",
        "201111": "22.70",
        "201112": "22.29",
        "201201": "23.47",
        "201202": "34.02",
        "201203": "36.96",
        "201204": "37.40",
        "201205": "38.61",
        "201206": "33.36",
        "201207": "34.11",
        "201208": "38.90",
        "201209": "41.62",
        "201210": "39.89",
        "201211": "43.04",
        "201212": "43.08",
        "201301": "41.81",
        "201302": "41.70",
        "201303": "43.98",
        "201304": "43.98",
        "201305": "42.05",
        "201306": "40.06",
        "201307": "36.70",
        "201308": "35.73",
        "201309": "35.06",
        "201310": "34.48",
        "201311": "32.21",
        "201312": "33.87",
        "201401": "35.85",
        "201402": "35.74",
        "201403": "37.76",
        "201404": "42.74",
        "201405": "45.94",
        "201406": "45.24",
        "201407": "42.67",
        "201408": "45.46",
        "201409": "47.36",
        "201410": "44.65",
        "201411": "45.42",
        "201412": "無",
        "201501": "51.50",
        "201502": "52.62",
        "201503": "55.27",
        "201504": "51.05",
        "201505": "46.71",
        "201506": "43.17",
        "201507": "36.29",
        "201508": "31.27",
        "201509": "33.48",
        "201510": "35.89",
        "201511": "34.98",
        "201512": "33.14",
        "201601": "30.68",
        "201602": "31.95",
        "201603": "34.40",
        "201604": "32.69",
        "201605": "29.47",
        "201606": "30.27",
        "201607": "29.44",
        "201608": "30.88",
        "201609": "31.96",
        "201610": "31.74",
        "201611": "30.13",
        "201612": "30.73",
        "201701": "30.04",
        "201702": "31.31",
        "201703": "31.73",
        "201704": "31.58",
        "201705": "30.88",
        "201706": "30.85",
        "201707": "29.91",
        "201708": "30.66",
        "201709": "32.27",
        "201710": "32.03",
        "201711": "32.94",
        "201712": "32.25",
        "201801": "31.84",
        "201802": "29.88",
        "201803": "29.72",
        "201804": "28.85",
        "201805": "28.97",
        "201806": "28.88",
        "201807": "27.29",
        "201808": "27.98",
        "201809": "28.38",
        "201810": "25.31",
        "201811": "26.38",
        "201812": "28.32",
        "201901": "28.40",
        "201902": "32.18",
        "201903": "34.00",
        "201904": "38.16",
        "201905": "36.53",
        "201906": "36.21",
        "201907": "39.09",
        "201908": "36.22",
        "201909": "37.74",
        "201910": "35.96",
        "201911": "37.55",
        "201912": "36.38",
        "202001": "35.39",
        "202002": "33.08",
        "202003": "29.60",
        "202004": "30.84",
        "202005": "35.34",
        "202006": "35.99",
        "202007": "36.10",
        "202008": "41.13",
        "202009": "41.35",
        "202010": "40.91",
        "202011": "43.51",
        "202012": "44.72",
        "202101": "45.48",
        "202102": "46.57",
        "202103": "51.01",
        "202104": "52.45",
        "202105": "47.83",
        "202106": "50.32",
        "202107": "47.49",
        "202108": "46.91",
        "202109": "46.15",
        "202110": "45.76",
        "202111": "47.85",
        "202112": "47.50",
        "202201": "47.94",
        "202202": "48.95",
        "202203": "49.87",
        "202204": "48.67",
        "202205": "51.71",
        "202206": "47.64",
        "202207": "36.22",
        "202208": "37.77",
        "202209": "36.08",
        "202210": "33.06",
        "202211": "35.19",
        "202212": "36.45",
        "202301": "36.75",
        "202302": "38.36",
        "202303": "40.12",
        "202304": "41.42",
        "202305": "39.81"
    },
    "quarters": {
        "20011": {
            "year_quarter": 20011,
            "year": 2001,
            "quarter": 1,
            "eps": null,
            "eps_growth_year": null,
            "eps_4q": null,
            "eps_4q_growth_year": null,
            "roe": null,
            "roe_4q": 0,
            "gross_profit": null,
            "gross_margin": null,
            "gross_margin_4q_avg": 0,
            "net_income": null,
            "revenue": null,
            "common_shares": null,
            "book_valuer_per_share": null,
            "book_valuer_per_share_4q_avg": 0,
            "equity": null,
            "current_ratio": null,
            "debt_ratio": null,
            "inventory_turnover_ratio": null,
            "account_receivable_turnover_ratio": null,
            "reinvestment_rate": null,
            "research_to_sale_ratio": null,
            "price_fair": 0,
            "eps_avg_yearly": 0,
            "eps_latest_yearly": 0,
            "eps_growth_yearly": 0
        },
        "20012": {
            "year_quarter": 20012,
            "year": 2001,
            "quarter": 2,
            "eps": null,
            "eps_growth_year": null,
            "eps_4q": null,
            "eps_4q_growth_year": null,
            "roe": null,
            "roe_4q": 0,
            "gross_profit": null,
            "gross_margin": null,
            "gross_margin_4q_avg": 0,
            "net_income": null,
            "revenue": null,
            "common_shares": null,
            "book_valuer_per_share": null,
            "book_valuer_per_share_4q_avg": 0,
            "equity": null,
            "current_ratio": null,
            "debt_ratio": null,
            "inventory_turnover_ratio": null,
            "account_receivable_turnover_ratio": null,
            "reinvestment_rate": null,
            "research_to_sale_ratio": null,
            "price_fair": 0,
            "eps_avg_yearly": 0,
            "eps_latest_yearly": 0,
            "eps_growth_yearly": 0
        },
        "20013": {
            "year_quarter": 20013,
            "year": 2001,
            "quarter": 3,
            "eps": null,
            "eps_growth_year": null,
            "eps_4q": null,
            "eps_4q_growth_year": null,
            "roe": null,
            "roe_4q": 0,
            "gross_profit": null,
            "gross_margin": null,
            "gross_margin_4q_avg": 0,
            "net_income": null,
            "revenue": null,
            "common_shares": null,
            "book_valuer_per_share": null,
            "book_valuer_per_share_4q_avg": 0,
            "equity": null,
            "current_ratio": null,
            "debt_ratio": null,
            "inventory_turnover_ratio": null,
            "account_receivable_turnover_ratio": null,
            "reinvestment_rate": null,
            "research_to_sale_ratio": null,
            "price_fair": 0,
            "eps_avg_yearly": 0,
            "eps_latest_yearly": 0,
            "eps_growth_yearly": 0
        },
        "20014": {
            "year_quarter": 20014,
            "year": 2001,
            "quarter": 4,
            "eps": null,
            "eps_growth_year": null,
            "eps_4q": null,
            "eps_4q_growth_year": null,
            "roe": null,
            "roe_4q": 0,
            "gross_profit": null,
            "gross_margin": null,
            "gross_margin_4q_avg": 0,
            "net_income": null,
            "revenue": null,
            "common_shares": 800000,
            "book_valuer_per_share": 8.06,
            "book_valuer_per_share_4q_avg": 2.02,
            "equity": 645094,
            "current_ratio": 67.58,
            "debt_ratio": 59.52,
            "inventory_turnover_ratio": null,
            "account_receivable_turnover_ratio": null,
            "reinvestment_rate": null,
            "research_to_sale_ratio": null,
            "price_fair": 0,
            "eps_avg_yearly": 0,
            "eps_latest_yearly": 0,
            "eps_growth_yearly": 0
        },
        "20021": {
            "year_quarter": 20021,
            "year": 2002,
            "quarter": 1,
            "eps": null,
            "eps_growth_year": null,
            "eps_4q": null,
            "eps_4q_growth_year": null,
            "roe": null,
            "roe_4q": 0,
            "gross_profit": null,
            "gross_margin": null,
            "gross_margin_4q_avg": 0,
            "net_income": null,
            "revenue": null,
            "common_shares": null,
            "book_valuer_per_share": null,
            "book_valuer_per_share_4q_avg": 2.02,
            "equity": null,
            "current_ratio": null,
            "debt_ratio": null,
            "inventory_turnover_ratio": null,
            "account_receivable_turnover_ratio": null,
            "reinvestment_rate": null,
            "research_to_sale_ratio": null,
            "price_fair": 0,
            "eps_avg_yearly": 0,
            "eps_latest_yearly": 0,
            "eps_growth_yearly": 0
        },
        "20022": {
            "year_quarter": 20022,
            "year": 2002,
            "quarter": 2,
            "eps": null,
            "eps_growth_year": null,
            "eps_4q": null,
            "eps_4q_growth_year": null,
            "roe": null,
            "roe_4q": 0,
            "gross_profit": null,
            "gross_margin": null,
            "gross_margin_4q_avg": 0,
            "net_income": null,
            "revenue": null,
            "common_shares": null,
            "book_valuer_per_share": null,
            "book_valuer_per_share_4q_avg": 2.02,
            "equity": null,
            "current_ratio": null,
            "debt_ratio": null,
            "inventory_turnover_ratio": null,
            "account_receivable_turnover_ratio": null,
            "reinvestment_rate": null,
            "research_to_sale_ratio": null,
            "price_fair": 0,
            "eps_avg_yearly": 0,
            "eps_latest_yearly": 0,
            "eps_growth_yearly": 0
        },
        "20023": {
            "year_quarter": 20023,
            "year": 2002,
            "quarter": 3,
            "eps": null,
            "eps_growth_year": null,
            "eps_4q": null,
            "eps_4q_growth_year": null,
            "roe": null,
            "roe_4q": 0,
            "gross_profit": null,
            "gross_margin": null,
            "gross_margin_4q_avg": 0,
            "net_income": null,
            "revenue": null,
            "common_shares": null,
            "book_valuer_per_share": null,
            "book_valuer_per_share_4q_avg": 2.02,
            "equity": null,
            "current_ratio": null,
            "debt_ratio": null,
            "inventory_turnover_ratio": null,
            "account_receivable_turnover_ratio": null,
            "reinvestment_rate": null,
            "research_to_sale_ratio": null,
            "price_fair": 0,
            "eps_avg_yearly": 0,
            "eps_latest_yearly": 0,
            "eps_growth_yearly": 0
        },
        "20024": {
            "year_quarter": 20024,
            "year": 2002,
            "quarter": 4,
            "eps": null,
            "eps_growth_year": null,
            "eps_4q": null,
            "eps_4q_growth_year": null,
            "roe": null,
            "roe_4q": 0,
            "gross_profit": null,
            "gross_margin": null,
            "gross_margin_4q_avg": 0,
            "net_income": null,
            "revenue": null,
            "common_shares": 650000,
            "book_valuer_per_share": 9.89,
            "book_valuer_per_share_4q_avg": 2.47,
            "equity": 642992,
            "current_ratio": 77.43,
            "debt_ratio": 60.2,
            "inventory_turnover_ratio": null,
            "account_receivable_turnover_ratio": null,
            "reinvestment_rate": null,
            "research_to_sale_ratio": null,
            "price_fair": 0,
            "eps_avg_yearly": 0,
            "eps_latest_yearly": 0,
            "eps_growth_yearly": 0
        },
        "20031": {
            "year_quarter": 20031,
            "year": 2003,
            "quarter": 1,
            "eps": null,
            "eps_growth_year": null,
            "eps_4q": null,
            "eps_4q_growth_year": null,
            "roe": null,
            "roe_4q": 0,
            "gross_profit": null,
            "gross_margin": null,
            "gross_margin_4q_avg": 0,
            "net_income": null,
            "revenue": null,
            "common_shares": null,
            "book_valuer_per_share": null,
            "book_valuer_per_share_4q_avg": 2.47,
            "equity": null,
            "current_ratio": null,
            "debt_ratio": null,
            "inventory_turnover_ratio": null,
            "account_receivable_turnover_ratio": null,
            "reinvestment_rate": null,
            "research_to_sale_ratio": null,
            "price_fair": 0,
            "eps_avg_yearly": 0,
            "eps_latest_yearly": 0,
            "eps_growth_yearly": 0
        },
        "20032": {
            "year_quarter": 20032,
            "year": 2003,
            "quarter": 2,
            "eps": null,
            "eps_growth_year": null,
            "eps_4q": null,
            "eps_4q_growth_year": null,
            "roe": null,
            "roe_4q": 0,
            "gross_profit": null,
            "gross_margin": null,
            "gross_margin_4q_avg": 0,
            "net_income": null,
            "revenue": null,
            "common_shares": null,
            "book_valuer_per_share": null,
            "book_valuer_per_share_4q_avg": 2.47,
            "equity": null,
            "current_ratio": null,
            "debt_ratio": null,
            "inventory_turnover_ratio": null,
            "account_receivable_turnover_ratio": null,
            "reinvestment_rate": null,
            "research_to_sale_ratio": null,
            "price_fair": 0,
            "eps_avg_yearly": 0,
            "eps_latest_yearly": 0,
            "eps_growth_yearly": 0
        },
        "20033": {
            "year_quarter": 20033,
            "year": 2003,
            "quarter": 3,
            "eps": null,
            "eps_growth_year": null,
            "eps_4q": null,
            "eps_4q_growth_year": null,
            "roe": null,
            "roe_4q": 0,
            "gross_profit": null,
            "gross_margin": null,
            "gross_margin_4q_avg": 0,
            "net_income": null,
            "revenue": null,
            "common_shares": null,
            "book_valuer_per_share": null,
            "book_valuer_per_share_4q_avg": 2.47,
            "equity": null,
            "current_ratio": null,
            "debt_ratio": null,
            "inventory_turnover_ratio": null,
            "account_receivable_turnover_ratio": null,
            "reinvestment_rate": null,
            "research_to_sale_ratio": null,
            "price_fair": 0,
            "eps_avg_yearly": 0,
            "eps_latest_yearly": 0,
            "eps_growth_yearly": 0
        },
        "20034": {
            "year_quarter": 20034,
            "year": 2003,
            "quarter": 4,
            "eps": null,
            "eps_growth_year": null,
            "eps_4q": null,
            "eps_4q_growth_year": null,
            "roe": null,
            "roe_4q": 0,
            "gross_profit": null,
            "gross_margin": null,
            "gross_margin_4q_avg": 0,
            "net_income": null,
            "revenue": null,
            "common_shares": 650000,
            "book_valuer_per_share": 10.09,
            "book_valuer_per_share_4q_avg": 2.52,
            "equity": 656140,
            "current_ratio": 88.79,
            "debt_ratio": 60.4,
            "inventory_turnover_ratio": null,
            "account_receivable_turnover_ratio": null,
            "reinvestment_rate": null,
            "research_to_sale_ratio": null,
            "price_fair": 0,
            "eps_avg_yearly": 0,
            "eps_latest_yearly": 0,
            "eps_growth_yearly": 0
        },
        "20041": {
            "year_quarter": 20041,
            "year": 2004,
            "quarter": 1,
            "eps": null,
            "eps_growth_year": null,
            "eps_4q": null,
            "eps_4q_growth_year": null,
            "roe": null,
            "roe_4q": 0,
            "gross_profit": null,
            "gross_margin": null,
            "gross_margin_4q_avg": 0,
            "net_income": null,
            "revenue": null,
            "common_shares": null,
            "book_valuer_per_share": null,
            "book_valuer_per_share_4q_avg": 2.52,
            "equity": null,
            "current_ratio": null,
            "debt_ratio": null,
            "inventory_turnover_ratio": null,
            "account_receivable_turnover_ratio": null,
            "reinvestment_rate": null,
            "research_to_sale_ratio": null,
            "price_fair": 0,
            "eps_avg_yearly": 0,
            "eps_latest_yearly": 0,
            "eps_growth_yearly": 0
        },
        "20042": {
            "year_quarter": 20042,
            "year": 2004,
            "quarter": 2,
            "eps": null,
            "eps_growth_year": null,
            "eps_4q": null,
            "eps_4q_growth_year": null,
            "roe": null,
            "roe_4q": 0,
            "gross_profit": null,
            "gross_margin": null,
            "gross_margin_4q_avg": 0,
            "net_income": null,
            "revenue": null,
            "common_shares": null,
            "book_valuer_per_share": null,
            "book_valuer_per_share_4q_avg": 2.52,
            "equity": null,
            "current_ratio": null,
            "debt_ratio": null,
            "inventory_turnover_ratio": null,
            "account_receivable_turnover_ratio": null,
            "reinvestment_rate": null,
            "research_to_sale_ratio": null,
            "price_fair": 0,
            "eps_avg_yearly": 0,
            "eps_latest_yearly": 0,
            "eps_growth_yearly": 0
        },
        "20043": {
            "year_quarter": 20043,
            "year": 2004,
            "quarter": 3,
            "eps": null,
            "eps_growth_year": null,
            "eps_4q": null,
            "eps_4q_growth_year": null,
            "roe": null,
            "roe_4q": 0,
            "gross_profit": null,
            "gross_margin": null,
            "gross_margin_4q_avg": 0,
            "net_income": null,
            "revenue": null,
            "common_shares": null,
            "book_valuer_per_share": null,
            "book_valuer_per_share_4q_avg": 2.52,
            "equity": null,
            "current_ratio": null,
            "debt_ratio": null,
            "inventory_turnover_ratio": null,
            "account_receivable_turnover_ratio": null,
            "reinvestment_rate": null,
            "research_to_sale_ratio": null,
            "price_fair": 0,
            "eps_avg_yearly": 0,
            "eps_latest_yearly": 0,
            "eps_growth_yearly": 0
        },
        "20044": {
            "year_quarter": 20044,
            "year": 2004,
            "quarter": 4,
            "eps": null,
            "eps_growth_year": null,
            "eps_4q": null,
            "eps_4q_growth_year": null,
            "roe": null,
            "roe_4q": 0,
            "gross_profit": null,
            "gross_margin": null,
            "gross_margin_4q_avg": 0,
            "net_income": null,
            "revenue": null,
            "common_shares": 650000,
            "book_valuer_per_share": 12.09,
            "book_valuer_per_share_4q_avg": 3.02,
            "equity": 785737,
            "current_ratio": 113.15,
            "debt_ratio": 59.57,
            "inventory_turnover_ratio": null,
            "account_receivable_turnover_ratio": null,
            "reinvestment_rate": null,
            "research_to_sale_ratio": null,
            "price_fair": 0,
            "eps_avg_yearly": 0,
            "eps_latest_yearly": 0,
            "eps_growth_yearly": 0
        },
        "20051": {
            "year_quarter": 20051,
            "year": 2005,
            "quarter": 1,
            "eps": null,
            "eps_growth_year": null,
            "eps_4q": null,
            "eps_4q_growth_year": null,
            "roe": null,
            "roe_4q": 0,
            "gross_profit": null,
            "gross_margin": null,
            "gross_margin_4q_avg": 0,
            "net_income": null,
            "revenue": null,
            "common_shares": null,
            "book_valuer_per_share": null,
            "book_valuer_per_share_4q_avg": 3.02,
            "equity": null,
            "current_ratio": null,
            "debt_ratio": null,
            "inventory_turnover_ratio": null,
            "account_receivable_turnover_ratio": null,
            "reinvestment_rate": null,
            "research_to_sale_ratio": null,
            "price_fair": 0,
            "eps_avg_yearly": 0,
            "eps_latest_yearly": 0,
            "eps_growth_yearly": 0
        },
        "20052": {
            "year_quarter": 20052,
            "year": 2005,
            "quarter": 2,
            "eps": null,
            "eps_growth_year": null,
            "eps_4q": null,
            "eps_4q_growth_year": null,
            "roe": null,
            "roe_4q": 0,
            "gross_profit": null,
            "gross_margin": null,
            "gross_margin_4q_avg": 0,
            "net_income": null,
            "revenue": null,
            "common_shares": null,
            "book_valuer_per_share": null,
            "book_valuer_per_share_4q_avg": 3.02,
            "equity": null,
            "current_ratio": null,
            "debt_ratio": null,
            "inventory_turnover_ratio": null,
            "account_receivable_turnover_ratio": null,
            "reinvestment_rate": null,
            "research_to_sale_ratio": null,
            "price_fair": 0,
            "eps_avg_yearly": 0,
            "eps_latest_yearly": 0,
            "eps_growth_yearly": 0
        },
        "20053": {
            "year_quarter": 20053,
            "year": 2005,
            "quarter": 3,
            "eps": null,
            "eps_growth_year": null,
            "eps_4q": null,
            "eps_4q_growth_year": null,
            "roe": null,
            "roe_4q": 0,
            "gross_profit": null,
            "gross_margin": null,
            "gross_margin_4q_avg": 0,
            "net_income": null,
            "revenue": null,
            "common_shares": null,
            "book_valuer_per_share": null,
            "book_valuer_per_share_4q_avg": 3.02,
            "equity": null,
            "current_ratio": null,
            "debt_ratio": null,
            "inventory_turnover_ratio": null,
            "account_receivable_turnover_ratio": null,
            "reinvestment_rate": null,
            "research_to_sale_ratio": null,
            "price_fair": 0,
            "eps_avg_yearly": 0,
            "eps_latest_yearly": 0,
            "eps_growth_yearly": 0
        },
        "20054": {
            "year_quarter": 20054,
            "year": 2005,
            "quarter": 4,
            "eps": null,
            "eps_growth_year": null,
            "eps_4q": null,
            "eps_4q_growth_year": null,
            "roe": null,
            "roe_4q": 0,
            "gross_profit": null,
            "gross_margin": null,
            "gross_margin_4q_avg": 0,
            "net_income": null,
            "revenue": null,
            "common_shares": 682500,
            "book_valuer_per_share": 12.35,
            "book_valuer_per_share_4q_avg": 3.09,
            "equity": 842550,
            "current_ratio": 122.02,
            "debt_ratio": 68.9,
            "inventory_turnover_ratio": null,
            "account_receivable_turnover_ratio": null,
            "reinvestment_rate": null,
            "research_to_sale_ratio": null,
            "price_fair": 0,
            "eps_avg_yearly": 0,
            "eps_latest_yearly": 0,
            "eps_growth_yearly": 0
        },
        "20061": {
            "year_quarter": 20061,
            "year": 2006,
            "quarter": 1,
            "eps": null,
            "eps_growth_year": null,
            "eps_4q": null,
            "eps_4q_growth_year": null,
            "roe": null,
            "roe_4q": 0,
            "gross_profit": null,
            "gross_margin": null,
            "gross_margin_4q_avg": 0,
            "net_income": null,
            "revenue": null,
            "common_shares": null,
            "book_valuer_per_share": null,
            "book_valuer_per_share_4q_avg": 3.09,
            "equity": null,
            "current_ratio": null,
            "debt_ratio": null,
            "inventory_turnover_ratio": null,
            "account_receivable_turnover_ratio": null,
            "reinvestment_rate": null,
            "research_to_sale_ratio": null,
            "price_fair": 0,
            "eps_avg_yearly": 0,
            "eps_latest_yearly": 0,
            "eps_growth_yearly": 0
        },
        "20062": {
            "year_quarter": 20062,
            "year": 2006,
            "quarter": 2,
            "eps": null,
            "eps_growth_year": null,
            "eps_4q": null,
            "eps_4q_growth_year": null,
            "roe": null,
            "roe_4q": 0,
            "gross_profit": null,
            "gross_margin": null,
            "gross_margin_4q_avg": 0,
            "net_income": null,
            "revenue": null,
            "common_shares": null,
            "book_valuer_per_share": null,
            "book_valuer_per_share_4q_avg": 3.09,
            "equity": null,
            "current_ratio": null,
            "debt_ratio": null,
            "inventory_turnover_ratio": null,
            "account_receivable_turnover_ratio": null,
            "reinvestment_rate": null,
            "research_to_sale_ratio": null,
            "price_fair": 0,
            "eps_avg_yearly": 0,
            "eps_latest_yearly": 0,
            "eps_growth_yearly": 0
        },
        "20063": {
            "year_quarter": 20063,
            "year": 2006,
            "quarter": 3,
            "eps": null,
            "eps_growth_year": null,
            "eps_4q": null,
            "eps_4q_growth_year": null,
            "roe": null,
            "roe_4q": 0,
            "gross_profit": null,
            "gross_margin": null,
            "gross_margin_4q_avg": 0,
            "net_income": null,
            "revenue": null,
            "common_shares": null,
            "book_valuer_per_share": null,
            "book_valuer_per_share_4q_avg": 3.09,
            "equity": null,
            "current_ratio": null,
            "debt_ratio": null,
            "inventory_turnover_ratio": null,
            "account_receivable_turnover_ratio": null,
            "reinvestment_rate": null,
            "research_to_sale_ratio": null,
            "price_fair": 0,
            "eps_avg_yearly": 0,
            "eps_latest_yearly": 0,
            "eps_growth_yearly": 0
        },
        "20064": {
            "year_quarter": 20064,
            "year": 2006,
            "quarter": 4,
            "eps": null,
            "eps_growth_year": null,
            "eps_4q": null,
            "eps_4q_growth_year": null,
            "roe": null,
            "roe_4q": 0,
            "gross_profit": null,
            "gross_margin": null,
            "gross_margin_4q_avg": 0,
            "net_income": null,
            "revenue": null,
            "common_shares": 900000,
            "book_valuer_per_share": 16.59,
            "book_valuer_per_share_4q_avg": 4.15,
            "equity": 1493315,
            "current_ratio": 114.72,
            "debt_ratio": 71.65,
            "inventory_turnover_ratio": null,
            "account_receivable_turnover_ratio": null,
            "reinvestment_rate": null,
            "research_to_sale_ratio": null,
            "price_fair": 0,
            "eps_avg_yearly": 0,
            "eps_latest_yearly": 0,
            "eps_growth_yearly": 0
        },
        "20071": {
            "year_quarter": 20071,
            "year": 2007,
            "quarter": 1,
            "eps": null,
            "eps_growth_year": null,
            "eps_4q": null,
            "eps_4q_growth_year": null,
            "roe": null,
            "roe_4q": 0,
            "gross_profit": null,
            "gross_margin": null,
            "gross_margin_4q_avg": 0,
            "net_income": null,
            "revenue": null,
            "common_shares": null,
            "book_valuer_per_share": null,
            "book_valuer_per_share_4q_avg": 4.15,
            "equity": null,
            "current_ratio": null,
            "debt_ratio": null,
            "inventory_turnover_ratio": null,
            "account_receivable_turnover_ratio": null,
            "reinvestment_rate": null,
            "research_to_sale_ratio": null,
            "price_fair": 0,
            "eps_avg_yearly": 0,
            "eps_latest_yearly": 0,
            "eps_growth_yearly": 0
        },
        "20072": {
            "year_quarter": 20072,
            "year": 2007,
            "quarter": 2,
            "eps": null,
            "eps_growth_year": null,
            "eps_4q": null,
            "eps_4q_growth_year": null,
            "roe": null,
            "roe_4q": 0,
            "gross_profit": null,
            "gross_margin": null,
            "gross_margin_4q_avg": 0,
            "net_income": null,
            "revenue": null,
            "common_shares": null,
            "book_valuer_per_share": null,
            "book_valuer_per_share_4q_avg": 4.15,
            "equity": null,
            "current_ratio": null,
            "debt_ratio": null,
            "inventory_turnover_ratio": null,
            "account_receivable_turnover_ratio": null,
            "reinvestment_rate": null,
            "research_to_sale_ratio": null,
            "price_fair": 0,
            "eps_avg_yearly": 0,
            "eps_latest_yearly": 0,
            "eps_growth_yearly": 0
        },
        "20073": {
            "year_quarter": 20073,
            "year": 2007,
            "quarter": 3,
            "eps": null,
            "eps_growth_year": null,
            "eps_4q": null,
            "eps_4q_growth_year": null,
            "roe": null,
            "roe_4q": 0,
            "gross_profit": null,
            "gross_margin": null,
            "gross_margin_4q_avg": 0,
            "net_income": null,
            "revenue": null,
            "common_shares": null,
            "book_valuer_per_share": null,
            "book_valuer_per_share_4q_avg": 4.15,
            "equity": null,
            "current_ratio": null,
            "debt_ratio": null,
            "inventory_turnover_ratio": null,
            "account_receivable_turnover_ratio": null,
            "reinvestment_rate": null,
            "research_to_sale_ratio": null,
            "price_fair": 0,
            "eps_avg_yearly": 0,
            "eps_latest_yearly": 0,
            "eps_growth_yearly": 0
        },
        "20074": {
            "year_quarter": 20074,
            "year": 2007,
            "quarter": 4,
            "eps": null,
            "eps_growth_year": null,
            "eps_4q": null,
            "eps_4q_growth_year": null,
            "roe": null,
            "roe_4q": 0,
            "gross_profit": null,
            "gross_margin": null,
            "gross_margin_4q_avg": 0,
            "net_income": null,
            "revenue": null,
            "common_shares": 1057500,
            "book_valuer_per_share": 19.17,
            "book_valuer_per_share_4q_avg": 4.79,
            "equity": 2027049,
            "current_ratio": 117.49,
            "debt_ratio": 70.81,
            "inventory_turnover_ratio": null,
            "account_receivable_turnover_ratio": null,
            "reinvestment_rate": null,
            "research_to_sale_ratio": null,
            "price_fair": 0,
            "eps_avg_yearly": 0,
            "eps_latest_yearly": 0,
            "eps_growth_yearly": 0
        },
        "20081": {
            "year_quarter": 20081,
            "year": 2008,
            "quarter": 1,
            "eps": null,
            "eps_growth_year": null,
            "eps_4q": null,
            "eps_4q_growth_year": null,
            "roe": null,
            "roe_4q": 0,
            "gross_profit": null,
            "gross_margin": null,
            "gross_margin_4q_avg": 0,
            "net_income": null,
            "revenue": null,
            "common_shares": null,
            "book_valuer_per_share": null,
            "book_valuer_per_share_4q_avg": 4.79,
            "equity": null,
            "current_ratio": null,
            "debt_ratio": null,
            "inventory_turnover_ratio": null,
            "account_receivable_turnover_ratio": null,
            "reinvestment_rate": null,
            "research_to_sale_ratio": null,
            "price_fair": 0,
            "eps_avg_yearly": 0,
            "eps_latest_yearly": 0,
            "eps_growth_yearly": 0
        },
        "20082": {
            "year_quarter": 20082,
            "year": 2008,
            "quarter": 2,
            "eps": null,
            "eps_growth_year": null,
            "eps_4q": null,
            "eps_4q_growth_year": null,
            "roe": null,
            "roe_4q": 0,
            "gross_profit": null,
            "gross_margin": null,
            "gross_margin_4q_avg": 0,
            "net_income": null,
            "revenue": null,
            "common_shares": null,
            "book_valuer_per_share": null,
            "book_valuer_per_share_4q_avg": 4.79,
            "equity": null,
            "current_ratio": null,
            "debt_ratio": null,
            "inventory_turnover_ratio": null,
            "account_receivable_turnover_ratio": null,
            "reinvestment_rate": null,
            "research_to_sale_ratio": null,
            "price_fair": 0,
            "eps_avg_yearly": 0,
            "eps_latest_yearly": 0,
            "eps_growth_yearly": 0
        },
        "20083": {
            "year_quarter": 20083,
            "year": 2008,
            "quarter": 3,
            "eps": 1.48,
            "eps_growth_year": null,
            "eps_4q": null,
            "eps_4q_growth_year": null,
            "roe": 4.63,
            "roe_4q": 4.63,
            "gross_profit": 453109,
            "gross_margin": 14.67,
            "gross_margin_4q_avg": 3.67,
            "net_income": 175355,
            "revenue": 3089290,
            "common_shares": 1401175,
            "book_valuer_per_share": 20.31,
            "book_valuer_per_share_4q_avg": 9.87,
            "equity": 3785138,
            "current_ratio": 104.48,
            "debt_ratio": 68.93,
            "inventory_turnover_ratio": 3.22,
            "account_receivable_turnover_ratio": null,
            "reinvestment_rate": null,
            "research_to_sale_ratio": null,
            "price_fair": 0,
            "eps_avg_yearly": 0,
            "eps_latest_yearly": 0,
            "eps_growth_yearly": 0
        },
        "20084": {
            "year_quarter": 20084,
            "year": 2008,
            "quarter": 4,
            "eps": 0.75,
            "eps_growth_year": null,
            "eps_4q": null,
            "eps_4q_growth_year": null,
            "roe": 0.95,
            "roe_4q": 5.58,
            "gross_profit": 288380,
            "gross_margin": 13.11,
            "gross_margin_4q_avg": 6.95,
            "net_income": 35256,
            "revenue": 2199304,
            "common_shares": 1409675,
            "book_valuer_per_share": 20.98,
            "book_valuer_per_share_4q_avg": 10.32,
            "equity": 3664495,
            "current_ratio": 107.08,
            "debt_ratio": 66.94,
            "inventory_turnover_ratio": 2.73,
            "account_receivable_turnover_ratio": 1.42,
            "reinvestment_rate": null,
            "research_to_sale_ratio": null,
            "price_fair": 9,
            "eps_avg_yearly": 3,
            "eps_latest_yearly": 3,
            "eps_growth_yearly": -197.3
        },
        "20091": {
            "year_quarter": 20091,
            "year": 2009,
            "quarter": 1,
            "eps": 1.26,
            "eps_growth_year": null,
            "eps_4q": null,
            "eps_4q_growth_year": null,
            "roe": 4.9,
            "roe_4q": 10.48,
            "gross_profit": 467360,
            "gross_margin": 19.88,
            "gross_margin_4q_avg": 11.92,
            "net_income": 185622,
            "revenue": 2350512,
            "common_shares": 1409675,
            "book_valuer_per_share": 22.66,
            "book_valuer_per_share_4q_avg": 15.99,
            "equity": 3916928,
            "current_ratio": 111.56,
            "debt_ratio": 65.77,
            "inventory_turnover_ratio": 2.68,
            "account_receivable_turnover_ratio": 0.78,
            "reinvestment_rate": null,
            "research_to_sale_ratio": null,
            "price_fair": 140.7,
            "eps_avg_yearly": 4.02,
            "eps_latest_yearly": 5.04,
            "eps_growth_yearly": 37.35
        },
        "20092": {
            "year_quarter": 20092,
            "year": 2009,
            "quarter": 2,
            "eps": 0.83,
            "eps_growth_year": null,
            "eps_4q": 2.71,
            "eps_4q_growth_year": null,
            "roe": 4.75,
            "roe_4q": 15.23,
            "gross_profit": 486011,
            "gross_margin": 16.56,
            "gross_margin_4q_avg": 16.06,
            "net_income": 188354,
            "revenue": 2934536,
            "common_shares": 1427225,
            "book_valuer_per_share": 22.73,
            "book_valuer_per_share_4q_avg": 21.67,
            "equity": 4019142,
            "current_ratio": 114.56,
            "debt_ratio": 66.75,
            "inventory_turnover_ratio": 2.88,
            "account_receivable_turnover_ratio": 0.9,
            "reinvestment_rate": null,
            "research_to_sale_ratio": null,
            "price_fair": 11.36,
            "eps_avg_yearly": 3.79,
            "eps_latest_yearly": 3.32,
            "eps_growth_yearly": -20.6
        },
        "20093": {
            "year_quarter": 20093,
            "year": 2009,
            "quarter": 3,
            "eps": 1.89,
            "eps_growth_year": 27.7,
            "eps_4q": 3.35,
            "eps_4q_growth_year": null,
            "roe": 9.75,
            "roe_4q": 20.349999999999998,
            "gross_profit": 842217,
            "gross_margin": 23.27,
            "gross_margin_4q_avg": 18.21,
            "net_income": 408207,
            "revenue": 3620072,
            "common_shares": 1662508,
            "book_valuer_per_share": 21.01,
            "book_valuer_per_share_4q_avg": 21.85,
            "equity": 4356420,
            "current_ratio": 117.62,
            "debt_ratio": 65.39,
            "inventory_turnover_ratio": 2.99,
            "account_receivable_turnover_ratio": 0.9,
            "reinvestment_rate": null,
            "research_to_sale_ratio": null,
            "price_fair": 165.55,
            "eps_avg_yearly": 4.73,
            "eps_latest_yearly": 7.56,
            "eps_growth_yearly": 112.26
        },
        "20094": {
            "year_quarter": 20094,
            "year": 2009,
            "quarter": 4,
            "eps": 2.15,
            "eps_growth_year": 186.67,
            "eps_4q": 5.02,
            "eps_4q_growth_year": null,
            "roe": 8.61,
            "roe_4q": 28.009999999999998,
            "gross_profit": 774362,
            "gross_margin": 22.29,
            "gross_margin_4q_avg": 20.5,
            "net_income": 426165,
            "revenue": 3473732,
            "common_shares": 1942548,
            "book_valuer_per_share": 23.8,
            "book_valuer_per_share_4q_avg": 22.55,
            "equity": 5546399,
            "current_ratio": 145.48,
            "debt_ratio": 59.39,
            "inventory_turnover_ratio": 2.98,
            "account_receivable_turnover_ratio": 1.54,
            "reinvestment_rate": null,
            "research_to_sale_ratio": null,
            "price_fair": 192.64,
            "eps_avg_yearly": 5.5,
            "eps_latest_yearly": 8.6,
            "eps_growth_yearly": 100.81
        },
        "20101": {
            "year_quarter": 20101,
            "year": 2010,
            "quarter": 1,
            "eps": 1.64,
            "eps_growth_year": 30.16,
            "eps_4q": 5.74,
            "eps_4q_growth_year": null,
            "roe": 6.93,
            "roe_4q": 30.04,
            "gross_profit": 763754,
            "gross_margin": 21.46,
            "gross_margin_4q_avg": 20.9,
            "net_income": 397118,
            "revenue": 3558852,
            "common_shares": 1942548,
            "book_valuer_per_share": 25.32,
            "book_valuer_per_share_4q_avg": 23.22,
            "equity": 5916754,
            "current_ratio": 154.8,
            "debt_ratio": 59.76,
            "inventory_turnover_ratio": 3.11,
            "account_receivable_turnover_ratio": 0.78,
            "reinvestment_rate": null,
            "research_to_sale_ratio": 0.2,
            "price_fair": 198.8,
            "eps_avg_yearly": 5.68,
            "eps_latest_yearly": 6.56,
            "eps_growth_yearly": 68.2
        },
        "20102": {
            "year_quarter": 20102,
            "year": 2010,
            "quarter": 2,
            "eps": 1.43,
            "eps_growth_year": 72.74,
            "eps_4q": 6.02,
            "eps_4q_growth_year": 121.89,
            "roe": 6,
            "roe_4q": 31.29,
            "gross_profit": 722266,
            "gross_margin": 17.95,
            "gross_margin_4q_avg": 21.24,
            "net_income": 367525,
            "revenue": 4023990,
            "common_shares": 2136803,
            "book_valuer_per_share": 23.59,
            "book_valuer_per_share_4q_avg": 23.43,
            "equity": 6342534,
            "current_ratio": 145.73,
            "debt_ratio": 62.31,
            "inventory_turnover_ratio": 2.53,
            "account_receivable_turnover_ratio": 0.81,
            "reinvestment_rate": null,
            "research_to_sale_ratio": 0.17,
            "price_fair": 199,
            "eps_avg_yearly": 5.69,
            "eps_latest_yearly": 5.72,
            "eps_growth_yearly": 51.14
        },
        "20103": {
            "year_quarter": 20103,
            "year": 2010,
            "quarter": 3,
            "eps": 0.56,
            "eps_growth_year": -70.61,
            "eps_4q": 4.78,
            "eps_4q_growth_year": 42.45,
            "roe": 1.25,
            "roe_4q": 22.79,
            "gross_profit": 525134,
            "gross_margin": 12.84,
            "gross_margin_4q_avg": 18.64,
            "net_income": 87736,
            "revenue": 4088862,
            "common_shares": 2316803,
            "book_valuer_per_share": 25.66,
            "book_valuer_per_share_4q_avg": 24.59,
            "equity": 7646399,
            "current_ratio": 140.46,
            "debt_ratio": 60.68,
            "inventory_turnover_ratio": 2.24,
            "account_receivable_turnover_ratio": 0.78,
            "reinvestment_rate": null,
            "research_to_sale_ratio": 0.1,
            "price_fair": 127.83,
            "eps_avg_yearly": 5.26,
            "eps_latest_yearly": 2.24,
            "eps_growth_yearly": 14.33
        },
        "20104": {
            "year_quarter": 20104,
            "year": 2010,
            "quarter": 4,
            "eps": 0.27,
            "eps_growth_year": -87.41,
            "eps_4q": 3.52,
            "eps_4q_growth_year": -29.86,
            "roe": 0.43,
            "roe_4q": 14.61,
            "gross_profit": 428697,
            "gross_margin": 12.19,
            "gross_margin_4q_avg": 16.11,
            "net_income": 33227,
            "revenue": 3517847,
            "common_shares": 2316803,
            "book_valuer_per_share": 24.93,
            "book_valuer_per_share_4q_avg": 24.88,
            "equity": 7779242,
            "current_ratio": 138.98,
            "debt_ratio": 59.47,
            "inventory_turnover_ratio": 2.21,
            "account_receivable_turnover_ratio": 0.72,
            "reinvestment_rate": null,
            "research_to_sale_ratio": 0.09,
            "price_fair": 14.37,
            "eps_avg_yearly": 4.79,
            "eps_latest_yearly": 1.08,
            "eps_growth_yearly": -10.28
        },
        "20111": {
            "year_quarter": 20111,
            "year": 2011,
            "quarter": 1,
            "eps": 0.49,
            "eps_growth_year": -70.12,
            "eps_4q": 2.64,
            "eps_4q_growth_year": -54.01,
            "roe": 1.51,
            "roe_4q": 9.19,
            "gross_profit": 444129,
            "gross_margin": 11.82,
            "gross_margin_4q_avg": 13.7,
            "net_income": 119404,
            "revenue": 3756723,
            "common_shares": 2316803,
            "book_valuer_per_share": 25.67,
            "book_valuer_per_share_4q_avg": 24.96,
            "equity": 8010586,
            "current_ratio": 132.37,
            "debt_ratio": 60.79,
            "inventory_turnover_ratio": 2.5,
            "account_receivable_turnover_ratio": 0.77,
            "reinvestment_rate": null,
            "research_to_sale_ratio": 0.07,
            "price_fair": 150.29,
            "eps_avg_yearly": 4.51,
            "eps_latest_yearly": 1.96,
            "eps_growth_yearly": 23.34
        },
        "20112": {
            "year_quarter": 20112,
            "year": 2011,
            "quarter": 2,
            "eps": 0.47,
            "eps_growth_year": -67.55,
            "eps_4q": 1.76,
            "eps_4q_growth_year": -70.82,
            "roe": 1.29,
            "roe_4q": 4.48,
            "gross_profit": 552571,
            "gross_margin": 14.31,
            "gross_margin_4q_avg": 12.79,
            "net_income": 100392,
            "revenue": 3861620,
            "common_shares": 2316803,
            "book_valuer_per_share": 24.07,
            "book_valuer_per_share_4q_avg": 25.08,
            "equity": 7524020,
            "current_ratio": 126.93,
            "debt_ratio": 65.24,
            "inventory_turnover_ratio": 2.32,
            "account_receivable_turnover_ratio": 0.76,
            "reinvestment_rate": null,
            "research_to_sale_ratio": 0.08,
            "price_fair": 126.93,
            "eps_avg_yearly": 4.27,
            "eps_latest_yearly": 1.88,
            "eps_growth_yearly": 19.73
        },
        "20113": {
            "year_quarter": 20113,
            "year": 2011,
            "quarter": 3,
            "eps": 0.73,
            "eps_growth_year": 31.57,
            "eps_4q": 1.94,
            "eps_4q_growth_year": -59.31,
            "roe": 2.26,
            "roe_4q": 5.489999999999999,
            "gross_profit": 486543,
            "gross_margin": 11.12,
            "gross_margin_4q_avg": 12.36,
            "net_income": 175922,
            "revenue": 4377149,
            "common_shares": 2316803,
            "book_valuer_per_share": 26.45,
            "book_valuer_per_share_4q_avg": 25.28,
            "equity": 8025369,
            "current_ratio": 114.57,
            "debt_ratio": 67.08,
            "inventory_turnover_ratio": 2.51,
            "account_receivable_turnover_ratio": 0.78,
            "reinvestment_rate": null,
            "research_to_sale_ratio": 0.12,
            "price_fair": 145.48,
            "eps_avg_yearly": 4.16,
            "eps_latest_yearly": 2.92,
            "eps_growth_yearly": 36.53
        },
        "20114": {
            "year_quarter": 20114,
            "year": 2011,
            "quarter": 4,
            "eps": 1.12,
            "eps_growth_year": 312.16,
            "eps_4q": 2.79,
            "eps_4q_growth_year": -20.64,
            "roe": 3.45,
            "roe_4q": 8.51,
            "gross_profit": 732533,
            "gross_margin": 15.59,
            "gross_margin_4q_avg": 13.21,
            "net_income": 281128,
            "revenue": 4698973,
            "common_shares": 2363139,
            "book_valuer_per_share": 26.97,
            "book_valuer_per_share_4q_avg": 25.79,
            "equity": 8293098,
            "current_ratio": 103.28,
            "debt_ratio": 67.56,
            "inventory_turnover_ratio": 2.48,
            "account_receivable_turnover_ratio": 0.76,
            "reinvestment_rate": null,
            "research_to_sale_ratio": 0.13,
            "price_fair": 146.35,
            "eps_avg_yearly": 4.18,
            "eps_latest_yearly": 4.48,
            "eps_growth_yearly": 50.16
        },
        "20121": {
            "year_quarter": 20121,
            "year": 2012,
            "quarter": 1,
            "eps": 1.3,
            "eps_growth_year": 165.31,
            "eps_4q": 3.65,
            "eps_4q_growth_year": 38.22,
            "roe": 4.55,
            "roe_4q": 11.55,
            "gross_profit": 940763,
            "gross_margin": 18.43,
            "gross_margin_4q_avg": 14.86,
            "net_income": 380455,
            "revenue": 5104139,
            "common_shares": 2363139,
            "book_valuer_per_share": 27.82,
            "book_valuer_per_share_4q_avg": 26.33,
            "equity": 8434311,
            "current_ratio": 103.14,
            "debt_ratio": 68.19,
            "inventory_turnover_ratio": 2.55,
            "account_receivable_turnover_ratio": 0.79,
            "reinvestment_rate": null,
            "research_to_sale_ratio": 0.03,
            "price_fair": 148.9,
            "eps_avg_yearly": 4.25,
            "eps_latest_yearly": 5.2,
            "eps_growth_yearly": 51.17
        },
        "20122": {
            "year_quarter": 20122,
            "year": 2012,
            "quarter": 2,
            "eps": 1.54,
            "eps_growth_year": 230.84,
            "eps_4q": 4.72,
            "eps_4q_growth_year": 168.34,
            "roe": 5.24,
            "roe_4q": 15.499999999999998,
            "gross_profit": 1006747,
            "gross_margin": 17.98,
            "gross_margin_4q_avg": 15.78,
            "net_income": 450195,
            "revenue": 5599792,
            "common_shares": 2363139,
            "book_valuer_per_share": 28.81,
            "book_valuer_per_share_4q_avg": 27.51,
            "equity": 8760736,
            "current_ratio": 104.59,
            "debt_ratio": 67.76,
            "inventory_turnover_ratio": 2.73,
            "account_receivable_turnover_ratio": 0.79,
            "reinvestment_rate": 518.68,
            "research_to_sale_ratio": 0.02,
            "price_fair": 153.35,
            "eps_avg_yearly": 4.38,
            "eps_latest_yearly": 6.16,
            "eps_growth_yearly": 52.68
        },
        "20123": {
            "year_quarter": 20123,
            "year": 2012,
            "quarter": 3,
            "eps": 1.91,
            "eps_growth_year": 161.66,
            "eps_4q": 5.65,
            "eps_4q_growth_year": 190.42,
            "roe": 6.13,
            "roe_4q": 19.37,
            "gross_profit": 1220928,
            "gross_margin": 20.6,
            "gross_margin_4q_avg": 18.15,
            "net_income": 572927,
            "revenue": 5928209,
            "common_shares": 2513139,
            "book_valuer_per_share": 30.52,
            "book_valuer_per_share_4q_avg": 28.53,
            "equity": 9929648,
            "current_ratio": 109.32,
            "debt_ratio": 64.78,
            "inventory_turnover_ratio": 2.71,
            "account_receivable_turnover_ratio": 0.79,
            "reinvestment_rate": 369.72,
            "research_to_sale_ratio": 0.02,
            "price_fair": 160.48,
            "eps_avg_yearly": 4.59,
            "eps_latest_yearly": 7.64,
            "eps_growth_yearly": 55.39
        },
        "20124": {
            "year_quarter": 20124,
            "year": 2012,
            "quarter": 4,
            "eps": 1.47,
            "eps_growth_year": 32.17,
            "eps_4q": 6.05,
            "eps_4q_growth_year": 116.69,
            "roe": 4.48,
            "roe_4q": 20.4,
            "gross_profit": 1017892,
            "gross_margin": 18.77,
            "gross_margin_4q_avg": 18.95,
            "net_income": 455276,
            "revenue": 5424165,
            "common_shares": 2513139,
            "book_valuer_per_share": 31.98,
            "book_valuer_per_share_4q_avg": 29.78,
            "equity": 10377013,
            "current_ratio": 113.85,
            "debt_ratio": 64.63,
            "inventory_turnover_ratio": 2.64,
            "account_receivable_turnover_ratio": 0.72,
            "reinvestment_rate": 352.01,
            "research_to_sale_ratio": 0.02,
            "price_fair": 166.78,
            "eps_avg_yearly": 4.77,
            "eps_latest_yearly": 5.88,
            "eps_growth_yearly": 61.96
        },
        "20131": {
            "year_quarter": 20131,
            "year": 2013,
            "quarter": 1,
            "eps": 1.17,
            "eps_growth_year": -10,
            "eps_4q": 6.01,
            "eps_4q_growth_year": 64.59,
            "roe": 3.38,
            "roe_4q": 19.23,
            "gross_profit": 841598,
            "gross_margin": 17.26,
            "gross_margin_4q_avg": 18.65,
            "net_income": 361003,
            "revenue": 4876692,
            "common_shares": 2513139,
            "book_valuer_per_share": 34.07,
            "book_valuer_per_share_4q_avg": 31.35,
            "equity": 11011881,
            "current_ratio": 118.61,
            "debt_ratio": 63.77,
            "inventory_turnover_ratio": 2.51,
            "account_receivable_turnover_ratio": 0.7,
            "reinvestment_rate": 143.4,
            "research_to_sale_ratio": 0,
            "price_fair": 165.99,
            "eps_avg_yearly": 4.74,
            "eps_latest_yearly": 4.68,
            "eps_growth_yearly": 39.86
        },
        "20132": {
            "year_quarter": 20132,
            "year": 2013,
            "quarter": 2,
            "eps": 0.93,
            "eps_growth_year": -39.59,
            "eps_4q": 5.49,
            "eps_4q_growth_year": 16.48,
            "roe": 3.74,
            "roe_4q": 17.73,
            "gross_profit": 835293,
            "gross_margin": 16.69,
            "gross_margin_4q_avg": 18.33,
            "net_income": 404336,
            "revenue": 5003436,
            "common_shares": 2513139,
            "book_valuer_per_share": 32.56,
            "book_valuer_per_share_4q_avg": 32.28,
            "equity": 10624044,
            "current_ratio": 114.87,
            "debt_ratio": 65.05,
            "inventory_turnover_ratio": 2.48,
            "account_receivable_turnover_ratio": 0.77,
            "reinvestment_rate": 147.67,
            "research_to_sale_ratio": 0,
            "price_fair": 166.86,
            "eps_avg_yearly": 4.77,
            "eps_latest_yearly": 3.72,
            "eps_growth_yearly": 43.27
        },
        "20133": {
            "year_quarter": 20133,
            "year": 2013,
            "quarter": 3,
            "eps": 1.16,
            "eps_growth_year": -39.34,
            "eps_4q": 4.35,
            "eps_4q_growth_year": -22.94,
            "roe": 3.16,
            "roe_4q": 14.760000000000002,
            "gross_profit": 940869,
            "gross_margin": 16.92,
            "gross_margin_4q_avg": 17.41,
            "net_income": 352284,
            "revenue": 5559183,
            "common_shares": 2750139,
            "book_valuer_per_share": 33.36,
            "book_valuer_per_share_4q_avg": 32.99,
            "equity": 11652687,
            "current_ratio": 122.37,
            "debt_ratio": 61.13,
            "inventory_turnover_ratio": 2.9,
            "account_receivable_turnover_ratio": 0.81,
            "reinvestment_rate": 148.16,
            "research_to_sale_ratio": 0,
            "price_fair": 126.18,
            "eps_avg_yearly": 4.59,
            "eps_latest_yearly": 4.64,
            "eps_growth_yearly": 17.52
        },
        "20134": {
            "year_quarter": 20134,
            "year": 2013,
            "quarter": 4,
            "eps": 1.23,
            "eps_growth_year": -16.37,
            "eps_4q": 4.24,
            "eps_4q_growth_year": -30.01,
            "roe": 3.46,
            "roe_4q": 13.739999999999998,
            "gross_profit": 950167,
            "gross_margin": 17.28,
            "gross_margin_4q_avg": 17.04,
            "net_income": 413435,
            "revenue": 5497174,
            "common_shares": 2750139,
            "book_valuer_per_share": 35.13,
            "book_valuer_per_share_4q_avg": 33.78,
            "equity": 12249756,
            "current_ratio": 120.37,
            "debt_ratio": 59.31,
            "inventory_turnover_ratio": 3,
            "account_receivable_turnover_ratio": 0.78,
            "reinvestment_rate": 68.9,
            "research_to_sale_ratio": 0,
            "price_fair": 111.44,
            "eps_avg_yearly": 4.36,
            "eps_latest_yearly": 4.92,
            "eps_growth_yearly": 15.59
        },
        "20141": {
            "year_quarter": 20141,
            "year": 2014,
            "quarter": 1,
            "eps": 1.13,
            "eps_growth_year": -3.42,
            "eps_4q": 4.29,
            "eps_4q_growth_year": -28.56,
            "roe": 2.89,
            "roe_4q": 13.25,
            "gross_profit": 906199,
            "gross_margin": 16.6,
            "gross_margin_4q_avg": 16.87,
            "net_income": 358427,
            "revenue": 5458823,
            "common_shares": 2750139,
            "book_valuer_per_share": 36.16,
            "book_valuer_per_share_4q_avg": 34.3,
            "equity": 12576913,
            "current_ratio": 116.39,
            "debt_ratio": 59.19,
            "inventory_turnover_ratio": 2.95,
            "account_receivable_turnover_ratio": 0.77,
            "reinvestment_rate": 66.37,
            "research_to_sale_ratio": null,
            "price_fair": 124.66,
            "eps_avg_yearly": 4.23,
            "eps_latest_yearly": 4.52,
            "eps_growth_yearly": 19.49
        },
        "20142": {
            "year_quarter": 20142,
            "year": 2014,
            "quarter": 2,
            "eps": 1.43,
            "eps_growth_year": 53.76,
            "eps_4q": 4.87,
            "eps_4q_growth_year": -11.27,
            "roe": 3.74,
            "roe_4q": 13.25,
            "gross_profit": 1122931,
            "gross_margin": 18.84,
            "gross_margin_4q_avg": 17.41,
            "net_income": 455739,
            "revenue": 5961480,
            "common_shares": 2750139,
            "book_valuer_per_share": 33.99,
            "book_valuer_per_share_4q_avg": 34.66,
            "equity": 11796525,
            "current_ratio": 109.58,
            "debt_ratio": 61.32,
            "inventory_turnover_ratio": 3.14,
            "account_receivable_turnover_ratio": 0.81,
            "reinvestment_rate": 57.19,
            "research_to_sale_ratio": null,
            "price_fair": 147.96,
            "eps_avg_yearly": 4.23,
            "eps_latest_yearly": 5.72,
            "eps_growth_yearly": 29.33
        },
        "20143": {
            "year_quarter": 20143,
            "year": 2014,
            "quarter": 3,
            "eps": 1.89,
            "eps_growth_year": 62.93,
            "eps_4q": 5.69,
            "eps_4q_growth_year": 30.69,
            "roe": 4.81,
            "roe_4q": 14.900000000000002,
            "gross_profit": 1276328,
            "gross_margin": 19.98,
            "gross_margin_4q_avg": 18.18,
            "net_income": 587953,
            "revenue": 6387629,
            "common_shares": 2750139,
            "book_valuer_per_share": 36.71,
            "book_valuer_per_share_4q_avg": 35.5,
            "equity": 12664236,
            "current_ratio": 113.84,
            "debt_ratio": 58.66,
            "inventory_turnover_ratio": 3.02,
            "account_receivable_turnover_ratio": 0.8,
            "reinvestment_rate": -2.79,
            "research_to_sale_ratio": null,
            "price_fair": 159.6,
            "eps_avg_yearly": 4.56,
            "eps_latest_yearly": 7.56,
            "eps_growth_yearly": 52.58
        },
        "20144": {
            "year_quarter": 20144,
            "year": 2014,
            "quarter": 4,
            "eps": 1.37,
            "eps_growth_year": 11.05,
            "eps_4q": 5.82,
            "eps_4q_growth_year": 37.37,
            "roe": 3.3,
            "roe_4q": 14.74,
            "gross_profit": 1070321,
            "gross_margin": 17.66,
            "gross_margin_4q_avg": 18.27,
            "net_income": 431476,
            "revenue": 6060652,
            "common_shares": 2750139,
            "book_valuer_per_share": 39.2,
            "book_valuer_per_share_4q_avg": 36.52,
            "equity": 13471617,
            "current_ratio": 119.39,
            "debt_ratio": 57.93,
            "inventory_turnover_ratio": 2.66,
            "account_receivable_turnover_ratio": 0.73,
            "reinvestment_rate": 96.26,
            "research_to_sale_ratio": null,
            "price_fair": 169.23,
            "eps_avg_yearly": 4.84,
            "eps_latest_yearly": 5.48,
            "eps_growth_yearly": 58.65
        },
        "20151": {
            "year_quarter": 20151,
            "year": 2015,
            "quarter": 1,
            "eps": 1.2,
            "eps_growth_year": 6.19,
            "eps_4q": 5.9,
            "eps_4q_growth_year": 37.5,
            "roe": 2.61,
            "roe_4q": 14.459999999999999,
            "gross_profit": 838779,
            "gross_margin": 14.84,
            "gross_margin_4q_avg": 17.83,
            "net_income": 355092,
            "revenue": 5653711,
            "common_shares": 2712429,
            "book_valuer_per_share": 40.07,
            "book_valuer_per_share_4q_avg": 37.49,
            "equity": 13711802,
            "current_ratio": 126.89,
            "debt_ratio": 56.75,
            "inventory_turnover_ratio": 2.69,
            "account_receivable_turnover_ratio": 0.73,
            "reinvestment_rate": 86.84,
            "research_to_sale_ratio": null,
            "price_fair": 175.44,
            "eps_avg_yearly": 5.01,
            "eps_latest_yearly": 4.8,
            "eps_growth_yearly": 35.17
        },
        "20152": {
            "year_quarter": 20152,
            "year": 2015,
            "quarter": 2,
            "eps": 0.86,
            "eps_growth_year": -39.86,
            "eps_4q": 5.33,
            "eps_4q_growth_year": 9.31,
            "roe": 2.01,
            "roe_4q": 12.729999999999999,
            "gross_profit": 807984,
            "gross_margin": 15.51,
            "gross_margin_4q_avg": 17,
            "net_income": 266023,
            "revenue": 5210470,
            "common_shares": 2712429,
            "book_valuer_per_share": 36.92,
            "book_valuer_per_share_4q_avg": 38.23,
            "equity": 12734097,
            "current_ratio": 116.53,
            "debt_ratio": 58.16,
            "inventory_turnover_ratio": 2.64,
            "account_receivable_turnover_ratio": 0.75,
            "reinvestment_rate": -36.2,
            "research_to_sale_ratio": null,
            "price_fair": 178.85,
            "eps_avg_yearly": 5.11,
            "eps_latest_yearly": 3.44,
            "eps_growth_yearly": 29.11
        },
        "20153": {
            "year_quarter": 20153,
            "year": 2015,
            "quarter": 3,
            "eps": 1.1,
            "eps_growth_year": -41.8,
            "eps_4q": 4.53,
            "eps_4q_growth_year": -20.25,
            "roe": 2.57,
            "roe_4q": 10.489999999999998,
            "gross_profit": 984620,
            "gross_margin": 16.43,
            "gross_margin_4q_avg": 16.11,
            "net_income": 337655,
            "revenue": 5991489,
            "common_shares": 2712429,
            "book_valuer_per_share": 39.54,
            "book_valuer_per_share_4q_avg": 38.93,
            "equity": 13582039,
            "current_ratio": 121.49,
            "debt_ratio": 54.82,
            "inventory_turnover_ratio": 2.95,
            "account_receivable_turnover_ratio": 0.85,
            "reinvestment_rate": 43.12,
            "research_to_sale_ratio": null,
            "price_fair": 167.82,
            "eps_avg_yearly": 5.2,
            "eps_latest_yearly": 4.4,
            "eps_growth_yearly": 22.26
        },
        "20154": {
            "year_quarter": 20154,
            "year": 2015,
            "quarter": 4,
            "eps": 0.85,
            "eps_growth_year": -37.91,
            "eps_4q": 4.02,
            "eps_4q_growth_year": -31.03,
            "roe": 1.95,
            "roe_4q": 9.139999999999999,
            "gross_profit": 883450,
            "gross_margin": 15.79,
            "gross_margin_4q_avg": 15.64,
            "net_income": 263619,
            "revenue": 5594575,
            "common_shares": 2712429,
            "book_valuer_per_share": 39.06,
            "book_valuer_per_share_4q_avg": 38.9,
            "equity": 13457797,
            "current_ratio": 124.93,
            "debt_ratio": 54.12,
            "inventory_turnover_ratio": 2.7,
            "account_receivable_turnover_ratio": 0.75,
            "reinvestment_rate": -113.85,
            "research_to_sale_ratio": null,
            "price_fair": 67.88,
            "eps_avg_yearly": 5.14,
            "eps_latest_yearly": 3.4,
            "eps_growth_yearly": 3.22
        },
        "20161": {
            "year_quarter": 20161,
            "year": 2016,
            "quarter": 1,
            "eps": 0.66,
            "eps_growth_year": -45,
            "eps_4q": 3.47,
            "eps_4q_growth_year": -41.22,
            "roe": 1.39,
            "roe_4q": 7.92,
            "gross_profit": 674949,
            "gross_margin": 13.31,
            "gross_margin_4q_avg": 15.26,
            "net_income": 188386,
            "revenue": 5070731,
            "common_shares": 2712429,
            "book_valuer_per_share": 39.53,
            "book_valuer_per_share_4q_avg": 38.76,
            "equity": 13581224,
            "current_ratio": 130.75,
            "debt_ratio": 51.63,
            "inventory_turnover_ratio": 2.6,
            "account_receivable_turnover_ratio": 0.74,
            "reinvestment_rate": -120.27,
            "research_to_sale_ratio": null,
            "price_fair": 14.93,
            "eps_avg_yearly": 4.98,
            "eps_latest_yearly": 2.64,
            "eps_growth_yearly": -6.39
        },
        "20162": {
            "year_quarter": 20162,
            "year": 2016,
            "quarter": 2,
            "eps": 0.4,
            "eps_growth_year": -53.49,
            "eps_4q": 3.01,
            "eps_4q_growth_year": -43.5,
            "roe": 1.05,
            "roe_4q": 6.959999999999999,
            "gross_profit": 687706,
            "gross_margin": 13.12,
            "gross_margin_4q_avg": 14.66,
            "net_income": 138548,
            "revenue": 5240546,
            "common_shares": 2712429,
            "book_valuer_per_share": 37.05,
            "book_valuer_per_share_4q_avg": 38.8,
            "equity": 12805272,
            "current_ratio": 128.24,
            "debt_ratio": 52.65,
            "inventory_turnover_ratio": 2.75,
            "account_receivable_turnover_ratio": 0.81,
            "reinvestment_rate": -149.49,
            "research_to_sale_ratio": null,
            "price_fair": 14.07,
            "eps_avg_yearly": 4.69,
            "eps_latest_yearly": 1.6,
            "eps_growth_yearly": -20.85
        },
        "20163": {
            "year_quarter": 20163,
            "year": 2016,
            "quarter": 3,
            "eps": 0.85,
            "eps_growth_year": -22.73,
            "eps_4q": 2.98,
            "eps_4q_growth_year": -34.29,
            "roe": 2.32,
            "roe_4q": 6.71,
            "gross_profit": 826248,
            "gross_margin": 14.03,
            "gross_margin_4q_avg": 14.06,
            "net_income": 288983,
            "revenue": 5891138,
            "common_shares": 2712429,
            "book_valuer_per_share": 37.08,
            "book_valuer_per_share_4q_avg": 38.18,
            "equity": 12067124,
            "current_ratio": 132.33,
            "debt_ratio": 56.15,
            "inventory_turnover_ratio": 2.72,
            "account_receivable_turnover_ratio": 0.85,
            "reinvestment_rate": -186.79,
            "research_to_sale_ratio": null,
            "price_fair": 49.86,
            "eps_avg_yearly": 4.43,
            "eps_latest_yearly": 3.4,
            "eps_growth_yearly": 1.27
        },
        "20164": {
            "year_quarter": 20164,
            "year": 2016,
            "quarter": 4,
            "eps": 1.19,
            "eps_growth_year": 40.24,
            "eps_4q": 3.3,
            "eps_4q_growth_year": -17.82,
            "roe": 2.91,
            "roe_4q": 7.67,
            "gross_profit": 857012,
            "gross_margin": 15.32,
            "gross_margin_4q_avg": 13.95,
            "net_income": 351090,
            "revenue": 5595877,
            "common_shares": 2712429,
            "book_valuer_per_share": 37.74,
            "book_valuer_per_share_4q_avg": 37.85,
            "equity": 12046954,
            "current_ratio": 137.74,
            "debt_ratio": 57.15,
            "inventory_turnover_ratio": 2.19,
            "account_receivable_turnover_ratio": 0.76,
            "reinvestment_rate": -212.92,
            "research_to_sale_ratio": null,
            "price_fair": 117.7,
            "eps_avg_yearly": 4.36,
            "eps_latest_yearly": 4.76,
            "eps_growth_yearly": 17.03
        },
        "20171": {
            "year_quarter": 20171,
            "year": 2017,
            "quarter": 1,
            "eps": 0.55,
            "eps_growth_year": -16.67,
            "eps_4q": 3.13,
            "eps_4q_growth_year": -9.82,
            "roe": 1.35,
            "roe_4q": 7.63,
            "gross_profit": 643452,
            "gross_margin": 12.58,
            "gross_margin_4q_avg": 13.76,
            "net_income": 159787,
            "revenue": 5115343,
            "common_shares": 2712429,
            "book_valuer_per_share": 36.5,
            "book_valuer_per_share_4q_avg": 37.09,
            "equity": 11655113,
            "current_ratio": 140.61,
            "debt_ratio": 55.25,
            "inventory_turnover_ratio": 1.98,
            "account_receivable_turnover_ratio": 0.72,
            "reinvestment_rate": -51.59,
            "research_to_sale_ratio": null,
            "price_fair": 78.47,
            "eps_avg_yearly": 4.2,
            "eps_latest_yearly": 2.2,
            "eps_growth_yearly": 8.68
        },
        "20172": {
            "year_quarter": 20172,
            "year": 2017,
            "quarter": 2,
            "eps": 0.69,
            "eps_growth_year": 72.5,
            "eps_4q": 3.37,
            "eps_4q_growth_year": 11.93,
            "roe": 1.62,
            "roe_4q": 8.200000000000001,
            "gross_profit": 765823,
            "gross_margin": 13.81,
            "gross_margin_4q_avg": 13.94,
            "net_income": 187901,
            "revenue": 5547051,
            "common_shares": 2712429,
            "book_valuer_per_share": 36.38,
            "book_valuer_per_share_4q_avg": 36.93,
            "equity": 11610449,
            "current_ratio": 141.97,
            "debt_ratio": 55.48,
            "inventory_turnover_ratio": 2.19,
            "account_receivable_turnover_ratio": 0.79,
            "reinvestment_rate": -59.35,
            "research_to_sale_ratio": null,
            "price_fair": 124.93,
            "eps_avg_yearly": 4.14,
            "eps_latest_yearly": 2.76,
            "eps_growth_yearly": 20.18
        },
        "20173": {
            "year_quarter": 20173,
            "year": 2017,
            "quarter": 3,
            "eps": 0.89,
            "eps_growth_year": 4.71,
            "eps_4q": 3.33,
            "eps_4q_growth_year": 11.65,
            "roe": 2.27,
            "roe_4q": 8.15,
            "gross_profit": 839494,
            "gross_margin": 13.54,
            "gross_margin_4q_avg": 13.81,
            "net_income": 268257,
            "revenue": 6199702,
            "common_shares": 2712429,
            "book_valuer_per_share": 37.85,
            "book_valuer_per_share_4q_avg": 37.12,
            "equity": 12051973,
            "current_ratio": 144.58,
            "debt_ratio": 54.55,
            "inventory_turnover_ratio": 2.55,
            "account_receivable_turnover_ratio": 0.83,
            "reinvestment_rate": -61.6,
            "research_to_sale_ratio": null,
            "price_fair": 127.22,
            "eps_avg_yearly": 4.07,
            "eps_latest_yearly": 3.56,
            "eps_growth_yearly": 21.24
        },
        "20174": {
            "year_quarter": 20174,
            "year": 2017,
            "quarter": 4,
            "eps": 0.69,
            "eps_growth_year": -41.95,
            "eps_4q": 2.83,
            "eps_4q_growth_year": -14.35,
            "roe": 1.64,
            "roe_4q": 6.880000000000001,
            "gross_profit": 695099,
            "gross_margin": 12.31,
            "gross_margin_4q_avg": 13.06,
            "net_income": 200026,
            "revenue": 5648023,
            "common_shares": 2712429,
            "book_valuer_per_share": 38.68,
            "book_valuer_per_share_4q_avg": 37.35,
            "equity": 12287231,
            "current_ratio": 148,
            "debt_ratio": 53.56,
            "inventory_turnover_ratio": 2.34,
            "account_receivable_turnover_ratio": 0.74,
            "reinvestment_rate": -70.34,
            "research_to_sale_ratio": null,
            "price_fair": 94.94,
            "eps_avg_yearly": 3.94,
            "eps_latest_yearly": 2.76,
            "eps_growth_yearly": 14.11
        },
        "20181": {
            "year_quarter": 20181,
            "year": 2018,
            "quarter": 1,
            "eps": 0.56,
            "eps_growth_year": 1.82,
            "eps_4q": 2.84,
            "eps_4q_growth_year": -9.33,
            "roe": 1.33,
            "roe_4q": 6.86,
            "gross_profit": 605639,
            "gross_margin": 11.43,
            "gross_margin_4q_avg": 12.77,
            "net_income": 166191,
            "revenue": 5297445,
            "common_shares": 2712429,
            "book_valuer_per_share": 39.96,
            "book_valuer_per_share_4q_avg": 38.22,
            "equity": 12670569,
            "current_ratio": 152.68,
            "debt_ratio": 52.27,
            "inventory_turnover_ratio": 2.12,
            "account_receivable_turnover_ratio": 0.72,
            "reinvestment_rate": -74.42,
            "research_to_sale_ratio": null,
            "price_fair": 81.35,
            "eps_avg_yearly": 3.8,
            "eps_latest_yearly": 2.24,
            "eps_growth_yearly": 11.44
        },
        "20182": {
            "year_quarter": 20182,
            "year": 2018,
            "quarter": 2,
            "eps": 0.74,
            "eps_growth_year": 7.25,
            "eps_4q": 2.92,
            "eps_4q_growth_year": -13.44,
            "roe": 1.76,
            "roe_4q": 7,
            "gross_profit": 709234,
            "gross_margin": 12.23,
            "gross_margin_4q_avg": 12.38,
            "net_income": 218137,
            "revenue": 5800747,
            "common_shares": 2712429,
            "book_valuer_per_share": 38.97,
            "book_valuer_per_share_4q_avg": 38.87,
            "equity": 12183787,
            "current_ratio": 151.66,
            "debt_ratio": 52.85,
            "inventory_turnover_ratio": 2.32,
            "account_receivable_turnover_ratio": 0.76,
            "reinvestment_rate": -88.11,
            "research_to_sale_ratio": null,
            "price_fair": 82.71,
            "eps_avg_yearly": 3.62,
            "eps_latest_yearly": 2.96,
            "eps_growth_yearly": 12.83
        },
        "20183": {
            "year_quarter": 20183,
            "year": 2018,
            "quarter": 3,
            "eps": 1.55,
            "eps_growth_year": 74.16,
            "eps_4q": 3.57,
            "eps_4q_growth_year": 7.27,
            "roe": 3.57,
            "roe_4q": 8.3,
            "gross_profit": 1093677,
            "gross_margin": 17.49,
            "gross_margin_4q_avg": 13.37,
            "net_income": 430842,
            "revenue": 6253436,
            "common_shares": 2712429,
            "book_valuer_per_share": 39.2,
            "book_valuer_per_share_4q_avg": 39.2,
            "equity": 11955466,
            "current_ratio": 149.28,
            "debt_ratio": 54.88,
            "inventory_turnover_ratio": 2.33,
            "account_receivable_turnover_ratio": 0.74,
            "reinvestment_rate": -102.75,
            "research_to_sale_ratio": null,
            "price_fair": 123.81,
            "eps_avg_yearly": 3.54,
            "eps_latest_yearly": 6.2,
            "eps_growth_yearly": 32.16
        },
        "20184": {
            "year_quarter": 20184,
            "year": 2018,
            "quarter": 4,
            "eps": 1.52,
            "eps_growth_year": 120.06,
            "eps_4q": 4.39,
            "eps_4q_growth_year": 55.46,
            "roe": 3.23,
            "roe_4q": 9.89,
            "gross_profit": 1018727,
            "gross_margin": 17.85,
            "gross_margin_4q_avg": 14.75,
            "net_income": 393920,
            "revenue": 5706024,
            "common_shares": 2712429,
            "book_valuer_per_share": 41.08,
            "book_valuer_per_share_4q_avg": 39.8,
            "equity": 12455462,
            "current_ratio": 149.43,
            "debt_ratio": 55.27,
            "inventory_turnover_ratio": 2.01,
            "account_receivable_turnover_ratio": 0.66,
            "reinvestment_rate": -82.41,
            "research_to_sale_ratio": null,
            "price_fair": 125.13,
            "eps_avg_yearly": 3.58,
            "eps_latest_yearly": 6.08,
            "eps_growth_yearly": 38.55
        },
        "20191": {
            "year_quarter": 20191,
            "year": 2019,
            "quarter": 1,
            "eps": 0.98,
            "eps_growth_year": 75,
            "eps_4q": 4.51,
            "eps_4q_growth_year": 58.94,
            "roe": 2.16,
            "roe_4q": 10.72,
            "gross_profit": 731925,
            "gross_margin": 14.15,
            "gross_margin_4q_avg": 15.43,
            "net_income": 266362,
            "revenue": 5172440,
            "common_shares": 2712429,
            "book_valuer_per_share": 44.57,
            "book_valuer_per_share_4q_avg": 40.96,
            "equity": 12188861,
            "current_ratio": 147.74,
            "debt_ratio": 58.41,
            "inventory_turnover_ratio": 1.91,
            "account_receivable_turnover_ratio": 0.63,
            "reinvestment_rate": -76.65,
            "research_to_sale_ratio": null,
            "price_fair": 123.2,
            "eps_avg_yearly": 3.52,
            "eps_latest_yearly": 3.92,
            "eps_growth_yearly": 32.77
        },
        "20192": {
            "year_quarter": 20192,
            "year": 2019,
            "quarter": 2,
            "eps": 1.14,
            "eps_growth_year": 54.05,
            "eps_4q": 4.81,
            "eps_4q_growth_year": 65.07,
            "roe": 2.24,
            "roe_4q": 11.200000000000001,
            "gross_profit": 793287,
            "gross_margin": 14.33,
            "gross_margin_4q_avg": 15.96,
            "net_income": 270016,
            "revenue": 5536867,
            "common_shares": 2712429,
            "book_valuer_per_share": 42.38,
            "book_valuer_per_share_4q_avg": 41.81,
            "equity": 11936608,
            "current_ratio": 150.92,
            "debt_ratio": 59.06,
            "inventory_turnover_ratio": 2.09,
            "account_receivable_turnover_ratio": 0.67,
            "reinvestment_rate": -66.33,
            "research_to_sale_ratio": null,
            "price_fair": 125.65,
            "eps_avg_yearly": 3.59,
            "eps_latest_yearly": 4.56,
            "eps_growth_yearly": 43.94
        },
        "20193": {
            "year_quarter": 20193,
            "year": 2019,
            "quarter": 3,
            "eps": 1.29,
            "eps_growth_year": -16.77,
            "eps_4q": 4.69,
            "eps_4q_growth_year": 31.37,
            "roe": 2.74,
            "roe_4q": 10.370000000000001,
            "gross_profit": 868332,
            "gross_margin": 15.02,
            "gross_margin_4q_avg": 15.34,
            "net_income": 323924,
            "revenue": 5781020,
            "common_shares": 2712425,
            "book_valuer_per_share": 41.69,
            "book_valuer_per_share_4q_avg": 42.43,
            "equity": 11723070,
            "current_ratio": 157.65,
            "debt_ratio": 59.52,
            "inventory_turnover_ratio": 2.23,
            "account_receivable_turnover_ratio": 0.67,
            "reinvestment_rate": -66.31,
            "research_to_sale_ratio": null,
            "price_fair": 127.31,
            "eps_avg_yearly": 3.64,
            "eps_latest_yearly": 5.16,
            "eps_growth_yearly": 40.25
        },
        "20194": {
            "year_quarter": 20194,
            "year": 2019,
            "quarter": 4,
            "eps": 0.67,
            "eps_growth_year": -55.9,
            "eps_4q": 3.98,
            "eps_4q_growth_year": -9.47,
            "roe": 1.53,
            "roe_4q": 8.670000000000002,
            "gross_profit": 822561,
            "gross_margin": 15.78,
            "gross_margin_4q_avg": 14.82,
            "net_income": 179497,
            "revenue": 5211536,
            "common_shares": 2712425,
            "book_valuer_per_share": 41.79,
            "book_valuer_per_share_4q_avg": 42.61,
            "equity": 11743480,
            "current_ratio": 155.27,
            "debt_ratio": 59.51,
            "inventory_turnover_ratio": 1.98,
            "account_receivable_turnover_ratio": 0.62,
            "reinvestment_rate": -64.53,
            "research_to_sale_ratio": null,
            "price_fair": 125.74,
            "eps_avg_yearly": 3.59,
            "eps_latest_yearly": 2.68,
            "eps_growth_yearly": 33.92
        },
        "20201": {
            "year_quarter": 20201,
            "year": 2020,
            "quarter": 1,
            "eps": 3.3,
            "eps_growth_year": 236.73,
            "eps_4q": 6.44,
            "eps_4q_growth_year": 42.97,
            "roe": 7.17,
            "roe_4q": 13.68,
            "gross_profit": 472119,
            "gross_margin": 9.84,
            "gross_margin_4q_avg": 13.74,
            "net_income": 863428,
            "revenue": 4796295,
            "common_shares": 2712425,
            "book_valuer_per_share": 44.61,
            "book_valuer_per_share_4q_avg": 42.62,
            "equity": 12357168,
            "current_ratio": 162.11,
            "debt_ratio": 56.57,
            "inventory_turnover_ratio": 1.87,
            "account_receivable_turnover_ratio": 0.6,
            "reinvestment_rate": -56.34,
            "research_to_sale_ratio": null,
            "price_fair": 148.84,
            "eps_avg_yearly": 4.25,
            "eps_latest_yearly": 13.2,
            "eps_growth_yearly": 137.64
        },
        "20202": {
            "year_quarter": 20202,
            "year": 2020,
            "quarter": 2,
            "eps": 1.28,
            "eps_growth_year": 12.28,
            "eps_4q": 6.71,
            "eps_4q_growth_year": 39.29,
            "roe": 2.79,
            "roe_4q": 14.23,
            "gross_profit": 886387,
            "gross_margin": 15.09,
            "gross_margin_4q_avg": 13.93,
            "net_income": 334828,
            "revenue": 5873810,
            "common_shares": 2712425,
            "book_valuer_per_share": 42.7,
            "book_valuer_per_share_4q_avg": 42.7,
            "equity": 11614876,
            "current_ratio": 153.54,
            "debt_ratio": 59.14,
            "inventory_turnover_ratio": 2.22,
            "account_receivable_turnover_ratio": 0.69,
            "reinvestment_rate": -49.93,
            "research_to_sale_ratio": null,
            "price_fair": 156.54,
            "eps_avg_yearly": 4.47,
            "eps_latest_yearly": 5.12,
            "eps_growth_yearly": 132.18
        },
        "20203": {
            "year_quarter": 20203,
            "year": 2020,
            "quarter": 3,
            "eps": 1.49,
            "eps_growth_year": 15.5,
            "eps_4q": 6.87,
            "eps_4q_growth_year": 46.53,
            "roe": 3.21,
            "roe_4q": 14.7,
            "gross_profit": 997025,
            "gross_margin": 16.18,
            "gross_margin_4q_avg": 14.22,
            "net_income": 384439,
            "revenue": 6160386,
            "common_shares": 2712425,
            "book_valuer_per_share": 45.32,
            "book_valuer_per_share_4q_avg": 43.61,
            "equity": 12302026,
            "current_ratio": 158.37,
            "debt_ratio": 59.28,
            "inventory_turnover_ratio": 2.36,
            "account_receivable_turnover_ratio": 0.67,
            "reinvestment_rate": -37.69,
            "research_to_sale_ratio": null,
            "price_fair": 162.14,
            "eps_avg_yearly": 4.63,
            "eps_latest_yearly": 5.96,
            "eps_growth_yearly": 108.16
        },
        "20204": {
            "year_quarter": 20204,
            "year": 2020,
            "quarter": 4,
            "eps": 1.17,
            "eps_growth_year": 73.95,
            "eps_4q": 7.35,
            "eps_4q_growth_year": 84.68,
            "roe": 2.6,
            "roe_4q": 15.770000000000001,
            "gross_profit": 990470,
            "gross_margin": 16.46,
            "gross_margin_4q_avg": 14.39,
            "net_income": 329039,
            "revenue": 6016776,
            "common_shares": 2712425,
            "book_valuer_per_share": 47.98,
            "book_valuer_per_share_4q_avg": 45.15,
            "equity": 13027871,
            "current_ratio": 175.03,
            "debt_ratio": 58.57,
            "inventory_turnover_ratio": 2.16,
            "account_receivable_turnover_ratio": 0.63,
            "reinvestment_rate": -32.28,
            "research_to_sale_ratio": null,
            "price_fair": 161.96,
            "eps_avg_yearly": 4.63,
            "eps_latest_yearly": 4.68,
            "eps_growth_yearly": 92.79
        },
        "20211": {
            "year_quarter": 20211,
            "year": 2021,
            "quarter": 1,
            "eps": 1.41,
            "eps_growth_year": -57.27,
            "eps_4q": 5.35,
            "eps_4q_growth_year": -16.94,
            "roe": 2.83,
            "roe_4q": 11.43,
            "gross_profit": 908716,
            "gross_margin": 14.71,
            "gross_margin_4q_avg": 15.61,
            "net_income": 372643,
            "revenue": 6178889,
            "common_shares": 2712425,
            "book_valuer_per_share": 49,
            "book_valuer_per_share_4q_avg": 46.25,
            "equity": 13298039,
            "current_ratio": 173.17,
            "debt_ratio": 58.42,
            "inventory_turnover_ratio": 2.01,
            "account_receivable_turnover_ratio": 0.63,
            "reinvestment_rate": -24.77,
            "research_to_sale_ratio": null,
            "price_fair": 169.49,
            "eps_avg_yearly": 4.84,
            "eps_latest_yearly": 5.64,
            "eps_growth_yearly": 111.36
        },
        "20212": {
            "year_quarter": 20212,
            "year": 2021,
            "quarter": 2,
            "eps": 1.89,
            "eps_growth_year": 47.66,
            "eps_4q": 5.95,
            "eps_4q_growth_year": -11.23,
            "roe": 3.92,
            "roe_4q": 12.559999999999999,
            "gross_profit": 1126441,
            "gross_margin": 16.72,
            "gross_margin_4q_avg": 16.02,
            "net_income": 511816,
            "revenue": 6735331,
            "common_shares": 2712425,
            "book_valuer_per_share": 47.01,
            "book_valuer_per_share_4q_avg": 47.33,
            "equity": 12796292,
            "current_ratio": 150.23,
            "debt_ratio": 59.34,
            "inventory_turnover_ratio": 1.84,
            "account_receivable_turnover_ratio": 0.65,
            "reinvestment_rate": -22.37,
            "research_to_sale_ratio": null,
            "price_fair": 179.99,
            "eps_avg_yearly": 5.14,
            "eps_latest_yearly": 7.56,
            "eps_growth_yearly": 113.51
        },
        "20213": {
            "year_quarter": 20213,
            "year": 2021,
            "quarter": 3,
            "eps": 1.64,
            "eps_growth_year": 10.07,
            "eps_4q": 6.05,
            "eps_4q_growth_year": -11.9,
            "roe": 3.46,
            "roe_4q": 12.81,
            "gross_profit": 1143044,
            "gross_margin": 15.44,
            "gross_margin_4q_avg": 15.83,
            "net_income": 452907,
            "revenue": 7404346,
            "common_shares": 2712425,
            "book_valuer_per_share": 48.41,
            "book_valuer_per_share_4q_avg": 48.1,
            "equity": 13373258,
            "current_ratio": 146.05,
            "debt_ratio": 57.4,
            "inventory_turnover_ratio": 1.96,
            "account_receivable_turnover_ratio": 0.67,
            "reinvestment_rate": -20.26,
            "research_to_sale_ratio": null,
            "price_fair": 186.55,
            "eps_avg_yearly": 5.33,
            "eps_latest_yearly": 6.56,
            "eps_growth_yearly": 102.96
        },
        "20214": {
            "year_quarter": 20214,
            "year": 2021,
            "quarter": 4,
            "eps": 3.65,
            "eps_growth_year": 212.21,
            "eps_4q": 8.55,
            "eps_4q_growth_year": 16.34,
            "roe": 7.05,
            "roe_4q": 17.259999999999998,
            "gross_profit": 1145790,
            "gross_margin": 15.95,
            "gross_margin_4q_avg": 15.71,
            "net_income": 987068,
            "revenue": 7181612,
            "common_shares": 2712425,
            "book_valuer_per_share": 53.12,
            "book_valuer_per_share_4q_avg": 49.39,
            "equity": 14646380,
            "current_ratio": 146.44,
            "debt_ratio": 54.49,
            "inventory_turnover_ratio": 2,
            "account_receivable_turnover_ratio": 0.62,
            "reinvestment_rate": -13.06,
            "research_to_sale_ratio": null,
            "price_fair": 212.45,
            "eps_avg_yearly": 6.07,
            "eps_latest_yearly": 14.6,
            "eps_growth_yearly": 139.22
        },
        "20221": {
            "year_quarter": 20221,
            "year": 2022,
            "quarter": 1,
            "eps": 1.81,
            "eps_growth_year": 28.37,
            "eps_4q": 8.77,
            "eps_4q_growth_year": 63.87,
            "roe": 3.35,
            "roe_4q": 17.78,
            "gross_profit": 1095177,
            "gross_margin": 15.79,
            "gross_margin_4q_avg": 15.98,
            "net_income": 513472,
            "revenue": 6936120,
            "common_shares": 2712425,
            "book_valuer_per_share": 56.64,
            "book_valuer_per_share_4q_avg": 51.3,
            "equity": 16006269,
            "current_ratio": 147.01,
            "debt_ratio": 51.98,
            "inventory_turnover_ratio": 1.96,
            "account_receivable_turnover_ratio": 0.6,
            "reinvestment_rate": -0.78,
            "research_to_sale_ratio": null,
            "price_fair": 223.39,
            "eps_avg_yearly": 6.38,
            "eps_latest_yearly": 7.24,
            "eps_growth_yearly": 131.32
        },
        "20222": {
            "year_quarter": 20222,
            "year": 2022,
            "quarter": 2,
            "eps": 1.24,
            "eps_growth_year": -34.39,
            "eps_4q": 8.2,
            "eps_4q_growth_year": 37.69,
            "roe": 2.32,
            "roe_4q": 16.18,
            "gross_profit": 847228,
            "gross_margin": 13.84,
            "gross_margin_4q_avg": 15.26,
            "net_income": 356376,
            "revenue": 6121422,
            "common_shares": 2712425,
            "book_valuer_per_share": 51.96,
            "book_valuer_per_share_4q_avg": 52.53,
            "equity": 14733914,
            "current_ratio": 136.62,
            "debt_ratio": 53.22,
            "inventory_turnover_ratio": 1.88,
            "account_receivable_turnover_ratio": 0.55,
            "reinvestment_rate": 7.64,
            "research_to_sale_ratio": null,
            "price_fair": 227.76,
            "eps_avg_yearly": 6.51,
            "eps_latest_yearly": 4.96,
            "eps_growth_yearly": 115.42
        },
        "20223": {
            "year_quarter": 20223,
            "year": 2022,
            "quarter": 3,
            "eps": 1.13,
            "eps_growth_year": -31.1,
            "eps_4q": 7.73,
            "eps_4q_growth_year": 27.76,
            "roe": 2.08,
            "roe_4q": 14.8,
            "gross_profit": 633771,
            "gross_margin": 14.86,
            "gross_margin_4q_avg": 15.11,
            "net_income": 311199,
            "revenue": 4263665,
            "common_shares": 2712425,
            "book_valuer_per_share": 53.6,
            "book_valuer_per_share_4q_avg": 53.83,
            "equity": 15186328,
            "current_ratio": 147.2,
            "debt_ratio": 48.53,
            "inventory_turnover_ratio": 1.56,
            "account_receivable_turnover_ratio": 0.47,
            "reinvestment_rate": 13.96,
            "research_to_sale_ratio": null,
            "price_fair": 224.09,
            "eps_avg_yearly": 6.4,
            "eps_latest_yearly": 4.52,
            "eps_growth_yearly": 85.83
        },
        "20224": {
            "year_quarter": 20224,
            "year": 2022,
            "quarter": 4,
            "eps": 1.25,
            "eps_growth_year": -65.65,
            "eps_4q": 5.43,
            "eps_4q_growth_year": -36.48,
            "roe": 2.25,
            "roe_4q": 10,
            "gross_profit": 815665,
            "gross_margin": 17.52,
            "gross_margin_4q_avg": 15.5,
            "net_income": 343145,
            "revenue": 4656260,
            "common_shares": 2712425,
            "book_valuer_per_share": 53.98,
            "book_valuer_per_share_4q_avg": 54.05,
            "equity": 15290478,
            "current_ratio": 148.78,
            "debt_ratio": 46.78,
            "inventory_turnover_ratio": 1.84,
            "account_receivable_turnover_ratio": 0.62,
            "reinvestment_rate": -1.52,
            "research_to_sale_ratio": null,
            "price_fair": 221.73,
            "eps_avg_yearly": 6.34,
            "eps_latest_yearly": 5,
            "eps_growth_yearly": 88.97
        },
        "20231": {
            "year_quarter": 20231,
            "year": 2023,
            "quarter": 1,
            "eps": 0.62,
            "eps_growth_year": -65.75,
            "eps_4q": 4.24,
            "eps_4q_growth_year": -51.62,
            "roe": 1.1,
            "roe_4q": 7.75,
            "gross_profit": 543300,
            "gross_margin": 12.2,
            "gross_margin_4q_avg": 14.61,
            "net_income": 169825,
            "revenue": 4453930,
            "common_shares": 2712425,
            "book_valuer_per_share": 54.91,
            "book_valuer_per_share_4q_avg": 53.61,
            "equity": 15545854,
            "current_ratio": 149.66,
            "debt_ratio": 45.73,
            "inventory_turnover_ratio": 1.93,
            "account_receivable_turnover_ratio": 0.62,
            "reinvestment_rate": -0.34,
            "research_to_sale_ratio": null,
            "price_fair": 218.58,
            "eps_avg_yearly": 6.25,
            "eps_latest_yearly": 2.48,
            "eps_growth_yearly": 85.25
        }
    },
    "months": {
        "2004-09": {
            "month": "2004-09",
            "price": "11.70",
            "revenue": 176937
        },
        "2004-10": {
            "month": "2004-10",
            "price": "10.28",
            "revenue": 205275
        },
        "2004-11": {
            "month": "2004-11",
            "price": "10.00",
            "revenue": 216563
        },
        "2004-12": {
            "month": "2004-12",
            "price": "10.28",
            "revenue": 191077
        },
        "2005-01": {
            "month": "2005-01",
            "price": "10.00",
            "revenue": 233044
        },
        "2005-02": {
            "month": "2005-02",
            "price": "10.62",
            "revenue": 198257
        },
        "2005-03": {
            "month": "2005-03",
            "price": "11.68",
            "revenue": 290340
        },
        "2005-04": {
            "month": "2005-04",
            "price": "13.57",
            "revenue": 294244
        },
        "2005-05": {
            "month": "2005-05",
            "price": "15.10",
            "revenue": 298552
        },
        "2005-06": {
            "month": "2005-06",
            "price": "18.38",
            "revenue": 273845
        },
        "2005-07": {
            "month": "2005-07",
            "price": "23.78",
            "revenue": 285814
        },
        "2005-08": {
            "month": "2005-08",
            "price": "25.86",
            "revenue": 324359
        },
        "2005-09": {
            "month": "2005-09",
            "price": "26.03",
            "revenue": 362606
        },
        "2005-10": {
            "month": "2005-10",
            "price": "25.88",
            "revenue": 422415
        },
        "2005-11": {
            "month": "2005-11",
            "price": "25.69",
            "revenue": 383952
        },
        "2005-12": {
            "month": "2005-12",
            "price": "28.09",
            "revenue": 409467
        },
        "2006-01": {
            "month": "2006-01",
            "price": "27.68",
            "revenue": 405639
        },
        "2006-02": {
            "month": "2006-02",
            "price": "31.50",
            "revenue": 396548
        },
        "2006-03": {
            "month": "2006-03",
            "price": "32.95",
            "revenue": 405022
        },
        "2006-04": {
            "month": "2006-04",
            "price": "32.73",
            "revenue": 366559
        },
        "2006-05": {
            "month": "2006-05",
            "price": "30.11",
            "revenue": 335952
        },
        "2006-06": {
            "month": "2006-06",
            "price": "25.81",
            "revenue": 244641
        },
        "2006-07": {
            "month": "2006-07",
            "price": "25.16",
            "revenue": 362676
        },
        "2006-08": {
            "month": "2006-08",
            "price": "25.43",
            "revenue": 476842
        },
        "2006-09": {
            "month": "2006-09",
            "price": "24.42",
            "revenue": 504637
        },
        "2006-10": {
            "month": "2006-10",
            "price": "26.65",
            "revenue": 582708
        },
        "2006-11": {
            "month": "2006-11",
            "price": "25.62",
            "revenue": 616671
        },
        "2006-12": {
            "month": "2006-12",
            "price": "25.20",
            "revenue": 447970
        },
        "2007-01": {
            "month": "2007-01",
            "price": "29.38",
            "revenue": 555682
        },
        "2007-02": {
            "month": "2007-02",
            "price": "28.35",
            "revenue": 446879
        },
        "2007-03": {
            "month": "2007-03",
            "price": "28.99",
            "revenue": 601956
        },
        "2007-04": {
            "month": "2007-04",
            "price": "32.94",
            "revenue": 626707
        },
        "2007-05": {
            "month": "2007-05",
            "price": "39.32",
            "revenue": 647752
        },
        "2007-06": {
            "month": "2007-06",
            "price": "56.24",
            "revenue": 659076
        },
        "2007-07": {
            "month": "2007-07",
            "price": "69.53",
            "revenue": 692048
        },
        "2007-08": {
            "month": "2007-08",
            "price": "64.64",
            "revenue": 758122
        },
        "2007-09": {
            "month": "2007-09",
            "price": "54.40",
            "revenue": 761143
        },
        "2007-10": {
            "month": "2007-10",
            "price": "48.21",
            "revenue": 804847
        },
        "2007-11": {
            "month": "2007-11",
            "price": "43.04",
            "revenue": 805429
        },
        "2007-12": {
            "month": "2007-12",
            "price": "40.79",
            "revenue": 720045
        },
        "2008-01": {
            "month": "2008-01",
            "price": "38.81",
            "revenue": 792741
        },
        "2008-02": {
            "month": "2008-02",
            "price": "39.81",
            "revenue": 636191
        },
        "2008-03": {
            "month": "2008-03",
            "price": "40.13",
            "revenue": 756770
        },
        "2008-04": {
            "month": "2008-04",
            "price": "41.61",
            "revenue": 770810
        },
        "2008-05": {
            "month": "2008-05",
            "price": "44.62",
            "revenue": 794265
        },
        "2008-06": {
            "month": "2008-06",
            "price": "41.78",
            "revenue": 782589
        },
        "2008-07": {
            "month": "2008-07",
            "price": "36.56",
            "revenue": 883650
        },
        "2008-08": {
            "month": "2008-08",
            "price": "34.30",
            "revenue": 941131
        },
        "2008-09": {
            "month": "2008-09",
            "price": "24.97",
            "revenue": 955173
        },
        "2008-10": {
            "month": "2008-10",
            "price": "17.82",
            "revenue": 860219
        },
        "2008-11": {
            "month": "2008-11",
            "price": "12.30",
            "revenue": 468758
        },
        "2008-12": {
            "month": "2008-12",
            "price": "10.32",
            "revenue": 408309
        },
        "2009-01": {
            "month": "2009-01",
            "price": "10.48",
            "revenue": 471290
        },
        "2009-02": {
            "month": "2009-02",
            "price": "11.75",
            "revenue": 671429
        },
        "2009-03": {
            "month": "2009-03",
            "price": "15.84",
            "revenue": 938235
        },
        "2009-04": {
            "month": "2009-04",
            "price": "19.67",
            "revenue": 1003254
        },
        "2009-05": {
            "month": "2009-05",
            "price": "28.67",
            "revenue": 880748
        },
        "2009-06": {
            "month": "2009-06",
            "price": "30.53",
            "revenue": 833001
        },
        "2009-07": {
            "month": "2009-07",
            "price": "29.21",
            "revenue": 1061771
        },
        "2009-08": {
            "month": "2009-08",
            "price": "36.37",
            "revenue": 1108373
        },
        "2009-09": {
            "month": "2009-09",
            "price": "45.05",
            "revenue": 1207007
        },
        "2009-10": {
            "month": "2009-10",
            "price": "45.91",
            "revenue": 1139586
        },
        "2009-11": {
            "month": "2009-11",
            "price": "45.24",
            "revenue": 1159387
        },
        "2009-12": {
            "month": "2009-12",
            "price": "72.24",
            "revenue": 1063230
        },
        "2010-01": {
            "month": "2010-01",
            "price": "69.97",
            "revenue": 1178673
        },
        "2010-02": {
            "month": "2010-02",
            "price": "65.66",
            "revenue": 1006796
        },
        "2010-03": {
            "month": "2010-03",
            "price": "68.16",
            "revenue": 1205666
        },
        "2010-04": {
            "month": "2010-04",
            "price": "70.68",
            "revenue": 1237775
        },
        "2010-05": {
            "month": "2010-05",
            "price": "62.22",
            "revenue": 1318986
        },
        "2010-06": {
            "month": "2010-06",
            "price": "57.52",
            "revenue": 1247591
        },
        "2010-07": {
            "month": "2010-07",
            "price": "55.68",
            "revenue": 1417546
        },
        "2010-08": {
            "month": "2010-08",
            "price": "52.42",
            "revenue": 1186488
        },
        "2010-09": {
            "month": "2010-09",
            "price": "48.42",
            "revenue": 1259709
        },
        "2010-10": {
            "month": "2010-10",
            "price": "46.44",
            "revenue": 1054519
        },
        "2010-11": {
            "month": "2010-11",
            "price": "39.29",
            "revenue": 1093815
        },
        "2010-12": {
            "month": "2010-12",
            "price": "43.90",
            "revenue": 1171553
        },
        "2011-01": {
            "month": "2011-01",
            "price": "42.66",
            "revenue": 1253510
        },
        "2011-02": {
            "month": "2011-02",
            "price": "39.24",
            "revenue": 988091
        },
        "2011-03": {
            "month": "2011-03",
            "price": "37.75",
            "revenue": 1260736
        },
        "2011-04": {
            "month": "2011-04",
            "price": "35.86",
            "revenue": 1289086
        },
        "2011-05": {
            "month": "2011-05",
            "price": "32.57",
            "revenue": 1210593
        },
        "2011-06": {
            "month": "2011-06",
            "price": "33.62",
            "revenue": 1134896
        },
        "2011-07": {
            "month": "2011-07",
            "price": "28.14",
            "revenue": 1224635
        },
        "2011-08": {
            "month": "2011-08",
            "price": "25.21",
            "revenue": 1381955
        },
        "2011-09": {
            "month": "2011-09",
            "price": "24.29",
            "revenue": 1523588
        },
        "2011-10": {
            "month": "2011-10",
            "price": "23.88",
            "revenue": 1528856
        },
        "2011-11": {
            "month": "2011-11",
            "price": "22.70",
            "revenue": 1564948
        },
        "2011-12": {
            "month": "2011-12",
            "price": "22.29",
            "revenue": 1469637
        },
        "2012-01": {
            "month": "2012-01",
            "price": "23.47",
            "revenue": 1491919
        },
        "2012-02": {
            "month": "2012-02",
            "price": "34.02",
            "revenue": 1578237
        },
        "2012-03": {
            "month": "2012-03",
            "price": "36.96",
            "revenue": 1862020
        },
        "2012-04": {
            "month": "2012-04",
            "price": "37.40",
            "revenue": 1880864
        },
        "2012-05": {
            "month": "2012-05",
            "price": "38.61",
            "revenue": 1868836
        },
        "2012-06": {
            "month": "2012-06",
            "price": "33.36",
            "revenue": 1654341
        },
        "2012-07": {
            "month": "2012-07",
            "price": "34.11",
            "revenue": 1788297
        },
        "2012-08": {
            "month": "2012-08",
            "price": "38.90",
            "revenue": 1939096
        },
        "2012-09": {
            "month": "2012-09",
            "price": "41.62",
            "revenue": 2035537
        },
        "2012-10": {
            "month": "2012-10",
            "price": "39.89",
            "revenue": 1943473
        },
        "2012-11": {
            "month": "2012-11",
            "price": "43.04",
            "revenue": 1713849
        },
        "2012-12": {
            "month": "2012-12",
            "price": "43.08",
            "revenue": 1553568
        },
        "2013-01": {
            "month": "2013-01",
            "price": "41.81",
            "revenue": 1771969
        },
        "2013-02": {
            "month": "2013-02",
            "price": "41.70",
            "revenue": 1369700
        },
        "2013-03": {
            "month": "2013-03",
            "price": "43.98",
            "revenue": 1737968
        },
        "2013-04": {
            "month": "2013-04",
            "price": "43.98",
            "revenue": 1723478
        },
        "2013-05": {
            "month": "2013-05",
            "price": "42.05",
            "revenue": 1709376
        },
        "2013-06": {
            "month": "2013-06",
            "price": "40.06",
            "revenue": 1546467
        },
        "2013-07": {
            "month": "2013-07",
            "price": "36.70",
            "revenue": 1779844
        },
        "2013-08": {
            "month": "2013-08",
            "price": "35.73",
            "revenue": 1808377
        },
        "2013-09": {
            "month": "2013-09",
            "price": "35.06",
            "revenue": 1988872
        },
        "2013-10": {
            "month": "2013-10",
            "price": "34.48",
            "revenue": 1782288
        },
        "2013-11": {
            "month": "2013-11",
            "price": "32.21",
            "revenue": 1795951
        },
        "2013-12": {
            "month": "2013-12",
            "price": "33.87",
            "revenue": 1843862
        },
        "2014-01": {
            "month": "2014-01",
            "price": "35.85",
            "revenue": 1873657
        },
        "2014-02": {
            "month": "2014-02",
            "price": "35.74",
            "revenue": 1602458
        },
        "2014-03": {
            "month": "2014-03",
            "price": "37.76",
            "revenue": 1970326
        },
        "2014-04": {
            "month": "2014-04",
            "price": "42.74",
            "revenue": 2102193
        },
        "2014-05": {
            "month": "2014-05",
            "price": "45.94",
            "revenue": 2064311
        },
        "2014-06": {
            "month": "2014-06",
            "price": "45.24",
            "revenue": 1821993
        },
        "2014-07": {
            "month": "2014-07",
            "price": "42.67",
            "revenue": 2082962
        },
        "2014-08": {
            "month": "2014-08",
            "price": "45.46",
            "revenue": 2116147
        },
        "2014-09": {
            "month": "2014-09",
            "price": "47.36",
            "revenue": 2212492
        },
        "2014-10": {
            "month": "2014-10",
            "price": "44.65",
            "revenue": 2174243
        },
        "2014-11": {
            "month": "2014-11",
            "price": "45.42",
            "revenue": 2062283
        },
        "2015-01": {
            "month": "2015-01",
            "price": "51.50",
            "revenue": 2189435
        },
        "2015-02": {
            "month": "2015-02",
            "price": "52.62",
            "revenue": 1573151
        },
        "2015-03": {
            "month": "2015-03",
            "price": "55.27",
            "revenue": 1941374
        },
        "2015-04": {
            "month": "2015-04",
            "price": "51.05",
            "revenue": 1878454
        },
        "2015-05": {
            "month": "2015-05",
            "price": "46.71",
            "revenue": 1682392
        },
        "2015-06": {
            "month": "2015-06",
            "price": "43.17",
            "revenue": 1664125
        },
        "2015-07": {
            "month": "2015-07",
            "price": "36.29",
            "revenue": 1861524
        },
        "2015-08": {
            "month": "2015-08",
            "price": "31.27",
            "revenue": 2038661
        },
        "2015-09": {
            "month": "2015-09",
            "price": "33.48",
            "revenue": 2147782
        },
        "2015-10": {
            "month": "2015-10",
            "price": "35.89",
            "revenue": 1933911
        },
        "2015-11": {
            "month": "2015-11",
            "price": "34.98",
            "revenue": 1923168
        },
        "2015-12": {
            "month": "2015-12",
            "price": "33.14",
            "revenue": 1794255
        },
        "2016-01": {
            "month": "2016-01",
            "price": "30.68",
            "revenue": 1818895
        },
        "2016-02": {
            "month": "2016-02",
            "price": "31.95",
            "revenue": 1431129
        },
        "2016-03": {
            "month": "2016-03",
            "price": "34.40",
            "revenue": 1829056
        },
        "2016-04": {
            "month": "2016-04",
            "price": "32.69",
            "revenue": 1613521
        },
        "2016-05": {
            "month": "2016-05",
            "price": "29.47",
            "revenue": 1834945
        },
        "2016-06": {
            "month": "2016-06",
            "price": "30.27",
            "revenue": 1783913
        },
        "2016-07": {
            "month": "2016-07",
            "price": "29.44",
            "revenue": 1815501
        },
        "2016-08": {
            "month": "2016-08",
            "price": "30.88",
            "revenue": 2024925
        },
        "2016-09": {
            "month": "2016-09",
            "price": "31.96",
            "revenue": 2050246
        },
        "2016-10": {
            "month": "2016-10",
            "price": "31.74",
            "revenue": 2001515
        },
        "2016-11": {
            "month": "2016-11",
            "price": "30.13",
            "revenue": 2003238
        },
        "2016-12": {
            "month": "2016-12",
            "price": "30.73",
            "revenue": 1697251
        },
        "2017-01": {
            "month": "2017-01",
            "price": "30.04",
            "revenue": 1720469
        },
        "2017-02": {
            "month": "2017-02",
            "price": "31.31",
            "revenue": 1491146
        },
        "2017-03": {
            "month": "2017-03",
            "price": "31.73",
            "revenue": 1905237
        },
        "2017-04": {
            "month": "2017-04",
            "price": "31.58",
            "revenue": 1771994
        },
        "2017-05": {
            "month": "2017-05",
            "price": "30.88",
            "revenue": 1881965
        },
        "2017-06": {
            "month": "2017-06",
            "price": "30.85",
            "revenue": 1893092
        },
        "2017-07": {
            "month": "2017-07",
            "price": "29.91",
            "revenue": 2008615
        },
        "2017-08": {
            "month": "2017-08",
            "price": "30.66",
            "revenue": 2098208
        },
        "2017-09": {
            "month": "2017-09",
            "price": "32.27",
            "revenue": 2092879
        },
        "2017-10": {
            "month": "2017-10",
            "price": "32.03",
            "revenue": 1847482
        },
        "2017-11": {
            "month": "2017-11",
            "price": "32.94",
            "revenue": 2039672
        },
        "2017-12": {
            "month": "2017-12",
            "price": "32.25",
            "revenue": 1760869
        },
        "2018-01": {
            "month": "2018-01",
            "price": "31.84",
            "revenue": 1974959
        },
        "2018-02": {
            "month": "2018-02",
            "price": "29.88",
            "revenue": 1454044
        },
        "2018-03": {
            "month": "2018-03",
            "price": "29.72",
            "revenue": 1868066
        },
        "2018-04": {
            "month": "2018-04",
            "price": "28.85",
            "revenue": 1897728
        },
        "2018-05": {
            "month": "2018-05",
            "price": "28.97",
            "revenue": 2012955
        },
        "2018-06": {
            "month": "2018-06",
            "price": "28.88",
            "revenue": 1890439
        },
        "2018-07": {
            "month": "2018-07",
            "price": "27.29",
            "revenue": 2156912
        },
        "2018-08": {
            "month": "2018-08",
            "price": "27.98",
            "revenue": 2115386
        },
        "2018-09": {
            "month": "2018-09",
            "price": "28.38",
            "revenue": 1981138
        },
        "2018-10": {
            "month": "2018-10",
            "price": "25.31",
            "revenue": 2045910
        },
        "2018-11": {
            "month": "2018-11",
            "price": "26.38",
            "revenue": 1935120
        },
        "2018-12": {
            "month": "2018-12",
            "price": "28.32",
            "revenue": 1724996
        },
        "2019-01": {
            "month": "2019-01",
            "price": "28.40",
            "revenue": 1998137
        },
        "2019-02": {
            "month": "2019-02",
            "price": "32.18",
            "revenue": 1400638
        },
        "2019-03": {
            "month": "2019-03",
            "price": "34.00",
            "revenue": 1773665
        },
        "2019-04": {
            "month": "2019-04",
            "price": "38.16",
            "revenue": 1919922
        },
        "2019-05": {
            "month": "2019-05",
            "price": "36.53",
            "revenue": 1899220
        },
        "2019-06": {
            "month": "2019-06",
            "price": "36.21",
            "revenue": 1717725
        },
        "2019-07": {
            "month": "2019-07",
            "price": "39.09",
            "revenue": 1959549
        },
        "2019-08": {
            "month": "2019-08",
            "price": "36.22",
            "revenue": 1979638
        },
        "2019-09": {
            "month": "2019-09",
            "price": "37.74",
            "revenue": 1841833
        },
        "2019-10": {
            "month": "2019-10",
            "price": "35.96",
            "revenue": 1761420
        },
        "2019-11": {
            "month": "2019-11",
            "price": "37.55",
            "revenue": 1698923
        },
        "2019-12": {
            "month": "2019-12",
            "price": "36.38",
            "revenue": 1751198
        },
        "2020-01": {
            "month": "2020-01",
            "price": "35.39",
            "revenue": 1599784
        },
        "2020-02": {
            "month": "2020-02",
            "price": "33.08",
            "revenue": 1338395
        },
        "2020-03": {
            "month": "2020-03",
            "price": "29.60",
            "revenue": 1858118
        },
        "2020-04": {
            "month": "2020-04",
            "price": "30.84",
            "revenue": 2014022
        },
        "2020-05": {
            "month": "2020-05",
            "price": "35.34",
            "revenue": 1965744
        },
        "2020-06": {
            "month": "2020-06",
            "price": "35.99",
            "revenue": 1894041
        },
        "2020-07": {
            "month": "2020-07",
            "price": "36.10",
            "revenue": 2010008
        },
        "2020-08": {
            "month": "2020-08",
            "price": "41.13",
            "revenue": 1974047
        },
        "2020-09": {
            "month": "2020-09",
            "price": "41.35",
            "revenue": 2176334
        },
        "2020-10": {
            "month": "2020-10",
            "price": "40.91",
            "revenue": 1951112
        },
        "2020-11": {
            "month": "2020-11",
            "price": "43.51",
            "revenue": 2047316
        },
        "2020-12": {
            "month": "2020-12",
            "price": "44.72",
            "revenue": 2018347
        },
        "2021-01": {
            "month": "2021-01",
            "price": "45.48",
            "revenue": 2107932
        },
        "2021-02": {
            "month": "2021-02",
            "price": "46.57",
            "revenue": 1747817
        },
        "2021-03": {
            "month": "2021-03",
            "price": "51.01",
            "revenue": 2285884
        },
        "2021-04": {
            "month": "2021-04",
            "price": "52.45",
            "revenue": 2084966
        },
        "2021-05": {
            "month": "2021-05",
            "price": "47.83",
            "revenue": 2319131
        },
        "2021-06": {
            "month": "2021-06",
            "price": "50.32",
            "revenue": 2368489
        },
        "2021-07": {
            "month": "2021-07",
            "price": "47.49",
            "revenue": 2469934
        },
        "2021-08": {
            "month": "2021-08",
            "price": "46.91",
            "revenue": 2503717
        },
        "2021-09": {
            "month": "2021-09",
            "price": "46.15",
            "revenue": 2430696
        },
        "2021-10": {
            "month": "2021-10",
            "price": "45.76",
            "revenue": 2377116
        },
        "2021-11": {
            "month": "2021-11",
            "price": "47.85",
            "revenue": 2402593
        },
        "2021-12": {
            "month": "2021-12",
            "price": "47.50",
            "revenue": 2412312
        },
        "2022-01": {
            "month": "2022-01",
            "price": "47.94",
            "revenue": 2392585
        },
        "2022-02": {
            "month": "2022-02",
            "price": "48.95",
            "revenue": 2052329
        },
        "2022-03": {
            "month": "2022-03",
            "price": "49.87",
            "revenue": 2476613
        },
        "2022-04": {
            "month": "2022-04",
            "price": "48.67",
            "revenue": 2475419
        },
        "2022-05": {
            "month": "2022-05",
            "price": "51.71",
            "revenue": 2110749
        },
        "2022-06": {
            "month": "2022-06",
            "price": "47.64",
            "revenue": 1556707
        },
        "2022-07": {
            "month": "2022-07",
            "price": "36.22",
            "revenue": 1469415
        },
        "2022-08": {
            "month": "2022-08",
            "price": "37.77",
            "revenue": 1344154
        },
        "2022-09": {
            "month": "2022-09",
            "price": "36.08",
            "revenue": 1442537
        },
        "2022-10": {
            "month": "2022-10",
            "price": "33.06",
            "revenue": 1448851
        },
        "2022-11": {
            "month": "2022-11",
            "price": "35.19",
            "revenue": 1678083
        },
        "2022-12": {
            "month": "2022-12",
            "price": "36.45",
            "revenue": 1530025
        },
        "2023-01": {
            "month": "2023-01",
            "price": "36.75",
            "revenue": 1450783
        },
        "2023-02": {
            "month": "2023-02",
            "price": "38.36",
            "revenue": 1309582
        },
        "2023-03": {
            "month": "2023-03",
            "price": "40.12",
            "revenue": 1693565
        },
        "2023-04": {
            "month": "2023-04",
            "price": "41.42",
            "revenue": 1593213
        }
    }
}
