{
    "summary": {
        "stock_name": "明基材",
        "stock_id": "8215",
        "category": "光電",
        "main_business": "電腦及週邊設備製造業<br>其他化學材料製造業<br>醫療產品製造業",
        "website_url": "http://www.benqmaterials.com",
        "ceo": "劉家瑞",
        "pe_ratio": 10,
        "report_year_from": 2001,
        "report_year_to": 2023,
        "age": 22,
        "eps_negative_percentage": 22,
        "eps_growth_avg": {
            "last_all": -15.49,
            "last_2y": 62.32,
            "last_4y": 25.52,
            "last_8y": -6.21,
            "last_12y": -24.37,
            "last_16y": null,
            "last_20y": null,
            "at_2006_last_3y": null,
            "at_2007_last_3y": null,
            "at_2008_last_3y": null,
            "at_2009_last_3y": null,
            "at_2010_last_3y": null,
            "at_2011_last_3y": -34.05,
            "at_2012_last_3y": -48.94,
            "at_2013_last_3y": -97.01,
            "at_2014_last_3y": -62.44,
            "at_2015_last_3y": -38.65,
            "at_2016_last_3y": -59.1,
            "at_2017_last_3y": -59.1,
            "at_2018_last_3y": -63.4,
            "at_2019_last_3y": -53.12,
            "at_2020_last_3y": -1.87,
            "at_2021_last_3y": 23.59,
            "at_2022_last_3y": 41.35,
            "at_2023_last_3y": 41.35,
            "at_2006_last_all": null,
            "at_2007_last_all": null,
            "at_2008_last_all": null,
            "at_2009_last_all": 28.91,
            "at_2010_last_all": -12.07,
            "at_2011_last_all": -34.05,
            "at_2012_last_all": -34.05,
            "at_2013_last_all": -34.05,
            "at_2014_last_all": -32.22,
            "at_2015_last_all": -35.58,
            "at_2016_last_all": -44.79,
            "at_2017_last_all": -44.79,
            "at_2018_last_all": -43.91,
            "at_2019_last_all": -41.43,
            "at_2020_last_all": -31.91,
            "at_2021_last_all": -19.92,
            "at_2022_last_all": -15.49,
            "at_2023_last_all": -15.49
        },
        "latest_eps": 3.28,
        "latest_price": 34.3,
        "latest_roe": 14.91,
        "latest_gross_margin": 17.19,
        "latest_equity": 8658066,
        "latest_revenue": 4066944,
        "latest_gross_profit": 699070,
        "latest_net_income": 62713,
        "latest_debt_ratio": 57.46,
        "latest_current_ratio": 130.16,
        "latest_account_receivable_turnover_ratio": 1.34,
        "latest_inventory_turnover_ratio": 1.17,
        "latest_reinvestment_rate": 180.1,
        "latest_research_to_sale_ratio": 5.18
    },
    "eps_dividends": {
        "2001": {
            "cash": 0,
            "stock": 0,
            "eps": 0
        },
        "2002": {
            "cash": 0,
            "stock": 0,
            "eps": 0
        },
        "2003": {
            "cash": 0,
            "stock": 1,
            "eps": 0
        },
        "2004": {
            "cash": 1,
            "stock": 2,
            "eps": 0
        },
        "2005": {
            "cash": 0,
            "stock": 1,
            "eps": 0
        },
        "2006": {
            "cash": 0,
            "stock": 0,
            "eps": 0
        },
        "2007": {
            "cash": 0,
            "stock": 1,
            "eps": 1.13
        },
        "2008": {
            "cash": 0,
            "stock": 1,
            "eps": 1.25
        },
        "2009": {
            "cash": 0,
            "stock": 0,
            "eps": 1.84
        },
        "2010": {
            "cash": 0,
            "stock": 0,
            "eps": 0.11
        },
        "2011": {
            "cash": 0,
            "stock": 0,
            "eps": -2.2
        },
        "2012": {
            "cash": 0,
            "stock": 0,
            "eps": -3.38
        },
        "2013": {
            "cash": 0,
            "stock": 0,
            "eps": 4.42
        },
        "2014": {
            "cash": 0,
            "stock": 0,
            "eps": 3.32
        },
        "2015": {
            "cash": 1,
            "stock": 0,
            "eps": 1.58
        },
        "2016": {
            "cash": 1,
            "stock": 0,
            "eps": -1.31
        },
        "2017": {
            "cash": 0,
            "stock": 0,
            "eps": 1.64
        },
        "2018": {
            "cash": 1,
            "stock": 0,
            "eps": 1.02
        },
        "2019": {
            "cash": 1,
            "stock": 0,
            "eps": 0.8
        },
        "2020": {
            "cash": 1,
            "stock": 0,
            "eps": 1.23
        },
        "2021": {
            "cash": 1,
            "stock": 0,
            "eps": 3.04
        },
        "2022": {
            "cash": 2,
            "stock": 0,
            "eps": 4.05
        },
        "2023": {
            "cash": 2,
            "stock": 0,
            "eps": 0.16
        }
    },
    "dividends": {
        "2003-03-18": {
            "cash": 0,
            "stock": 1
        },
        "2004-02-26": {
            "cash": 1,
            "stock": 2
        },
        "2005-02-01": {
            "cash": 0,
            "stock": 1
        },
        "2007-03-07": {
            "cash": 0.1,
            "stock": 0.9
        },
        "2008-02-25": {
            "cash": 0.4,
            "stock": 1
        },
        "2011-03-02": {
            "cash": 0.06,
            "stock": 0.34
        },
        "2014-08-25": {
            "cash": 0.3,
            "stock": 0
        },
        "2015-08-25": {
            "cash": 1.3,
            "stock": 0
        },
        "2016-08-09": {
            "cash": 1.2,
            "stock": 0
        },
        "2018-08-23": {
            "cash": 0.9,
            "stock": 0
        },
        "2019-08-26": {
            "cash": 0.6,
            "stock": 0
        },
        "2020-08-19": {
            "cash": 0.5,
            "stock": 0
        },
        "2021-08-17": {
            "cash": 0.7,
            "stock": 0
        },
        "2022-08-12": {
            "cash": 1.5,
            "stock": 0
        },
        "2023-02-23": {
            "cash": 2,
            "stock": 0
        }
    },
    "prices": {
        "200101": "無",
        "200102": "無",
        "200103": "無",
        "200104": "無",
        "200105": "無",
        "200106": "無",
        "200107": "無",
        "200108": "無",
        "200109": "無",
        "200110": "無",
        "200111": "無",
        "200112": "無",
        "200201": "無",
        "200202": "無",
        "200203": "無",
        "200204": "無",
        "200205": "無",
        "200206": "無",
        "200207": "無",
        "200208": "無",
        "200209": "無",
        "200210": "無",
        "200211": "無",
        "200212": "無",
        "200301": "無",
        "200302": "無",
        "200303": "無",
        "200304": "無",
        "200305": "無",
        "200306": "無",
        "200307": "無",
        "200308": "無",
        "200309": "無",
        "200310": "35.81",
        "200311": "36.61",
        "200312": "41.67",
        "200401": "44.21",
        "200402": "48.89",
        "200403": "48.55",
        "200404": "48.99",
        "200405": "45.69",
        "200406": "39.13",
        "200407": "28.94",
        "200408": "21.46",
        "200409": "18.01",
        "200410": "20.62",
        "200411": "18.89",
        "200412": "18.96",
        "200501": "18.54",
        "200502": "18.54",
        "200503": "19.07",
        "200504": "18.73",
        "200505": "18.19",
        "200506": "19.03",
        "200507": "19.97",
        "200508": "19.08",
        "200509": "15.68",
        "200510": "15.59",
        "200511": "19.15",
        "200512": "27.46",
        "200601": "32.84",
        "200602": "37.65",
        "200603": "36.61",
        "200604": "35.65",
        "200605": "32.27",
        "200606": "26.48",
        "200607": "23.67",
        "200608": "25.38",
        "200609": "29.51",
        "200610": "27.53",
        "200611": "26.61",
        "200612": "27.74",
        "200701": "27.59",
        "200702": "32.26",
        "200703": "39.38",
        "200704": "41.06",
        "200705": "39.93",
        "200706": "44.72",
        "200707": "42.95",
        "200708": "40.54",
        "200709": "39.95",
        "200710": "38.83",
        "200711": "35.59",
        "200712": "31.01",
        "200801": "29.00",
        "200802": "27.03",
        "200803": "30.00",
        "200804": "33.57",
        "200805": "38.28",
        "200806": "38.99",
        "200807": "31.53",
        "200808": "25.25",
        "200809": "18.43",
        "200810": "11.34",
        "200811": "7.65",
        "200812": "7.73",
        "200901": "8.42",
        "200902": "8.74",
        "200903": "10.86",
        "200904": "13.42",
        "200905": "13.76",
        "200906": "14.23",
        "200907": "14.54",
        "200908": "14.21",
        "200909": "15.78",
        "200910": "16.08",
        "200911": "18.39",
        "200912": "25.67",
        "201001": "34.80",
        "201002": "36.04",
        "201003": "39.57",
        "201004": "43.91",
        "201005": "35.20",
        "201006": "34.83",
        "201007": "34.45",
        "201008": "33.25",
        "201009": "30.71",
        "201010": "29.62",
        "201011": "20.98",
        "201012": "25.14",
        "201101": "25.13",
        "201102": "23.96",
        "201103": "25.10",
        "201104": "25.84",
        "201105": "24.60",
        "201106": "23.19",
        "201107": "20.11",
        "201108": "13.39",
        "201109": "13.66",
        "201110": "13.36",
        "201111": "12.75",
        "201112": "10.53",
        "201201": "10.70",
        "201202": "15.09",
        "201203": "19.50",
        "201204": "17.16",
        "201205": "14.08",
        "201206": "13.24",
        "201207": "13.00",
        "201208": "11.87",
        "201209": "12.59",
        "201210": "11.33",
        "201211": "10.45",
        "201212": "11.91",
        "201301": "11.58",
        "201302": "11.47",
        "201303": "11.50",
        "201304": "11.66",
        "201305": "16.71",
        "201306": "17.24",
        "201307": "18.67",
        "201308": "19.51",
        "201309": "18.50",
        "201310": "19.43",
        "201311": "22.22",
        "201312": "26.44",
        "201401": "37.66",
        "201402": "39.45",
        "201403": "38.34",
        "201404": "38.72",
        "201405": "37.73",
        "201406": "44.87",
        "201407": "44.54",
        "201408": "40.78",
        "201409": "38.00",
        "201410": "32.69",
        "201411": "30.59",
        "201412": "32.46",
        "201501": "33.32",
        "201502": "31.62",
        "201503": "31.80",
        "201504": "29.46",
        "201505": "26.70",
        "201506": "23.87",
        "201507": "20.83",
        "201508": "16.19",
        "201509": "18.66",
        "201510": "22.51",
        "201511": "23.27",
        "201512": "21.50",
        "201601": "18.56",
        "201602": "19.41",
        "201603": "20.23",
        "201604": "18.72",
        "201605": "15.67",
        "201606": "16.40",
        "201607": "17.24",
        "201608": "16.01",
        "201609": "14.61",
        "201610": "13.70",
        "201611": "12.79",
        "201612": "14.18",
        "201701": "14.67",
        "201702": "14.66",
        "201703": "14.45",
        "201704": "15.76",
        "201705": "16.61",
        "201706": "18.13",
        "201707": "16.95",
        "201708": "17.01",
        "201709": "18.91",
        "201710": "20.06",
        "201711": "18.85",
        "201712": "18.71",
        "201801": "19.75",
        "201802": "18.07",
        "201803": "19.30",
        "201804": "17.96",
        "201805": "17.93",
        "201806": "19.52",
        "201807": "19.17",
        "201808": "17.28",
        "201809": "17.48",
        "201810": "15.57",
        "201811": "15.96",
        "201812": "16.98",
        "201901": "17.47",
        "201902": "23.55",
        "201903": "27.09",
        "201904": "28.24",
        "201905": "24.72",
        "201906": "23.90",
        "201907": "24.75",
        "201908": "22.16",
        "201909": "20.95",
        "201910": "19.57",
        "201911": "17.93",
        "201912": "18.20",
        "202001": "18.05",
        "202002": "18.77",
        "202003": "15.04",
        "202004": "16.30",
        "202005": "16.58",
        "202006": "17.72",
        "202007": "18.47",
        "202008": "18.75",
        "202009": "22.81",
        "202010": "22.02",
        "202011": "23.92",
        "202012": "26.66",
        "202101": "28.46",
        "202102": "30.85",
        "202103": "30.06",
        "202104": "32.26",
        "202105": "25.85",
        "202106": "26.06",
        "202107": "30.89",
        "202108": "38.51",
        "202109": "36.38",
        "202110": "32.71",
        "202111": "37.62",
        "202112": "38.50",
        "202201": "36.21",
        "202202": "35.33",
        "202203": "34.62",
        "202204": "33.69",
        "202205": "34.59",
        "202206": "34.01",
        "202207": "29.81",
        "202208": "31.22",
        "202209": "30.21",
        "202210": "28.40",
        "202211": "31.43",
        "202212": "32.58",
        "202301": "32.43",
        "202302": "35.94",
        "202303": "37.07",
        "202304": "38.34",
        "202305": "35.17"
    },
    "quarters": {
        "20011": {
            "year_quarter": 20011,
            "year": 2001,
            "quarter": 1,
            "eps": null,
            "eps_growth_year": null,
            "eps_4q": null,
            "eps_4q_growth_year": null,
            "roe": null,
            "gross_profit": null,
            "gross_margin": null,
            "net_income": null,
            "revenue": null,
            "common_shares": null,
            "equity": null,
            "current_ratio": null,
            "debt_ratio": null,
            "inventory_turnover_ratio": null,
            "account_receivable_turnover_ratio": null,
            "reinvestment_rate": null,
            "research_to_sale_ratio": null,
            "price_fair": 0,
            "eps_avg_yearly": 0,
            "eps_latest_yearly": 0,
            "eps_growth_yearly": 0
        },
        "20012": {
            "year_quarter": 20012,
            "year": 2001,
            "quarter": 2,
            "eps": null,
            "eps_growth_year": null,
            "eps_4q": null,
            "eps_4q_growth_year": null,
            "roe": null,
            "gross_profit": null,
            "gross_margin": null,
            "net_income": null,
            "revenue": null,
            "common_shares": null,
            "equity": null,
            "current_ratio": null,
            "debt_ratio": null,
            "inventory_turnover_ratio": null,
            "account_receivable_turnover_ratio": null,
            "reinvestment_rate": null,
            "research_to_sale_ratio": null,
            "price_fair": 0,
            "eps_avg_yearly": 0,
            "eps_latest_yearly": 0,
            "eps_growth_yearly": 0
        },
        "20013": {
            "year_quarter": 20013,
            "year": 2001,
            "quarter": 3,
            "eps": null,
            "eps_growth_year": null,
            "eps_4q": null,
            "eps_4q_growth_year": null,
            "roe": null,
            "gross_profit": null,
            "gross_margin": null,
            "net_income": null,
            "revenue": null,
            "common_shares": null,
            "equity": null,
            "current_ratio": null,
            "debt_ratio": null,
            "inventory_turnover_ratio": null,
            "account_receivable_turnover_ratio": null,
            "reinvestment_rate": null,
            "research_to_sale_ratio": null,
            "price_fair": 0,
            "eps_avg_yearly": 0,
            "eps_latest_yearly": 0,
            "eps_growth_yearly": 0
        },
        "20014": {
            "year_quarter": 20014,
            "year": 2001,
            "quarter": 4,
            "eps": null,
            "eps_growth_year": null,
            "eps_4q": null,
            "eps_4q_growth_year": null,
            "roe": null,
            "gross_profit": null,
            "gross_margin": null,
            "net_income": null,
            "revenue": null,
            "common_shares": 1000000,
            "equity": 2168885,
            "current_ratio": 247.78,
            "debt_ratio": 35.35,
            "inventory_turnover_ratio": null,
            "account_receivable_turnover_ratio": null,
            "reinvestment_rate": null,
            "research_to_sale_ratio": null,
            "price_fair": 0,
            "eps_avg_yearly": 0,
            "eps_latest_yearly": 0,
            "eps_growth_yearly": 0
        },
        "20021": {
            "year_quarter": 20021,
            "year": 2002,
            "quarter": 1,
            "eps": null,
            "eps_growth_year": null,
            "eps_4q": null,
            "eps_4q_growth_year": null,
            "roe": null,
            "gross_profit": null,
            "gross_margin": null,
            "net_income": null,
            "revenue": null,
            "common_shares": null,
            "equity": null,
            "current_ratio": null,
            "debt_ratio": null,
            "inventory_turnover_ratio": null,
            "account_receivable_turnover_ratio": null,
            "reinvestment_rate": null,
            "research_to_sale_ratio": null,
            "price_fair": 0,
            "eps_avg_yearly": 0,
            "eps_latest_yearly": 0,
            "eps_growth_yearly": 0
        },
        "20022": {
            "year_quarter": 20022,
            "year": 2002,
            "quarter": 2,
            "eps": null,
            "eps_growth_year": null,
            "eps_4q": null,
            "eps_4q_growth_year": null,
            "roe": null,
            "gross_profit": null,
            "gross_margin": null,
            "net_income": null,
            "revenue": null,
            "common_shares": null,
            "equity": null,
            "current_ratio": null,
            "debt_ratio": null,
            "inventory_turnover_ratio": null,
            "account_receivable_turnover_ratio": null,
            "reinvestment_rate": null,
            "research_to_sale_ratio": null,
            "price_fair": 0,
            "eps_avg_yearly": 0,
            "eps_latest_yearly": 0,
            "eps_growth_yearly": 0
        },
        "20023": {
            "year_quarter": 20023,
            "year": 2002,
            "quarter": 3,
            "eps": null,
            "eps_growth_year": null,
            "eps_4q": null,
            "eps_4q_growth_year": null,
            "roe": null,
            "gross_profit": null,
            "gross_margin": null,
            "net_income": null,
            "revenue": null,
            "common_shares": null,
            "equity": null,
            "current_ratio": null,
            "debt_ratio": null,
            "inventory_turnover_ratio": null,
            "account_receivable_turnover_ratio": null,
            "reinvestment_rate": null,
            "research_to_sale_ratio": null,
            "price_fair": 0,
            "eps_avg_yearly": 0,
            "eps_latest_yearly": 0,
            "eps_growth_yearly": 0
        },
        "20024": {
            "year_quarter": 20024,
            "year": 2002,
            "quarter": 4,
            "eps": null,
            "eps_growth_year": null,
            "eps_4q": null,
            "eps_4q_growth_year": null,
            "roe": null,
            "gross_profit": null,
            "gross_margin": null,
            "net_income": null,
            "revenue": null,
            "common_shares": 1161350,
            "equity": 2311782,
            "current_ratio": 154.21,
            "debt_ratio": 39.54,
            "inventory_turnover_ratio": null,
            "account_receivable_turnover_ratio": null,
            "reinvestment_rate": null,
            "research_to_sale_ratio": null,
            "price_fair": 0,
            "eps_avg_yearly": 0,
            "eps_latest_yearly": 0,
            "eps_growth_yearly": 0
        },
        "20031": {
            "year_quarter": 20031,
            "year": 2003,
            "quarter": 1,
            "eps": null,
            "eps_growth_year": null,
            "eps_4q": null,
            "eps_4q_growth_year": null,
            "roe": null,
            "gross_profit": null,
            "gross_margin": null,
            "net_income": null,
            "revenue": null,
            "common_shares": null,
            "equity": null,
            "current_ratio": null,
            "debt_ratio": null,
            "inventory_turnover_ratio": null,
            "account_receivable_turnover_ratio": null,
            "reinvestment_rate": null,
            "research_to_sale_ratio": null,
            "price_fair": 0,
            "eps_avg_yearly": 0,
            "eps_latest_yearly": 0,
            "eps_growth_yearly": 0
        },
        "20032": {
            "year_quarter": 20032,
            "year": 2003,
            "quarter": 2,
            "eps": null,
            "eps_growth_year": null,
            "eps_4q": null,
            "eps_4q_growth_year": null,
            "roe": null,
            "gross_profit": null,
            "gross_margin": null,
            "net_income": null,
            "revenue": null,
            "common_shares": null,
            "equity": null,
            "current_ratio": null,
            "debt_ratio": null,
            "inventory_turnover_ratio": null,
            "account_receivable_turnover_ratio": null,
            "reinvestment_rate": null,
            "research_to_sale_ratio": null,
            "price_fair": 0,
            "eps_avg_yearly": 0,
            "eps_latest_yearly": 0,
            "eps_growth_yearly": 0
        },
        "20033": {
            "year_quarter": 20033,
            "year": 2003,
            "quarter": 3,
            "eps": null,
            "eps_growth_year": null,
            "eps_4q": null,
            "eps_4q_growth_year": null,
            "roe": null,
            "gross_profit": null,
            "gross_margin": null,
            "net_income": null,
            "revenue": null,
            "common_shares": null,
            "equity": null,
            "current_ratio": null,
            "debt_ratio": null,
            "inventory_turnover_ratio": null,
            "account_receivable_turnover_ratio": null,
            "reinvestment_rate": null,
            "research_to_sale_ratio": null,
            "price_fair": 0,
            "eps_avg_yearly": 0,
            "eps_latest_yearly": 0,
            "eps_growth_yearly": 0
        },
        "20034": {
            "year_quarter": 20034,
            "year": 2003,
            "quarter": 4,
            "eps": null,
            "eps_growth_year": null,
            "eps_4q": null,
            "eps_4q_growth_year": null,
            "roe": null,
            "gross_profit": null,
            "gross_margin": null,
            "net_income": null,
            "revenue": null,
            "common_shares": 1590155,
            "equity": 3914856,
            "current_ratio": 128.54,
            "debt_ratio": 46.03,
            "inventory_turnover_ratio": null,
            "account_receivable_turnover_ratio": null,
            "reinvestment_rate": null,
            "research_to_sale_ratio": null,
            "price_fair": 0,
            "eps_avg_yearly": 0,
            "eps_latest_yearly": 0,
            "eps_growth_yearly": 0
        },
        "20041": {
            "year_quarter": 20041,
            "year": 2004,
            "quarter": 1,
            "eps": null,
            "eps_growth_year": null,
            "eps_4q": null,
            "eps_4q_growth_year": null,
            "roe": null,
            "gross_profit": null,
            "gross_margin": null,
            "net_income": null,
            "revenue": null,
            "common_shares": null,
            "equity": null,
            "current_ratio": null,
            "debt_ratio": null,
            "inventory_turnover_ratio": null,
            "account_receivable_turnover_ratio": null,
            "reinvestment_rate": null,
            "research_to_sale_ratio": null,
            "price_fair": 0,
            "eps_avg_yearly": 0,
            "eps_latest_yearly": 0,
            "eps_growth_yearly": 0
        },
        "20042": {
            "year_quarter": 20042,
            "year": 2004,
            "quarter": 2,
            "eps": null,
            "eps_growth_year": null,
            "eps_4q": null,
            "eps_4q_growth_year": null,
            "roe": null,
            "gross_profit": null,
            "gross_margin": null,
            "net_income": null,
            "revenue": null,
            "common_shares": null,
            "equity": null,
            "current_ratio": null,
            "debt_ratio": null,
            "inventory_turnover_ratio": null,
            "account_receivable_turnover_ratio": null,
            "reinvestment_rate": null,
            "research_to_sale_ratio": null,
            "price_fair": 0,
            "eps_avg_yearly": 0,
            "eps_latest_yearly": 0,
            "eps_growth_yearly": 0
        },
        "20043": {
            "year_quarter": 20043,
            "year": 2004,
            "quarter": 3,
            "eps": null,
            "eps_growth_year": null,
            "eps_4q": null,
            "eps_4q_growth_year": null,
            "roe": null,
            "gross_profit": null,
            "gross_margin": null,
            "net_income": null,
            "revenue": null,
            "common_shares": null,
            "equity": null,
            "current_ratio": null,
            "debt_ratio": null,
            "inventory_turnover_ratio": null,
            "account_receivable_turnover_ratio": null,
            "reinvestment_rate": null,
            "research_to_sale_ratio": null,
            "price_fair": 0,
            "eps_avg_yearly": 0,
            "eps_latest_yearly": 0,
            "eps_growth_yearly": 0
        },
        "20044": {
            "year_quarter": 20044,
            "year": 2004,
            "quarter": 4,
            "eps": null,
            "eps_growth_year": null,
            "eps_4q": null,
            "eps_4q_growth_year": null,
            "roe": null,
            "gross_profit": null,
            "gross_margin": null,
            "net_income": null,
            "revenue": null,
            "common_shares": 1946326,
            "equity": 3905048,
            "current_ratio": 175.29,
            "debt_ratio": 55.24,
            "inventory_turnover_ratio": null,
            "account_receivable_turnover_ratio": null,
            "reinvestment_rate": null,
            "research_to_sale_ratio": null,
            "price_fair": 0,
            "eps_avg_yearly": 0,
            "eps_latest_yearly": 0,
            "eps_growth_yearly": 0
        },
        "20051": {
            "year_quarter": 20051,
            "year": 2005,
            "quarter": 1,
            "eps": null,
            "eps_growth_year": null,
            "eps_4q": null,
            "eps_4q_growth_year": null,
            "roe": null,
            "gross_profit": null,
            "gross_margin": null,
            "net_income": null,
            "revenue": null,
            "common_shares": null,
            "equity": null,
            "current_ratio": null,
            "debt_ratio": null,
            "inventory_turnover_ratio": null,
            "account_receivable_turnover_ratio": null,
            "reinvestment_rate": null,
            "research_to_sale_ratio": null,
            "price_fair": 0,
            "eps_avg_yearly": 0,
            "eps_latest_yearly": 0,
            "eps_growth_yearly": 0
        },
        "20052": {
            "year_quarter": 20052,
            "year": 2005,
            "quarter": 2,
            "eps": null,
            "eps_growth_year": null,
            "eps_4q": null,
            "eps_4q_growth_year": null,
            "roe": null,
            "gross_profit": null,
            "gross_margin": null,
            "net_income": null,
            "revenue": null,
            "common_shares": null,
            "equity": null,
            "current_ratio": null,
            "debt_ratio": null,
            "inventory_turnover_ratio": null,
            "account_receivable_turnover_ratio": null,
            "reinvestment_rate": null,
            "research_to_sale_ratio": null,
            "price_fair": 0,
            "eps_avg_yearly": 0,
            "eps_latest_yearly": 0,
            "eps_growth_yearly": 0
        },
        "20053": {
            "year_quarter": 20053,
            "year": 2005,
            "quarter": 3,
            "eps": null,
            "eps_growth_year": null,
            "eps_4q": null,
            "eps_4q_growth_year": null,
            "roe": null,
            "gross_profit": null,
            "gross_margin": null,
            "net_income": null,
            "revenue": null,
            "common_shares": null,
            "equity": null,
            "current_ratio": null,
            "debt_ratio": null,
            "inventory_turnover_ratio": null,
            "account_receivable_turnover_ratio": null,
            "reinvestment_rate": null,
            "research_to_sale_ratio": null,
            "price_fair": 0,
            "eps_avg_yearly": 0,
            "eps_latest_yearly": 0,
            "eps_growth_yearly": 0
        },
        "20054": {
            "year_quarter": 20054,
            "year": 2005,
            "quarter": 4,
            "eps": null,
            "eps_growth_year": null,
            "eps_4q": null,
            "eps_4q_growth_year": null,
            "roe": null,
            "gross_profit": null,
            "gross_margin": null,
            "net_income": null,
            "revenue": null,
            "common_shares": 2155389,
            "equity": 2610864,
            "current_ratio": 91.81,
            "debt_ratio": 74.97,
            "inventory_turnover_ratio": null,
            "account_receivable_turnover_ratio": null,
            "reinvestment_rate": null,
            "research_to_sale_ratio": null,
            "price_fair": 0,
            "eps_avg_yearly": 0,
            "eps_latest_yearly": 0,
            "eps_growth_yearly": 0
        },
        "20061": {
            "year_quarter": 20061,
            "year": 2006,
            "quarter": 1,
            "eps": null,
            "eps_growth_year": null,
            "eps_4q": null,
            "eps_4q_growth_year": null,
            "roe": null,
            "gross_profit": null,
            "gross_margin": null,
            "net_income": null,
            "revenue": null,
            "common_shares": null,
            "equity": null,
            "current_ratio": null,
            "debt_ratio": null,
            "inventory_turnover_ratio": null,
            "account_receivable_turnover_ratio": null,
            "reinvestment_rate": null,
            "research_to_sale_ratio": null,
            "price_fair": 0,
            "eps_avg_yearly": 0,
            "eps_latest_yearly": 0,
            "eps_growth_yearly": 0
        },
        "20062": {
            "year_quarter": 20062,
            "year": 2006,
            "quarter": 2,
            "eps": null,
            "eps_growth_year": null,
            "eps_4q": null,
            "eps_4q_growth_year": null,
            "roe": null,
            "gross_profit": null,
            "gross_margin": null,
            "net_income": null,
            "revenue": null,
            "common_shares": null,
            "equity": null,
            "current_ratio": null,
            "debt_ratio": null,
            "inventory_turnover_ratio": null,
            "account_receivable_turnover_ratio": null,
            "reinvestment_rate": null,
            "research_to_sale_ratio": null,
            "price_fair": 0,
            "eps_avg_yearly": 0,
            "eps_latest_yearly": 0,
            "eps_growth_yearly": 0
        },
        "20063": {
            "year_quarter": 20063,
            "year": 2006,
            "quarter": 3,
            "eps": null,
            "eps_growth_year": null,
            "eps_4q": null,
            "eps_4q_growth_year": null,
            "roe": null,
            "gross_profit": null,
            "gross_margin": null,
            "net_income": null,
            "revenue": null,
            "common_shares": null,
            "equity": null,
            "current_ratio": null,
            "debt_ratio": null,
            "inventory_turnover_ratio": null,
            "account_receivable_turnover_ratio": null,
            "reinvestment_rate": null,
            "research_to_sale_ratio": null,
            "price_fair": 0,
            "eps_avg_yearly": 0,
            "eps_latest_yearly": 0,
            "eps_growth_yearly": 0
        },
        "20064": {
            "year_quarter": 20064,
            "year": 2006,
            "quarter": 4,
            "eps": null,
            "eps_growth_year": null,
            "eps_4q": null,
            "eps_4q_growth_year": null,
            "roe": null,
            "gross_profit": null,
            "gross_margin": null,
            "net_income": null,
            "revenue": null,
            "common_shares": 2155389,
            "equity": 2865524,
            "current_ratio": 118.37,
            "debt_ratio": 74.38,
            "inventory_turnover_ratio": null,
            "account_receivable_turnover_ratio": null,
            "reinvestment_rate": null,
            "research_to_sale_ratio": null,
            "price_fair": 0,
            "eps_avg_yearly": 0,
            "eps_latest_yearly": 0,
            "eps_growth_yearly": 0
        },
        "20071": {
            "year_quarter": 20071,
            "year": 2007,
            "quarter": 1,
            "eps": 0.41,
            "eps_growth_year": null,
            "eps_4q": null,
            "eps_4q_growth_year": null,
            "roe": 3.32,
            "gross_profit": 271437,
            "gross_margin": 9.06,
            "net_income": 97091,
            "revenue": 2996263,
            "common_shares": 2155389,
            "equity": 2991838,
            "current_ratio": 114.49,
            "debt_ratio": 71.11,
            "inventory_turnover_ratio": 1.19,
            "account_receivable_turnover_ratio": null,
            "reinvestment_rate": null,
            "research_to_sale_ratio": null,
            "price_fair": 0,
            "eps_avg_yearly": 0,
            "eps_latest_yearly": 0,
            "eps_growth_yearly": 0
        },
        "20072": {
            "year_quarter": 20072,
            "year": 2007,
            "quarter": 2,
            "eps": 0.72,
            "eps_growth_year": null,
            "eps_4q": null,
            "eps_4q_growth_year": null,
            "roe": 5.09,
            "gross_profit": 177033,
            "gross_margin": 5.61,
            "net_income": 155272,
            "revenue": 3154285,
            "common_shares": 2155389,
            "equity": 3114992,
            "current_ratio": 107.93,
            "debt_ratio": 69.99,
            "inventory_turnover_ratio": 1.22,
            "account_receivable_turnover_ratio": null,
            "reinvestment_rate": null,
            "research_to_sale_ratio": null,
            "price_fair": 100.8,
            "eps_avg_yearly": 2.88,
            "eps_latest_yearly": 2.88,
            "eps_growth_yearly": 302.44
        },
        "20073": {
            "year_quarter": 20073,
            "year": 2007,
            "quarter": 3,
            "eps": null,
            "eps_growth_year": null,
            "eps_4q": null,
            "eps_4q_growth_year": null,
            "roe": null,
            "gross_profit": null,
            "gross_margin": null,
            "net_income": null,
            "revenue": null,
            "common_shares": null,
            "equity": null,
            "current_ratio": null,
            "debt_ratio": null,
            "inventory_turnover_ratio": null,
            "account_receivable_turnover_ratio": null,
            "reinvestment_rate": null,
            "research_to_sale_ratio": null,
            "price_fair": 100.8,
            "eps_avg_yearly": 2.88,
            "eps_latest_yearly": 2.88,
            "eps_growth_yearly": 302.44
        },
        "20074": {
            "year_quarter": 20074,
            "year": 2007,
            "quarter": 4,
            "eps": null,
            "eps_growth_year": null,
            "eps_4q": null,
            "eps_4q_growth_year": null,
            "roe": null,
            "gross_profit": null,
            "gross_margin": null,
            "net_income": null,
            "revenue": null,
            "common_shares": 2369373,
            "equity": 3615667,
            "current_ratio": 128.84,
            "debt_ratio": 67.33,
            "inventory_turnover_ratio": null,
            "account_receivable_turnover_ratio": null,
            "reinvestment_rate": null,
            "research_to_sale_ratio": null,
            "price_fair": 100.8,
            "eps_avg_yearly": 2.88,
            "eps_latest_yearly": 2.88,
            "eps_growth_yearly": 302.44
        },
        "20081": {
            "year_quarter": 20081,
            "year": 2008,
            "quarter": 1,
            "eps": 0.77,
            "eps_growth_year": 87.8,
            "eps_4q": null,
            "eps_4q_growth_year": null,
            "roe": 4.98,
            "gross_profit": 503622,
            "gross_margin": 13.66,
            "net_income": 182837,
            "revenue": 3686277,
            "common_shares": 2369373,
            "equity": 3724402,
            "current_ratio": 107.16,
            "debt_ratio": 71.38,
            "inventory_turnover_ratio": 0.92,
            "account_receivable_turnover_ratio": null,
            "reinvestment_rate": null,
            "research_to_sale_ratio": null,
            "price_fair": 100.8,
            "eps_avg_yearly": 2.88,
            "eps_latest_yearly": 2.88,
            "eps_growth_yearly": 302.44
        },
        "20082": {
            "year_quarter": 20082,
            "year": 2008,
            "quarter": 2,
            "eps": 0.48,
            "eps_growth_year": -33.33,
            "eps_4q": null,
            "eps_4q_growth_year": null,
            "roe": 3.43,
            "gross_profit": 432277,
            "gross_margin": 10.66,
            "net_income": 128375,
            "revenue": 4055686,
            "common_shares": 2369373,
            "equity": 3753680,
            "current_ratio": 111.66,
            "debt_ratio": 70.07,
            "inventory_turnover_ratio": 0.96,
            "account_receivable_turnover_ratio": null,
            "reinvestment_rate": null,
            "research_to_sale_ratio": null,
            "price_fair": 84,
            "eps_avg_yearly": 2.4,
            "eps_latest_yearly": 1.92,
            "eps_growth_yearly": 75.89
        },
        "20083": {
            "year_quarter": 20083,
            "year": 2008,
            "quarter": 3,
            "eps": null,
            "eps_growth_year": null,
            "eps_4q": null,
            "eps_4q_growth_year": null,
            "roe": null,
            "gross_profit": null,
            "gross_margin": null,
            "net_income": null,
            "revenue": null,
            "common_shares": null,
            "equity": null,
            "current_ratio": null,
            "debt_ratio": null,
            "inventory_turnover_ratio": null,
            "account_receivable_turnover_ratio": null,
            "reinvestment_rate": null,
            "research_to_sale_ratio": null,
            "price_fair": 84,
            "eps_avg_yearly": 2.4,
            "eps_latest_yearly": 1.92,
            "eps_growth_yearly": 75.89
        },
        "20084": {
            "year_quarter": 20084,
            "year": 2008,
            "quarter": 4,
            "eps": null,
            "eps_growth_year": null,
            "eps_4q": null,
            "eps_4q_growth_year": null,
            "roe": null,
            "gross_profit": null,
            "gross_margin": null,
            "net_income": null,
            "revenue": null,
            "common_shares": 2665301,
            "equity": 2681412,
            "current_ratio": 78.13,
            "debt_ratio": 80.65,
            "inventory_turnover_ratio": null,
            "account_receivable_turnover_ratio": null,
            "reinvestment_rate": null,
            "research_to_sale_ratio": null,
            "price_fair": 84,
            "eps_avg_yearly": 2.4,
            "eps_latest_yearly": 1.92,
            "eps_growth_yearly": 75.89
        },
        "20091": {
            "year_quarter": 20091,
            "year": 2009,
            "quarter": 1,
            "eps": null,
            "eps_growth_year": null,
            "eps_4q": null,
            "eps_4q_growth_year": null,
            "roe": null,
            "gross_profit": null,
            "gross_margin": null,
            "net_income": null,
            "revenue": null,
            "common_shares": null,
            "equity": null,
            "current_ratio": null,
            "debt_ratio": null,
            "inventory_turnover_ratio": null,
            "account_receivable_turnover_ratio": null,
            "reinvestment_rate": null,
            "research_to_sale_ratio": null,
            "price_fair": 84,
            "eps_avg_yearly": 2.4,
            "eps_latest_yearly": 1.92,
            "eps_growth_yearly": 75.89
        },
        "20092": {
            "year_quarter": 20092,
            "year": 2009,
            "quarter": 2,
            "eps": null,
            "eps_growth_year": null,
            "eps_4q": null,
            "eps_4q_growth_year": null,
            "roe": null,
            "gross_profit": null,
            "gross_margin": null,
            "net_income": null,
            "revenue": null,
            "common_shares": 2665301,
            "equity": 2245226,
            "current_ratio": null,
            "debt_ratio": null,
            "inventory_turnover_ratio": null,
            "account_receivable_turnover_ratio": null,
            "reinvestment_rate": null,
            "research_to_sale_ratio": null,
            "price_fair": 84,
            "eps_avg_yearly": 2.4,
            "eps_latest_yearly": 1.92,
            "eps_growth_yearly": 75.89
        },
        "20093": {
            "year_quarter": 20093,
            "year": 2009,
            "quarter": 3,
            "eps": 0.56,
            "eps_growth_year": null,
            "eps_4q": null,
            "eps_4q_growth_year": null,
            "roe": 6.47,
            "gross_profit": 513723,
            "gross_margin": 13.01,
            "net_income": 148811,
            "revenue": 3948909,
            "common_shares": 2665301,
            "equity": 2352791,
            "current_ratio": 85.75,
            "debt_ratio": 83.39,
            "inventory_turnover_ratio": 1.74,
            "account_receivable_turnover_ratio": 1.62,
            "reinvestment_rate": null,
            "research_to_sale_ratio": null,
            "price_fair": 84,
            "eps_avg_yearly": 2.4,
            "eps_latest_yearly": 1.92,
            "eps_growth_yearly": 75.89
        },
        "20094": {
            "year_quarter": 20094,
            "year": 2009,
            "quarter": 4,
            "eps": 1.28,
            "eps_growth_year": null,
            "eps_4q": null,
            "eps_4q_growth_year": null,
            "roe": 12.95,
            "gross_profit": 691562,
            "gross_margin": 15.62,
            "net_income": 334872,
            "revenue": 4427818,
            "common_shares": 2665301,
            "equity": 2818328,
            "current_ratio": 92.74,
            "debt_ratio": 78.25,
            "inventory_turnover_ratio": 1.68,
            "account_receivable_turnover_ratio": 7.66,
            "reinvestment_rate": null,
            "research_to_sale_ratio": null,
            "price_fair": 115.73,
            "eps_avg_yearly": 3.31,
            "eps_latest_yearly": 5.12,
            "eps_growth_yearly": 222.03
        },
        "20101": {
            "year_quarter": 20101,
            "year": 2010,
            "quarter": 1,
            "eps": null,
            "eps_growth_year": null,
            "eps_4q": null,
            "eps_4q_growth_year": null,
            "roe": null,
            "gross_profit": 414778,
            "gross_margin": null,
            "net_income": 79212,
            "revenue": 4390428,
            "common_shares": 2865301,
            "equity": 3321820,
            "current_ratio": 96.19,
            "debt_ratio": 75.71,
            "inventory_turnover_ratio": null,
            "account_receivable_turnover_ratio": null,
            "reinvestment_rate": null,
            "research_to_sale_ratio": null,
            "price_fair": 115.73,
            "eps_avg_yearly": 3.31,
            "eps_latest_yearly": 5.12,
            "eps_growth_yearly": 222.03
        },
        "20102": {
            "year_quarter": 20102,
            "year": 2010,
            "quarter": 2,
            "eps": 0.15,
            "eps_growth_year": null,
            "eps_4q": 1.86,
            "eps_4q_growth_year": null,
            "roe": 1.3,
            "gross_profit": 265534,
            "gross_margin": 5.48,
            "net_income": 43565,
            "revenue": 4846836,
            "common_shares": 2865301,
            "equity": 3402504,
            "current_ratio": 97.88,
            "debt_ratio": 76.55,
            "inventory_turnover_ratio": 1.62,
            "account_receivable_turnover_ratio": 7.68,
            "reinvestment_rate": null,
            "research_to_sale_ratio": null,
            "price_fair": 115.73,
            "eps_avg_yearly": 3.31,
            "eps_latest_yearly": 5.12,
            "eps_growth_yearly": 222.03
        },
        "20103": {
            "year_quarter": 20103,
            "year": 2010,
            "quarter": 3,
            "eps": 0.13,
            "eps_growth_year": -77.17,
            "eps_4q": 1.47,
            "eps_4q_growth_year": null,
            "roe": 0.57,
            "gross_profit": 440140,
            "gross_margin": 10.07,
            "net_income": 19747,
            "revenue": 4370218,
            "common_shares": 2865301,
            "equity": 3472735,
            "current_ratio": 94.48,
            "debt_ratio": 75.92,
            "inventory_turnover_ratio": 1.3,
            "account_receivable_turnover_ratio": 4.12,
            "reinvestment_rate": null,
            "research_to_sale_ratio": 3.46,
            "price_fair": 91.35,
            "eps_avg_yearly": 2.61,
            "eps_latest_yearly": 0.52,
            "eps_growth_yearly": 153.19
        },
        "20104": {
            "year_quarter": 20104,
            "year": 2010,
            "quarter": 4,
            "eps": -0.17,
            "eps_growth_year": -113.4,
            "eps_4q": 0.09,
            "eps_4q_growth_year": null,
            "roe": -2.68,
            "gross_profit": 211955,
            "gross_margin": 4.73,
            "net_income": -98976,
            "revenue": 4479810,
            "common_shares": 3101301,
            "equity": 3900758,
            "current_ratio": 123.42,
            "debt_ratio": 72.92,
            "inventory_turnover_ratio": 1.4,
            "account_receivable_turnover_ratio": 5.08,
            "reinvestment_rate": null,
            "research_to_sale_ratio": 2.69,
            "price_fair": 91.35,
            "eps_avg_yearly": 2.61,
            "eps_latest_yearly": 0.52,
            "eps_growth_yearly": 153.19
        },
        "20111": {
            "year_quarter": 20111,
            "year": 2011,
            "quarter": 1,
            "eps": -1.21,
            "eps_growth_year": null,
            "eps_4q": -1.12,
            "eps_4q_growth_year": null,
            "roe": -10.91,
            "gross_profit": 391540,
            "gross_margin": 8.09,
            "net_income": -404519,
            "revenue": 4838925,
            "common_shares": 3101301,
            "equity": 3517229,
            "current_ratio": 114.4,
            "debt_ratio": 76.58,
            "inventory_turnover_ratio": 1.36,
            "account_receivable_turnover_ratio": 3.4,
            "reinvestment_rate": null,
            "research_to_sale_ratio": 1.98,
            "price_fair": 91.35,
            "eps_avg_yearly": 2.61,
            "eps_latest_yearly": 0.52,
            "eps_growth_yearly": 153.19
        },
        "20112": {
            "year_quarter": 20112,
            "year": 2011,
            "quarter": 2,
            "eps": 0.63,
            "eps_growth_year": 311.73,
            "eps_4q": -0.64,
            "eps_4q_growth_year": -134.18,
            "roe": 3.9,
            "gross_profit": 364705,
            "gross_margin": 7.06,
            "net_income": 143069,
            "revenue": 5169263,
            "common_shares": 3101301,
            "equity": 3822340,
            "current_ratio": 123.88,
            "debt_ratio": 74.77,
            "inventory_turnover_ratio": 1.35,
            "account_receivable_turnover_ratio": 3.03,
            "reinvestment_rate": null,
            "research_to_sale_ratio": 2.72,
            "price_fair": 88.2,
            "eps_avg_yearly": 2.52,
            "eps_latest_yearly": 0.52,
            "eps_growth_yearly": 103.43
        },
        "20113": {
            "year_quarter": 20113,
            "year": 2011,
            "quarter": 3,
            "eps": -0.88,
            "eps_growth_year": -786.24,
            "eps_4q": -1.61,
            "eps_4q_growth_year": -209.28,
            "roe": -7.95,
            "gross_profit": 105148,
            "gross_margin": 2.63,
            "net_income": -301817,
            "revenue": 3998029,
            "common_shares": 3206745,
            "equity": 3772894,
            "current_ratio": 131.18,
            "debt_ratio": 73.08,
            "inventory_turnover_ratio": 1.16,
            "account_receivable_turnover_ratio": 3.27,
            "reinvestment_rate": null,
            "research_to_sale_ratio": 3.68,
            "price_fair": 88.2,
            "eps_avg_yearly": 2.52,
            "eps_latest_yearly": 0.52,
            "eps_growth_yearly": 103.43
        },
        "20114": {
            "year_quarter": 20114,
            "year": 2011,
            "quarter": 4,
            "eps": -0.74,
            "eps_growth_year": null,
            "eps_4q": -2.18,
            "eps_4q_growth_year": -2603.29,
            "roe": -7.96,
            "gross_profit": -51216,
            "gross_margin": -1.38,
            "net_income": -273208,
            "revenue": 3724235,
            "common_shares": 3206745,
            "equity": 3093092,
            "current_ratio": 115.23,
            "debt_ratio": 76.36,
            "inventory_turnover_ratio": 1.23,
            "account_receivable_turnover_ratio": 3.98,
            "reinvestment_rate": null,
            "research_to_sale_ratio": 3.07,
            "price_fair": 88.2,
            "eps_avg_yearly": 2.52,
            "eps_latest_yearly": 0.52,
            "eps_growth_yearly": 103.43
        },
        "20121": {
            "year_quarter": 20121,
            "year": 2012,
            "quarter": 1,
            "eps": -1.1,
            "eps_growth_year": null,
            "eps_4q": -2.11,
            "eps_4q_growth_year": null,
            "roe": -12.1,
            "gross_profit": -183054,
            "gross_margin": -4.75,
            "net_income": -352713,
            "revenue": 3850172,
            "common_shares": 3206745,
            "equity": 2736172,
            "current_ratio": 103.44,
            "debt_ratio": 78.92,
            "inventory_turnover_ratio": 1.29,
            "account_receivable_turnover_ratio": 3.72,
            "reinvestment_rate": null,
            "research_to_sale_ratio": 2.13,
            "price_fair": 88.2,
            "eps_avg_yearly": 2.52,
            "eps_latest_yearly": 0.52,
            "eps_growth_yearly": 103.43
        },
        "20122": {
            "year_quarter": 20122,
            "year": 2012,
            "quarter": 2,
            "eps": -0.81,
            "eps_growth_year": -229.72,
            "eps_4q": -3.53,
            "eps_4q_growth_year": null,
            "roe": -10,
            "gross_profit": 48543,
            "gross_margin": 1.44,
            "net_income": -260405,
            "revenue": 3374213,
            "common_shares": 3206745,
            "equity": 2474019,
            "current_ratio": 101.6,
            "debt_ratio": 80.5,
            "inventory_turnover_ratio": 1.01,
            "account_receivable_turnover_ratio": 2.89,
            "reinvestment_rate": null,
            "research_to_sale_ratio": 2.85,
            "price_fair": 98.7,
            "eps_avg_yearly": 2.82,
            "eps_latest_yearly": 0.52,
            "eps_growth_yearly": 230.48
        },
        "20123": {
            "year_quarter": 20123,
            "year": 2012,
            "quarter": 3,
            "eps": -1.16,
            "eps_growth_year": null,
            "eps_4q": -3.81,
            "eps_4q_growth_year": null,
            "roe": -16.36,
            "gross_profit": -124522,
            "gross_margin": -3.46,
            "net_income": -372102,
            "revenue": 3603368,
            "common_shares": 3206745,
            "equity": 2074476,
            "current_ratio": 96.67,
            "debt_ratio": 83.58,
            "inventory_turnover_ratio": 1.22,
            "account_receivable_turnover_ratio": 3.3,
            "reinvestment_rate": null,
            "research_to_sale_ratio": 2.3,
            "price_fair": 98.7,
            "eps_avg_yearly": 2.82,
            "eps_latest_yearly": 0.52,
            "eps_growth_yearly": 230.48
        },
        "20124": {
            "year_quarter": 20124,
            "year": 2012,
            "quarter": 4,
            "eps": -0.31,
            "eps_growth_year": null,
            "eps_4q": -3.38,
            "eps_4q_growth_year": null,
            "roe": -4.85,
            "gross_profit": 22539,
            "gross_margin": 0.55,
            "net_income": -98530,
            "revenue": 4084605,
            "common_shares": 3206745,
            "equity": 1984828,
            "current_ratio": 98.15,
            "debt_ratio": 84.29,
            "inventory_turnover_ratio": 1.38,
            "account_receivable_turnover_ratio": 4.14,
            "reinvestment_rate": null,
            "research_to_sale_ratio": 2.04,
            "price_fair": 98.7,
            "eps_avg_yearly": 2.82,
            "eps_latest_yearly": 0.52,
            "eps_growth_yearly": 230.48
        },
        "20131": {
            "year_quarter": 20131,
            "year": 2013,
            "quarter": 1,
            "eps": 0.52,
            "eps_growth_year": null,
            "eps_4q": -1.76,
            "eps_4q_growth_year": null,
            "roe": 8.03,
            "gross_profit": 288318,
            "gross_margin": 6.54,
            "net_income": 166226,
            "revenue": 4406225,
            "common_shares": 3206745,
            "equity": 2154144,
            "current_ratio": 89.53,
            "debt_ratio": 82.23,
            "inventory_turnover_ratio": 1.41,
            "account_receivable_turnover_ratio": 4.59,
            "reinvestment_rate": null,
            "research_to_sale_ratio": 1.86,
            "price_fair": 98.7,
            "eps_avg_yearly": 2.82,
            "eps_latest_yearly": 0.52,
            "eps_growth_yearly": 230.48
        },
        "20132": {
            "year_quarter": 20132,
            "year": 2013,
            "quarter": 2,
            "eps": 1.31,
            "eps_growth_year": null,
            "eps_4q": 0.36,
            "eps_4q_growth_year": null,
            "roe": 17.71,
            "gross_profit": 730937,
            "gross_margin": 14.53,
            "net_income": 419959,
            "revenue": 5029098,
            "common_shares": 3206745,
            "equity": 2588267,
            "current_ratio": 95.39,
            "debt_ratio": 78.32,
            "inventory_turnover_ratio": 1.65,
            "account_receivable_turnover_ratio": 4.17,
            "reinvestment_rate": null,
            "research_to_sale_ratio": 1.69,
            "price_fair": 126.93,
            "eps_avg_yearly": 3.63,
            "eps_latest_yearly": 5.24,
            "eps_growth_yearly": 356.21
        },
        "20133": {
            "year_quarter": 20133,
            "year": 2013,
            "quarter": 3,
            "eps": 1.34,
            "eps_growth_year": null,
            "eps_4q": 2.87,
            "eps_4q_growth_year": null,
            "roe": 15.42,
            "gross_profit": 628806,
            "gross_margin": 14.1,
            "net_income": 431108,
            "revenue": 4458989,
            "common_shares": 3206745,
            "equity": 3002579,
            "current_ratio": 98.77,
            "debt_ratio": 73.93,
            "inventory_turnover_ratio": 1.51,
            "account_receivable_turnover_ratio": 2.77,
            "reinvestment_rate": null,
            "research_to_sale_ratio": 2.39,
            "price_fair": 142.1,
            "eps_avg_yearly": 4.06,
            "eps_latest_yearly": 5.36,
            "eps_growth_yearly": 269.45
        },
        "20134": {
            "year_quarter": 20134,
            "year": 2013,
            "quarter": 4,
            "eps": 1.25,
            "eps_growth_year": null,
            "eps_4q": 4.42,
            "eps_4q_growth_year": null,
            "roe": 12.35,
            "gross_profit": 638509,
            "gross_margin": 15.31,
            "net_income": 399670,
            "revenue": 4170812,
            "common_shares": 3206745,
            "equity": 3467429,
            "current_ratio": 103.38,
            "debt_ratio": 68.25,
            "inventory_turnover_ratio": 1.43,
            "account_receivable_turnover_ratio": 2.71,
            "reinvestment_rate": null,
            "research_to_sale_ratio": 3.09,
            "price_fair": 141.05,
            "eps_avg_yearly": 4.03,
            "eps_latest_yearly": 5,
            "eps_growth_yearly": 134.16
        },
        "20141": {
            "year_quarter": 20141,
            "year": 2014,
            "quarter": 1,
            "eps": 1.19,
            "eps_growth_year": 128.85,
            "eps_4q": 5.09,
            "eps_4q_growth_year": null,
            "roe": 10.39,
            "gross_profit": 701291,
            "gross_margin": 17.41,
            "net_income": 380193,
            "revenue": 4027617,
            "common_shares": 3206745,
            "equity": 3850407,
            "current_ratio": 110.72,
            "debt_ratio": 68.16,
            "inventory_turnover_ratio": 1.41,
            "account_receivable_turnover_ratio": 1.82,
            "reinvestment_rate": -4591.19,
            "research_to_sale_ratio": 2.81,
            "price_fair": 146.16,
            "eps_avg_yearly": 4.18,
            "eps_latest_yearly": 4.76,
            "eps_growth_yearly": 103.49
        },
        "20142": {
            "year_quarter": 20142,
            "year": 2014,
            "quarter": 2,
            "eps": 1,
            "eps_growth_year": -23.66,
            "eps_4q": 4.77,
            "eps_4q_growth_year": 1224.13,
            "roe": 8.1,
            "gross_profit": 625381,
            "gross_margin": 14.73,
            "net_income": 319101,
            "revenue": 4246710,
            "common_shares": 3206745,
            "equity": 4027880,
            "current_ratio": 105.48,
            "debt_ratio": 69.2,
            "inventory_turnover_ratio": 1.61,
            "account_receivable_turnover_ratio": 1.16,
            "reinvestment_rate": -1031.48,
            "research_to_sale_ratio": 3.28,
            "price_fair": 145.13,
            "eps_avg_yearly": 4.15,
            "eps_latest_yearly": 4,
            "eps_growth_yearly": 75.6
        },
        "20143": {
            "year_quarter": 20143,
            "year": 2014,
            "quarter": 3,
            "eps": 0.54,
            "eps_growth_year": -59.7,
            "eps_4q": 3.96,
            "eps_4q_growth_year": 38.33,
            "roe": 4.09,
            "gross_profit": 523587,
            "gross_margin": 12.65,
            "net_income": 171918,
            "revenue": 4138634,
            "common_shares": 3206745,
            "equity": 4378080,
            "current_ratio": 113.9,
            "debt_ratio": 64.68,
            "inventory_turnover_ratio": 1.51,
            "account_receivable_turnover_ratio": 1.06,
            "reinvestment_rate": -1251.77,
            "research_to_sale_ratio": 2.23,
            "price_fair": 154.7,
            "eps_avg_yearly": 4.42,
            "eps_latest_yearly": 2.16,
            "eps_growth_yearly": 53.82
        },
        "20144": {
            "year_quarter": 20144,
            "year": 2014,
            "quarter": 4,
            "eps": 0.59,
            "eps_growth_year": -52.76,
            "eps_4q": 3.31,
            "eps_4q_growth_year": -25.19,
            "roe": 4.2,
            "gross_profit": 388654,
            "gross_margin": 9.47,
            "net_income": 188810,
            "revenue": 4104151,
            "common_shares": 3206745,
            "equity": 4619403,
            "current_ratio": 104.63,
            "debt_ratio": 63.36,
            "inventory_turnover_ratio": 1.49,
            "account_receivable_turnover_ratio": 1.14,
            "reinvestment_rate": -511.76,
            "research_to_sale_ratio": 2.35,
            "price_fair": 144.4,
            "eps_avg_yearly": 4.13,
            "eps_latest_yearly": 2.36,
            "eps_growth_yearly": 51.42
        },
        "20151": {
            "year_quarter": 20151,
            "year": 2015,
            "quarter": 1,
            "eps": 0.68,
            "eps_growth_year": -42.86,
            "eps_4q": 2.8,
            "eps_4q_growth_year": -45,
            "roe": 4.63,
            "gross_profit": 601959,
            "gross_margin": 15.68,
            "net_income": 217176,
            "revenue": 3839473,
            "common_shares": 3206745,
            "equity": 4771159,
            "current_ratio": 129,
            "debt_ratio": 60.96,
            "inventory_turnover_ratio": 1.32,
            "account_receivable_turnover_ratio": 1.08,
            "reinvestment_rate": -261.06,
            "research_to_sale_ratio": 4.68,
            "price_fair": 138.25,
            "eps_avg_yearly": 3.95,
            "eps_latest_yearly": 2.72,
            "eps_growth_yearly": 52.62
        },
        "20152": {
            "year_quarter": 20152,
            "year": 2015,
            "quarter": 2,
            "eps": 0.46,
            "eps_growth_year": -54,
            "eps_4q": 2.26,
            "eps_4q_growth_year": -52.59,
            "roe": 3.21,
            "gross_profit": 569173,
            "gross_margin": 15.37,
            "net_income": 147566,
            "revenue": 3703018,
            "common_shares": 3206745,
            "equity": 4430844,
            "current_ratio": 123.12,
            "debt_ratio": 58.75,
            "inventory_turnover_ratio": 1.5,
            "account_receivable_turnover_ratio": 1.18,
            "reinvestment_rate": -239.08,
            "research_to_sale_ratio": 4.28,
            "price_fair": 130.04,
            "eps_avg_yearly": 3.72,
            "eps_latest_yearly": 1.84,
            "eps_growth_yearly": 32.4
        },
        "20153": {
            "year_quarter": 20153,
            "year": 2015,
            "quarter": 3,
            "eps": 0.36,
            "eps_growth_year": -33.33,
            "eps_4q": 2.09,
            "eps_4q_growth_year": -47.25,
            "roe": 2.59,
            "gross_profit": 612270,
            "gross_margin": 17.01,
            "net_income": 116788,
            "revenue": 3600245,
            "common_shares": 3206745,
            "equity": 4598513,
            "current_ratio": 126.25,
            "debt_ratio": 58.36,
            "inventory_turnover_ratio": 1.73,
            "account_receivable_turnover_ratio": 1.24,
            "reinvestment_rate": -168.86,
            "research_to_sale_ratio": 5.64,
            "price_fair": 106.25,
            "eps_avg_yearly": 3.49,
            "eps_latest_yearly": 1.44,
            "eps_growth_yearly": 20.46
        },
        "20154": {
            "year_quarter": 20154,
            "year": 2015,
            "quarter": 4,
            "eps": 0.08,
            "eps_growth_year": -87.08,
            "eps_4q": 1.58,
            "eps_4q_growth_year": -52.27,
            "roe": 0.53,
            "gross_profit": 437406,
            "gross_margin": 12.55,
            "net_income": 24403,
            "revenue": 3486129,
            "common_shares": 3206745,
            "equity": 4613589,
            "current_ratio": 128.87,
            "debt_ratio": 59.16,
            "inventory_turnover_ratio": 1.88,
            "account_receivable_turnover_ratio": 1.05,
            "reinvestment_rate": -128.26,
            "research_to_sale_ratio": 5.16,
            "price_fair": 9.6,
            "eps_avg_yearly": 3.2,
            "eps_latest_yearly": 0.32,
            "eps_growth_yearly": -9.68
        },
        "20161": {
            "year_quarter": 20161,
            "year": 2016,
            "quarter": 1,
            "eps": -0.24,
            "eps_growth_year": -135.29,
            "eps_4q": 0.66,
            "eps_4q_growth_year": -76.29,
            "roe": -1.67,
            "gross_profit": 385846,
            "gross_margin": 12.13,
            "net_income": -76111,
            "revenue": 3181987,
            "common_shares": 3206745,
            "equity": 4488138,
            "current_ratio": 127.92,
            "debt_ratio": 59.7,
            "inventory_turnover_ratio": 1.64,
            "account_receivable_turnover_ratio": 0.93,
            "reinvestment_rate": -104.14,
            "research_to_sale_ratio": 4.85,
            "price_fair": 9.6,
            "eps_avg_yearly": 3.2,
            "eps_latest_yearly": 0.32,
            "eps_growth_yearly": -9.68
        },
        "20162": {
            "year_quarter": 20162,
            "year": 2016,
            "quarter": 2,
            "eps": -0.21,
            "eps_growth_year": -145.65,
            "eps_4q": -0.01,
            "eps_4q_growth_year": -100.6,
            "roe": -1.64,
            "gross_profit": 470743,
            "gross_margin": 14.99,
            "net_income": -69439,
            "revenue": 3140136,
            "common_shares": 3206745,
            "equity": 3997606,
            "current_ratio": 107.14,
            "debt_ratio": 65.37,
            "inventory_turnover_ratio": 1.42,
            "account_receivable_turnover_ratio": 0.97,
            "reinvestment_rate": -85.08,
            "research_to_sale_ratio": 4.86,
            "price_fair": 9.6,
            "eps_avg_yearly": 3.2,
            "eps_latest_yearly": 0.32,
            "eps_growth_yearly": -9.68
        },
        "20163": {
            "year_quarter": 20163,
            "year": 2016,
            "quarter": 3,
            "eps": -1.03,
            "eps_growth_year": -386.11,
            "eps_4q": -1.41,
            "eps_4q_growth_year": -167.36,
            "roe": -8.7,
            "gross_profit": 176292,
            "gross_margin": 5.48,
            "net_income": -330417,
            "revenue": 3217726,
            "common_shares": 3206745,
            "equity": 3597758,
            "current_ratio": 101.58,
            "debt_ratio": 67.13,
            "inventory_turnover_ratio": 1.67,
            "account_receivable_turnover_ratio": 0.99,
            "reinvestment_rate": -75.13,
            "research_to_sale_ratio": 4.37,
            "price_fair": 9.6,
            "eps_avg_yearly": 3.2,
            "eps_latest_yearly": 0.32,
            "eps_growth_yearly": -9.68
        },
        "20164": {
            "year_quarter": 20164,
            "year": 2016,
            "quarter": 4,
            "eps": 0.17,
            "eps_growth_year": 128.44,
            "eps_4q": -1.31,
            "eps_4q_growth_year": -183.06,
            "roe": 1.54,
            "gross_profit": 245985,
            "gross_margin": 7.65,
            "net_income": 55746,
            "revenue": 3214104,
            "common_shares": 3206745,
            "equity": 3632834,
            "current_ratio": 116.11,
            "debt_ratio": 64.3,
            "inventory_turnover_ratio": 1.88,
            "account_receivable_turnover_ratio": 1.11,
            "reinvestment_rate": -53.51,
            "research_to_sale_ratio": 4.24,
            "price_fair": 9.6,
            "eps_avg_yearly": 3.2,
            "eps_latest_yearly": 0.32,
            "eps_growth_yearly": -9.68
        },
        "20171": {
            "year_quarter": 20171,
            "year": 2017,
            "quarter": 1,
            "eps": 0.48,
            "eps_growth_year": null,
            "eps_4q": -0.59,
            "eps_4q_growth_year": -189.19,
            "roe": 4.22,
            "gross_profit": 459233,
            "gross_margin": 14.92,
            "net_income": 154459,
            "revenue": 3077920,
            "common_shares": 3206745,
            "equity": 3689549,
            "current_ratio": 108.59,
            "debt_ratio": 62.69,
            "inventory_turnover_ratio": 1.75,
            "account_receivable_turnover_ratio": 1.37,
            "reinvestment_rate": -44.99,
            "research_to_sale_ratio": 4.87,
            "price_fair": 108.27,
            "eps_avg_yearly": 3.09,
            "eps_latest_yearly": 1.92,
            "eps_growth_yearly": 51.91
        },
        "20172": {
            "year_quarter": 20172,
            "year": 2017,
            "quarter": 2,
            "eps": 0.23,
            "eps_growth_year": null,
            "eps_4q": -0.14,
            "eps_4q_growth_year": null,
            "roe": 1.99,
            "gross_profit": 447629,
            "gross_margin": 16.77,
            "net_income": 74575,
            "revenue": 2669711,
            "common_shares": 3206745,
            "equity": 3799752,
            "current_ratio": 90.79,
            "debt_ratio": 60.59,
            "inventory_turnover_ratio": 1.45,
            "account_receivable_turnover_ratio": 1.3,
            "reinvestment_rate": -51.14,
            "research_to_sale_ratio": 6.63,
            "price_fair": 8.2,
            "eps_avg_yearly": 2.73,
            "eps_latest_yearly": 0.92,
            "eps_growth_yearly": -16.09
        },
        "20173": {
            "year_quarter": 20173,
            "year": 2017,
            "quarter": 3,
            "eps": 0.53,
            "eps_growth_year": null,
            "eps_4q": 1.41,
            "eps_4q_growth_year": null,
            "roe": 4.33,
            "gross_profit": 448811,
            "gross_margin": 16.14,
            "net_income": 168810,
            "revenue": 2780851,
            "common_shares": 3206745,
            "equity": 3999386,
            "current_ratio": 117.37,
            "debt_ratio": 60.94,
            "inventory_turnover_ratio": 1.45,
            "account_receivable_turnover_ratio": 1.16,
            "reinvestment_rate": -46.19,
            "research_to_sale_ratio": 6.88,
            "price_fair": 86.22,
            "eps_avg_yearly": 2.46,
            "eps_latest_yearly": 2.12,
            "eps_growth_yearly": 26.62
        },
        "20174": {
            "year_quarter": 20174,
            "year": 2017,
            "quarter": 4,
            "eps": 0.4,
            "eps_growth_year": 128.33,
            "eps_4q": 1.64,
            "eps_4q_growth_year": null,
            "roe": 3.13,
            "gross_profit": 390227,
            "gross_margin": 14.99,
            "net_income": 127283,
            "revenue": 2604105,
            "common_shares": 3206745,
            "equity": 4130808,
            "current_ratio": 119,
            "debt_ratio": 59.54,
            "inventory_turnover_ratio": 1.34,
            "account_receivable_turnover_ratio": 0.95,
            "reinvestment_rate": -35.94,
            "research_to_sale_ratio": 6.84,
            "price_fair": 66.89,
            "eps_avg_yearly": 2.18,
            "eps_latest_yearly": 1.6,
            "eps_growth_yearly": 20.68
        },
        "20181": {
            "year_quarter": 20181,
            "year": 2018,
            "quarter": 1,
            "eps": 0.34,
            "eps_growth_year": -29.17,
            "eps_4q": 1.5,
            "eps_4q_growth_year": null,
            "roe": 2.62,
            "gross_profit": 442293,
            "gross_margin": 14.94,
            "net_income": 110141,
            "revenue": 2959952,
            "common_shares": 3206745,
            "equity": 4270498,
            "current_ratio": 124.91,
            "debt_ratio": 58.26,
            "inventory_turnover_ratio": 1.57,
            "account_receivable_turnover_ratio": 1.01,
            "reinvestment_rate": -68.17,
            "research_to_sale_ratio": 5.45,
            "price_fair": 51.75,
            "eps_avg_yearly": 1.9,
            "eps_latest_yearly": 1.36,
            "eps_growth_yearly": 17.28
        },
        "20182": {
            "year_quarter": 20182,
            "year": 2018,
            "quarter": 2,
            "eps": 0.08,
            "eps_growth_year": -65.22,
            "eps_4q": 1.35,
            "eps_4q_growth_year": null,
            "roe": 0.66,
            "gross_profit": 408270,
            "gross_margin": 13.52,
            "net_income": 27108,
            "revenue": 3019123,
            "common_shares": 3206745,
            "equity": 3992998,
            "current_ratio": 106.18,
            "debt_ratio": 60.3,
            "inventory_turnover_ratio": 1.6,
            "account_receivable_turnover_ratio": 1.06,
            "reinvestment_rate": -66.05,
            "research_to_sale_ratio": 5.17,
            "price_fair": 4.77,
            "eps_avg_yearly": 1.59,
            "eps_latest_yearly": 0.32,
            "eps_growth_yearly": -2.88
        },
        "20183": {
            "year_quarter": 20183,
            "year": 2018,
            "quarter": 3,
            "eps": 0.32,
            "eps_growth_year": -39.62,
            "eps_4q": 1.14,
            "eps_4q_growth_year": -19.37,
            "roe": 2.52,
            "gross_profit": 490541,
            "gross_margin": 14.53,
            "net_income": 101772,
            "revenue": 3374985,
            "common_shares": 3206745,
            "equity": 4086185,
            "current_ratio": 114.37,
            "debt_ratio": 60.38,
            "inventory_turnover_ratio": 1.7,
            "account_receivable_turnover_ratio": 1.41,
            "reinvestment_rate": -20.13,
            "research_to_sale_ratio": 4.9,
            "price_fair": 53.08,
            "eps_avg_yearly": 1.52,
            "eps_latest_yearly": 1.28,
            "eps_growth_yearly": 112.45
        },
        "20184": {
            "year_quarter": 20184,
            "year": 2018,
            "quarter": 4,
            "eps": 0.28,
            "eps_growth_year": -29.17,
            "eps_4q": 1.02,
            "eps_4q_growth_year": -37.43,
            "roe": 2.09,
            "gross_profit": 509073,
            "gross_margin": 14.93,
            "net_income": 86353,
            "revenue": 3410111,
            "common_shares": 3206745,
            "equity": 4184015,
            "current_ratio": 117.1,
            "debt_ratio": 59.55,
            "inventory_turnover_ratio": 1.59,
            "account_receivable_turnover_ratio": 1.53,
            "reinvestment_rate": -14.13,
            "research_to_sale_ratio": 4.64,
            "price_fair": 49.47,
            "eps_avg_yearly": 1.41,
            "eps_latest_yearly": 1.12,
            "eps_growth_yearly": 105.2
        },
        "20191": {
            "year_quarter": 20191,
            "year": 2019,
            "quarter": 1,
            "eps": 0.22,
            "eps_growth_year": -35.29,
            "eps_4q": 0.9,
            "eps_4q_growth_year": -39.98,
            "roe": 1.65,
            "gross_profit": 531533,
            "gross_margin": 15.67,
            "net_income": 69658,
            "revenue": 3391811,
            "common_shares": 3206745,
            "equity": 4281442,
            "current_ratio": 117.24,
            "debt_ratio": 59.88,
            "inventory_turnover_ratio": 1.44,
            "account_receivable_turnover_ratio": 1.51,
            "reinvestment_rate": -10.61,
            "research_to_sale_ratio": 4.7,
            "price_fair": 44.1,
            "eps_avg_yearly": 1.26,
            "eps_latest_yearly": 0.88,
            "eps_growth_yearly": 92.97
        },
        "20192": {
            "year_quarter": 20192,
            "year": 2019,
            "quarter": 2,
            "eps": 0.27,
            "eps_growth_year": 237.5,
            "eps_4q": 1.09,
            "eps_4q_growth_year": -19.66,
            "roe": 2.07,
            "gross_profit": 640838,
            "gross_margin": 17.51,
            "net_income": 86773,
            "revenue": 3659222,
            "common_shares": 3206745,
            "equity": 4090020,
            "current_ratio": 104,
            "debt_ratio": 60.21,
            "inventory_turnover_ratio": 1.54,
            "account_receivable_turnover_ratio": 1.72,
            "reinvestment_rate": -1.59,
            "research_to_sale_ratio": 4.73,
            "price_fair": 41.88,
            "eps_avg_yearly": 1.2,
            "eps_latest_yearly": 1.08,
            "eps_growth_yearly": 111.33
        },
        "20193": {
            "year_quarter": 20193,
            "year": 2019,
            "quarter": 3,
            "eps": 0.21,
            "eps_growth_year": -34.38,
            "eps_4q": 0.98,
            "eps_4q_growth_year": -13.71,
            "roe": 1.68,
            "gross_profit": 543952,
            "gross_margin": 15.42,
            "net_income": 68608,
            "revenue": 3526475,
            "common_shares": 3206745,
            "equity": 4096764,
            "current_ratio": 112.8,
            "debt_ratio": 61.77,
            "inventory_turnover_ratio": 1.6,
            "account_receivable_turnover_ratio": 1.59,
            "reinvestment_rate": -0.57,
            "research_to_sale_ratio": 5.17,
            "price_fair": 40.13,
            "eps_avg_yearly": 1.15,
            "eps_latest_yearly": 0.84,
            "eps_growth_yearly": 111.17
        },
        "20194": {
            "year_quarter": 20194,
            "year": 2019,
            "quarter": 4,
            "eps": 0.1,
            "eps_growth_year": -64.84,
            "eps_4q": 0.8,
            "eps_4q_growth_year": -21.75,
            "roe": 0.77,
            "gross_profit": 425705,
            "gross_margin": 12.65,
            "net_income": 31701,
            "revenue": 3365461,
            "common_shares": 3206745,
            "equity": 4130968,
            "current_ratio": 114.95,
            "debt_ratio": 60,
            "inventory_turnover_ratio": 1.53,
            "account_receivable_turnover_ratio": 1.59,
            "reinvestment_rate": 0.3,
            "research_to_sale_ratio": 5.1,
            "price_fair": 40.37,
            "eps_avg_yearly": 1.15,
            "eps_latest_yearly": 0.4,
            "eps_growth_yearly": 119.63
        },
        "20201": {
            "year_quarter": 20201,
            "year": 2020,
            "quarter": 1,
            "eps": 0.1,
            "eps_growth_year": -54.55,
            "eps_4q": 0.68,
            "eps_4q_growth_year": -23.92,
            "roe": 0.79,
            "gross_profit": 496893,
            "gross_margin": 14.43,
            "net_income": 32566,
            "revenue": 3443606,
            "common_shares": 3206745,
            "equity": 4136279,
            "current_ratio": 115.61,
            "debt_ratio": 61.2,
            "inventory_turnover_ratio": 1.43,
            "account_receivable_turnover_ratio": 1.82,
            "reinvestment_rate": 14.2,
            "research_to_sale_ratio": 4.46,
            "price_fair": 38.34,
            "eps_avg_yearly": 1.1,
            "eps_latest_yearly": 0.4,
            "eps_growth_yearly": 110.43
        },
        "20202": {
            "year_quarter": 20202,
            "year": 2020,
            "quarter": 2,
            "eps": 0.24,
            "eps_growth_year": -11.11,
            "eps_4q": 0.65,
            "eps_4q_growth_year": -39.74,
            "roe": 1.89,
            "gross_profit": 535639,
            "gross_margin": 14.4,
            "net_income": 76905,
            "revenue": 3720713,
            "common_shares": 3206745,
            "equity": 4020679,
            "current_ratio": 111.13,
            "debt_ratio": 61.59,
            "inventory_turnover_ratio": 1.53,
            "account_receivable_turnover_ratio": 1.88,
            "reinvestment_rate": -32.15,
            "research_to_sale_ratio": 4.67,
            "price_fair": 38,
            "eps_avg_yearly": 1.09,
            "eps_latest_yearly": 0.96,
            "eps_growth_yearly": 142.54
        },
        "20203": {
            "year_quarter": 20203,
            "year": 2020,
            "quarter": 3,
            "eps": 0.36,
            "eps_growth_year": 71.43,
            "eps_4q": 0.8,
            "eps_4q_growth_year": -18.42,
            "roe": 2.84,
            "gross_profit": 570565,
            "gross_margin": 14.91,
            "net_income": 116266,
            "revenue": 3825859,
            "common_shares": 3206745,
            "equity": 4173381,
            "current_ratio": 113.22,
            "debt_ratio": 60.4,
            "inventory_turnover_ratio": 1.54,
            "account_receivable_turnover_ratio": 2.08,
            "reinvestment_rate": -17.47,
            "research_to_sale_ratio": 3.93,
            "price_fair": 38.83,
            "eps_avg_yearly": 1.11,
            "eps_latest_yearly": 1.44,
            "eps_growth_yearly": 146.37
        },
        "20204": {
            "year_quarter": 20204,
            "year": 2020,
            "quarter": 4,
            "eps": 0.53,
            "eps_growth_year": 437.01,
            "eps_4q": 1.23,
            "eps_4q_growth_year": 54,
            "roe": 4.01,
            "gross_profit": 670437,
            "gross_margin": 16.51,
            "net_income": 170236,
            "revenue": 4059770,
            "common_shares": 3206745,
            "equity": 4322775,
            "current_ratio": 111.69,
            "debt_ratio": 60.91,
            "inventory_turnover_ratio": 1.46,
            "account_receivable_turnover_ratio": 2.02,
            "reinvestment_rate": -22.55,
            "research_to_sale_ratio": 3.99,
            "price_fair": 41.04,
            "eps_avg_yearly": 1.17,
            "eps_latest_yearly": 2.12,
            "eps_growth_yearly": 149.03
        },
        "20211": {
            "year_quarter": 20211,
            "year": 2021,
            "quarter": 1,
            "eps": 0.52,
            "eps_growth_year": 420,
            "eps_4q": 1.65,
            "eps_4q_growth_year": 141.27,
            "roe": 3.77,
            "gross_profit": 611592,
            "gross_margin": 15,
            "net_income": 166303,
            "revenue": 4076282,
            "common_shares": 3206745,
            "equity": 4495547,
            "current_ratio": 116.46,
            "debt_ratio": 59.52,
            "inventory_turnover_ratio": 1.45,
            "account_receivable_turnover_ratio": 1.72,
            "reinvestment_rate": -24.97,
            "research_to_sale_ratio": 4.38,
            "price_fair": 41.39,
            "eps_avg_yearly": 1.18,
            "eps_latest_yearly": 2.08,
            "eps_growth_yearly": 102.97
        },
        "20212": {
            "year_quarter": 20212,
            "year": 2021,
            "quarter": 2,
            "eps": 0.86,
            "eps_growth_year": 258.33,
            "eps_4q": 2.27,
            "eps_4q_growth_year": 246.89,
            "roe": 6.1,
            "gross_profit": 832629,
            "gross_margin": 19.44,
            "net_income": 274910,
            "revenue": 4283121,
            "common_shares": 3206745,
            "equity": 4523486,
            "current_ratio": 118.24,
            "debt_ratio": 59.79,
            "inventory_turnover_ratio": 1.48,
            "account_receivable_turnover_ratio": 1.69,
            "reinvestment_rate": -13.03,
            "research_to_sale_ratio": 4.2,
            "price_fair": 46.9,
            "eps_avg_yearly": 1.34,
            "eps_latest_yearly": 3.44,
            "eps_growth_yearly": 132.34
        },
        "20213": {
            "year_quarter": 20213,
            "year": 2021,
            "quarter": 3,
            "eps": 0.84,
            "eps_growth_year": 133.33,
            "eps_4q": 2.74,
            "eps_4q_growth_year": 241.61,
            "roe": 5.76,
            "gross_profit": 829676,
            "gross_margin": 20.5,
            "net_income": 267989,
            "revenue": 4046855,
            "common_shares": 3206745,
            "equity": 4781835,
            "current_ratio": 120.11,
            "debt_ratio": 58.8,
            "inventory_turnover_ratio": 1.33,
            "account_receivable_turnover_ratio": 1.5,
            "reinvestment_rate": -6.38,
            "research_to_sale_ratio": 4.68,
            "price_fair": 49.61,
            "eps_avg_yearly": 1.42,
            "eps_latest_yearly": 3.36,
            "eps_growth_yearly": 99.15
        },
        "20214": {
            "year_quarter": 20214,
            "year": 2021,
            "quarter": 4,
            "eps": 0.82,
            "eps_growth_year": 54.11,
            "eps_4q": 3.03,
            "eps_4q_growth_year": 145.36,
            "roe": 5.24,
            "gross_profit": 782640,
            "gross_margin": 19.2,
            "net_income": 260325,
            "revenue": 4075428,
            "common_shares": 3206745,
            "equity": 5156603,
            "current_ratio": 115.87,
            "debt_ratio": 58.78,
            "inventory_turnover_ratio": 1.23,
            "account_receivable_turnover_ratio": 1.46,
            "reinvestment_rate": 1.22,
            "research_to_sale_ratio": 5.19,
            "price_fair": 53.29,
            "eps_avg_yearly": 1.52,
            "eps_latest_yearly": 3.28,
            "eps_growth_yearly": 104.68
        },
        "20221": {
            "year_quarter": 20221,
            "year": 2022,
            "quarter": 1,
            "eps": 0.91,
            "eps_growth_year": 75,
            "eps_4q": 3.42,
            "eps_4q_growth_year": 107.29,
            "roe": 5.44,
            "gross_profit": 755152,
            "gross_margin": 18.14,
            "net_income": 290383,
            "revenue": 4164060,
            "common_shares": 3206745,
            "equity": 5518365,
            "current_ratio": 119.15,
            "debt_ratio": 55.71,
            "inventory_turnover_ratio": 1.24,
            "account_receivable_turnover_ratio": 1.48,
            "reinvestment_rate": 37.4,
            "research_to_sale_ratio": 4.66,
            "price_fair": 58.28,
            "eps_avg_yearly": 1.67,
            "eps_latest_yearly": 3.64,
            "eps_growth_yearly": 111.18
        },
        "20222": {
            "year_quarter": 20222,
            "year": 2022,
            "quarter": 2,
            "eps": 0.82,
            "eps_growth_year": -4.65,
            "eps_4q": 3.38,
            "eps_4q_growth_year": 49.08,
            "roe": 4.81,
            "gross_profit": 845202,
            "gross_margin": 20.56,
            "net_income": 259516,
            "revenue": 4111680,
            "common_shares": 3206745,
            "equity": 5273079,
            "current_ratio": 115.07,
            "debt_ratio": 58.68,
            "inventory_turnover_ratio": 1.22,
            "account_receivable_turnover_ratio": 1.37,
            "reinvestment_rate": 37.07,
            "research_to_sale_ratio": 5.08,
            "price_fair": 64.75,
            "eps_avg_yearly": 1.85,
            "eps_latest_yearly": 3.28,
            "eps_growth_yearly": 127.82
        },
        "20223": {
            "year_quarter": 20223,
            "year": 2022,
            "quarter": 3,
            "eps": 1.67,
            "eps_growth_year": 98.81,
            "eps_4q": 4.21,
            "eps_4q_growth_year": 53.61,
            "roe": 9.58,
            "gross_profit": 778168,
            "gross_margin": 21.34,
            "net_income": 531223,
            "revenue": 3646699,
            "common_shares": 3206745,
            "equity": 5819621,
            "current_ratio": 116.27,
            "debt_ratio": 57.6,
            "inventory_turnover_ratio": 1.07,
            "account_receivable_turnover_ratio": 1.14,
            "reinvestment_rate": 29.01,
            "research_to_sale_ratio": 6.99,
            "price_fair": 76.56,
            "eps_avg_yearly": 2.19,
            "eps_latest_yearly": 6.68,
            "eps_growth_yearly": 78.74
        },
        "20224": {
            "year_quarter": 20224,
            "year": 2022,
            "quarter": 4,
            "eps": 0.65,
            "eps_growth_year": -21.05,
            "eps_4q": 4.04,
            "eps_4q_growth_year": 33.36,
            "roe": 3.37,
            "gross_profit": 699849,
            "gross_margin": 19.34,
            "net_income": 203619,
            "revenue": 3618026,
            "common_shares": 3206745,
            "equity": 6250645,
            "current_ratio": 121.82,
            "debt_ratio": 54.39,
            "inventory_turnover_ratio": 1.08,
            "account_receivable_turnover_ratio": 1.17,
            "reinvestment_rate": 36.66,
            "research_to_sale_ratio": 6.33,
            "price_fair": 79.8,
            "eps_avg_yearly": 2.28,
            "eps_latest_yearly": 2.6,
            "eps_growth_yearly": 66.59
        },
        "20231": {
            "year_quarter": 20231,
            "year": 2023,
            "quarter": 1,
            "eps": 0.16,
            "eps_growth_year": -82.42,
            "eps_4q": 3.28,
            "eps_4q_growth_year": -4.13,
            "roe": 0.84,
            "gross_profit": 699070,
            "gross_margin": 17.19,
            "net_income": 62713,
            "revenue": 4066944,
            "common_shares": 3206745,
            "equity": 8658066,
            "current_ratio": 130.16,
            "debt_ratio": 57.46,
            "inventory_turnover_ratio": 1.17,
            "account_receivable_turnover_ratio": 1.34,
            "reinvestment_rate": 180.1,
            "research_to_sale_ratio": 5.18,
            "price_fair": 79.28,
            "eps_avg_yearly": 2.27,
            "eps_latest_yearly": 0.64,
            "eps_growth_yearly": 53.1
        }
    },
    "months": {
        "2003-10": {
            "month": "2003-10",
            "price": "35.81",
            "revenue": 347697
        },
        "2003-11": {
            "month": "2003-11",
            "price": "36.61",
            "revenue": 308982
        },
        "2003-12": {
            "month": "2003-12",
            "price": "41.67",
            "revenue": 488545
        },
        "2004-01": {
            "month": "2004-01",
            "price": "44.21",
            "revenue": 484052
        },
        "2004-02": {
            "month": "2004-02",
            "price": "48.89",
            "revenue": 409954
        },
        "2004-03": {
            "month": "2004-03",
            "price": "48.55",
            "revenue": 344598
        },
        "2004-04": {
            "month": "2004-04",
            "price": "48.99",
            "revenue": 309328
        },
        "2004-05": {
            "month": "2004-05",
            "price": "45.69",
            "revenue": 375625
        },
        "2004-06": {
            "month": "2004-06",
            "price": "39.13",
            "revenue": 291494
        },
        "2004-07": {
            "month": "2004-07",
            "price": "28.94",
            "revenue": 211133
        },
        "2004-08": {
            "month": "2004-08",
            "price": "21.46",
            "revenue": 229704
        },
        "2004-09": {
            "month": "2004-09",
            "price": "18.01",
            "revenue": 232989
        },
        "2004-10": {
            "month": "2004-10",
            "price": "20.62",
            "revenue": 348365
        },
        "2004-11": {
            "month": "2004-11",
            "price": "18.89",
            "revenue": 359847
        },
        "2004-12": {
            "month": "2004-12",
            "price": "18.96",
            "revenue": 304688
        },
        "2005-01": {
            "month": "2005-01",
            "price": "18.54",
            "revenue": 242190
        },
        "2005-02": {
            "month": "2005-02",
            "price": "18.54",
            "revenue": 266419
        },
        "2005-03": {
            "month": "2005-03",
            "price": "19.07",
            "revenue": 328036
        },
        "2005-04": {
            "month": "2005-04",
            "price": "18.73",
            "revenue": 308489
        },
        "2005-05": {
            "month": "2005-05",
            "price": "18.19",
            "revenue": 344063
        },
        "2005-06": {
            "month": "2005-06",
            "price": "19.03",
            "revenue": 254104
        },
        "2005-07": {
            "month": "2005-07",
            "price": "19.97",
            "revenue": 232752
        },
        "2005-08": {
            "month": "2005-08",
            "price": "19.08",
            "revenue": 296375
        },
        "2005-09": {
            "month": "2005-09",
            "price": "15.68",
            "revenue": 400499
        },
        "2005-10": {
            "month": "2005-10",
            "price": "15.59",
            "revenue": 460503
        },
        "2005-11": {
            "month": "2005-11",
            "price": "19.15",
            "revenue": 651566
        },
        "2005-12": {
            "month": "2005-12",
            "price": "27.46",
            "revenue": 662431
        },
        "2006-01": {
            "month": "2006-01",
            "price": "32.84",
            "revenue": 539053
        },
        "2006-02": {
            "month": "2006-02",
            "price": "37.65",
            "revenue": 435830
        },
        "2006-03": {
            "month": "2006-03",
            "price": "36.61",
            "revenue": 861018
        },
        "2006-04": {
            "month": "2006-04",
            "price": "35.65",
            "revenue": 624440
        },
        "2006-05": {
            "month": "2006-05",
            "price": "32.27",
            "revenue": 671558
        },
        "2006-06": {
            "month": "2006-06",
            "price": "26.48",
            "revenue": 705550
        },
        "2006-07": {
            "month": "2006-07",
            "price": "23.67",
            "revenue": 835537
        },
        "2006-08": {
            "month": "2006-08",
            "price": "25.38",
            "revenue": 902335
        },
        "2006-09": {
            "month": "2006-09",
            "price": "29.51",
            "revenue": 905507
        },
        "2006-10": {
            "month": "2006-10",
            "price": "27.53",
            "revenue": 1084609
        },
        "2006-11": {
            "month": "2006-11",
            "price": "26.61",
            "revenue": 982617
        },
        "2006-12": {
            "month": "2006-12",
            "price": "27.74",
            "revenue": 805604
        },
        "2007-01": {
            "month": "2007-01",
            "price": "27.59",
            "revenue": 1012602
        },
        "2007-02": {
            "month": "2007-02",
            "price": "32.26",
            "revenue": 1062547
        },
        "2007-03": {
            "month": "2007-03",
            "price": "39.38",
            "revenue": 924401
        },
        "2007-04": {
            "month": "2007-04",
            "price": "41.06",
            "revenue": 1009943
        },
        "2007-05": {
            "month": "2007-05",
            "price": "39.93",
            "revenue": 1068754
        },
        "2007-06": {
            "month": "2007-06",
            "price": "44.72",
            "revenue": 1054790
        },
        "2007-07": {
            "month": "2007-07",
            "price": "42.95",
            "revenue": 1226535
        },
        "2007-08": {
            "month": "2007-08",
            "price": "40.54",
            "revenue": 1385400
        },
        "2007-09": {
            "month": "2007-09",
            "price": "39.95",
            "revenue": 1222856
        },
        "2007-10": {
            "month": "2007-10",
            "price": "38.83",
            "revenue": 1392378
        },
        "2007-11": {
            "month": "2007-11",
            "price": "35.59",
            "revenue": 1319541
        },
        "2007-12": {
            "month": "2007-12",
            "price": "31.01",
            "revenue": 1129698
        },
        "2008-01": {
            "month": "2008-01",
            "price": "29.00",
            "revenue": 1318816
        },
        "2008-02": {
            "month": "2008-02",
            "price": "27.03",
            "revenue": 1194864
        },
        "2008-03": {
            "month": "2008-03",
            "price": "30.00",
            "revenue": 1148158
        },
        "2008-04": {
            "month": "2008-04",
            "price": "33.57",
            "revenue": 1243683
        },
        "2008-05": {
            "month": "2008-05",
            "price": "38.28",
            "revenue": 1297150
        },
        "2008-06": {
            "month": "2008-06",
            "price": "38.99",
            "revenue": 1297223
        },
        "2008-07": {
            "month": "2008-07",
            "price": "31.53",
            "revenue": 1332840
        },
        "2008-08": {
            "month": "2008-08",
            "price": "25.25",
            "revenue": 1020488
        },
        "2008-09": {
            "month": "2008-09",
            "price": "18.43",
            "revenue": 1069432
        },
        "2008-10": {
            "month": "2008-10",
            "price": "11.34",
            "revenue": 1059815
        },
        "2008-11": {
            "month": "2008-11",
            "price": "7.65",
            "revenue": 624236
        },
        "2008-12": {
            "month": "2008-12",
            "price": "7.73",
            "revenue": 546078
        },
        "2009-01": {
            "month": "2009-01",
            "price": "8.42",
            "revenue": 555802
        },
        "2009-02": {
            "month": "2009-02",
            "price": "8.74",
            "revenue": 774734
        },
        "2009-03": {
            "month": "2009-03",
            "price": "10.86",
            "revenue": 1020894
        },
        "2009-04": {
            "month": "2009-04",
            "price": "13.42",
            "revenue": 1214461
        },
        "2009-05": {
            "month": "2009-05",
            "price": "13.76",
            "revenue": 1174300
        },
        "2009-06": {
            "month": "2009-06",
            "price": "14.23",
            "revenue": 1336628
        },
        "2009-07": {
            "month": "2009-07",
            "price": "14.54",
            "revenue": 1127148
        },
        "2009-08": {
            "month": "2009-08",
            "price": "14.21",
            "revenue": 1290388
        },
        "2009-09": {
            "month": "2009-09",
            "price": "15.78",
            "revenue": 1312835
        },
        "2009-10": {
            "month": "2009-10",
            "price": "16.08",
            "revenue": 1256368
        },
        "2009-11": {
            "month": "2009-11",
            "price": "18.39",
            "revenue": 1403558
        },
        "2009-12": {
            "month": "2009-12",
            "price": "25.67",
            "revenue": 1616676
        },
        "2010-01": {
            "month": "2010-01",
            "price": "34.80",
            "revenue": 1500791
        },
        "2010-02": {
            "month": "2010-02",
            "price": "36.04",
            "revenue": 1516831
        },
        "2010-03": {
            "month": "2010-03",
            "price": "39.57",
            "revenue": 1669587
        },
        "2010-04": {
            "month": "2010-04",
            "price": "43.91",
            "revenue": 1553457
        },
        "2010-05": {
            "month": "2010-05",
            "price": "35.20",
            "revenue": 1312299
        },
        "2010-06": {
            "month": "2010-06",
            "price": "34.83",
            "revenue": 1258172
        },
        "2010-07": {
            "month": "2010-07",
            "price": "34.45",
            "revenue": 1441201
        },
        "2010-08": {
            "month": "2010-08",
            "price": "33.25",
            "revenue": 1543820
        },
        "2010-09": {
            "month": "2010-09",
            "price": "30.71",
            "revenue": 1287632
        },
        "2010-10": {
            "month": "2010-10",
            "price": "29.62",
            "revenue": 1342989
        },
        "2010-11": {
            "month": "2010-11",
            "price": "20.98",
            "revenue": 1582704
        },
        "2010-12": {
            "month": "2010-12",
            "price": "25.14",
            "revenue": 1533496
        },
        "2011-01": {
            "month": "2011-01",
            "price": "25.13",
            "revenue": 1714482
        },
        "2011-02": {
            "month": "2011-02",
            "price": "23.96",
            "revenue": 1535887
        },
        "2011-03": {
            "month": "2011-03",
            "price": "25.10",
            "revenue": 1710079
        },
        "2011-04": {
            "month": "2011-04",
            "price": "25.84",
            "revenue": 1782087
        },
        "2011-05": {
            "month": "2011-05",
            "price": "24.60",
            "revenue": 1801023
        },
        "2011-06": {
            "month": "2011-06",
            "price": "23.19",
            "revenue": 1592836
        },
        "2011-07": {
            "month": "2011-07",
            "price": "20.11",
            "revenue": 1478051
        },
        "2011-08": {
            "month": "2011-08",
            "price": "13.39",
            "revenue": 1183016
        },
        "2011-09": {
            "month": "2011-09",
            "price": "13.66",
            "revenue": 1301792
        },
        "2011-10": {
            "month": "2011-10",
            "price": "13.36",
            "revenue": 1452761
        },
        "2011-11": {
            "month": "2011-11",
            "price": "12.75",
            "revenue": 1173476
        },
        "2011-12": {
            "month": "2011-12",
            "price": "10.53",
            "revenue": 1009260
        },
        "2012-01": {
            "month": "2012-01",
            "price": "10.70",
            "revenue": 1311547
        },
        "2012-02": {
            "month": "2012-02",
            "price": "15.09",
            "revenue": 1225656
        },
        "2012-03": {
            "month": "2012-03",
            "price": "19.50",
            "revenue": 1307816
        },
        "2012-04": {
            "month": "2012-04",
            "price": "17.16",
            "revenue": 1384513
        },
        "2012-05": {
            "month": "2012-05",
            "price": "14.08",
            "revenue": 1195585
        },
        "2012-06": {
            "month": "2012-06",
            "price": "13.24",
            "revenue": 796332
        },
        "2012-07": {
            "month": "2012-07",
            "price": "13.00",
            "revenue": 1220818
        },
        "2012-08": {
            "month": "2012-08",
            "price": "11.87",
            "revenue": 1166923
        },
        "2012-09": {
            "month": "2012-09",
            "price": "12.59",
            "revenue": 1206072
        },
        "2012-10": {
            "month": "2012-10",
            "price": "11.33",
            "revenue": 1369597
        },
        "2012-11": {
            "month": "2012-11",
            "price": "10.45",
            "revenue": 1435428
        },
        "2012-12": {
            "month": "2012-12",
            "price": "11.91",
            "revenue": 1307029
        },
        "2013-01": {
            "month": "2013-01",
            "price": "11.58",
            "revenue": 1475857
        },
        "2013-02": {
            "month": "2013-02",
            "price": "11.47",
            "revenue": 1398387
        },
        "2013-03": {
            "month": "2013-03",
            "price": "11.50",
            "revenue": 1531918
        },
        "2013-04": {
            "month": "2013-04",
            "price": "11.66",
            "revenue": 1679020
        },
        "2013-05": {
            "month": "2013-05",
            "price": "16.71",
            "revenue": 1665952
        },
        "2013-06": {
            "month": "2013-06",
            "price": "17.24",
            "revenue": 1684302
        },
        "2013-07": {
            "month": "2013-07",
            "price": "18.67",
            "revenue": 1532908
        },
        "2013-08": {
            "month": "2013-08",
            "price": "19.51",
            "revenue": 1481843
        },
        "2013-09": {
            "month": "2013-09",
            "price": "18.50",
            "revenue": 1444806
        },
        "2013-10": {
            "month": "2013-10",
            "price": "19.43",
            "revenue": 1354395
        },
        "2013-11": {
            "month": "2013-11",
            "price": "22.22",
            "revenue": 1325572
        },
        "2013-12": {
            "month": "2013-12",
            "price": "26.44",
            "revenue": 1459733
        },
        "2014-01": {
            "month": "2014-01",
            "price": "37.66",
            "revenue": 1414653
        },
        "2014-02": {
            "month": "2014-02",
            "price": "39.45",
            "revenue": 1200727
        },
        "2014-03": {
            "month": "2014-03",
            "price": "38.34",
            "revenue": 1412237
        },
        "2014-04": {
            "month": "2014-04",
            "price": "38.72",
            "revenue": 1366747
        },
        "2014-05": {
            "month": "2014-05",
            "price": "37.73",
            "revenue": 1420060
        },
        "2014-06": {
            "month": "2014-06",
            "price": "44.87",
            "revenue": 1459905
        },
        "2014-07": {
            "month": "2014-07",
            "price": "44.54",
            "revenue": 1371301
        },
        "2014-08": {
            "month": "2014-08",
            "price": "40.78",
            "revenue": 1375602
        },
        "2014-09": {
            "month": "2014-09",
            "price": "38.00",
            "revenue": 1391728
        },
        "2014-10": {
            "month": "2014-10",
            "price": "32.69",
            "revenue": 1405897
        },
        "2014-11": {
            "month": "2014-11",
            "price": "30.59",
            "revenue": 1338224
        },
        "2014-12": {
            "month": "2014-12",
            "price": "32.46",
            "revenue": 1360038
        },
        "2015-01": {
            "month": "2015-01",
            "price": "33.32",
            "revenue": 1298529
        },
        "2015-02": {
            "month": "2015-02",
            "price": "31.62",
            "revenue": 1231894
        },
        "2015-03": {
            "month": "2015-03",
            "price": "31.80",
            "revenue": 1309057
        },
        "2015-04": {
            "month": "2015-04",
            "price": "29.46",
            "revenue": 1245685
        },
        "2015-05": {
            "month": "2015-05",
            "price": "26.70",
            "revenue": 1249379
        },
        "2015-06": {
            "month": "2015-06",
            "price": "23.87",
            "revenue": 1207948
        },
        "2015-07": {
            "month": "2015-07",
            "price": "20.83",
            "revenue": 1189364
        },
        "2015-08": {
            "month": "2015-08",
            "price": "16.19",
            "revenue": 1194742
        },
        "2015-09": {
            "month": "2015-09",
            "price": "18.66",
            "revenue": 1216139
        },
        "2015-10": {
            "month": "2015-10",
            "price": "22.51",
            "revenue": 1195788
        },
        "2015-11": {
            "month": "2015-11",
            "price": "23.27",
            "revenue": 1127328
        },
        "2015-12": {
            "month": "2015-12",
            "price": "21.50",
            "revenue": 1176012
        },
        "2016-01": {
            "month": "2016-01",
            "price": "18.56",
            "revenue": 1152432
        },
        "2016-02": {
            "month": "2016-02",
            "price": "19.41",
            "revenue": 937397
        },
        "2016-03": {
            "month": "2016-03",
            "price": "20.23",
            "revenue": 1092158
        },
        "2016-04": {
            "month": "2016-04",
            "price": "18.72",
            "revenue": 1069930
        },
        "2016-05": {
            "month": "2016-05",
            "price": "15.67",
            "revenue": 1025754
        },
        "2016-06": {
            "month": "2016-06",
            "price": "16.40",
            "revenue": 1044452
        },
        "2016-07": {
            "month": "2016-07",
            "price": "17.24",
            "revenue": 1043669
        },
        "2016-08": {
            "month": "2016-08",
            "price": "16.01",
            "revenue": 1097899
        },
        "2016-09": {
            "month": "2016-09",
            "price": "14.61",
            "revenue": 1076157
        },
        "2016-10": {
            "month": "2016-10",
            "price": "13.70",
            "revenue": 1018075
        },
        "2016-11": {
            "month": "2016-11",
            "price": "12.79",
            "revenue": 996758
        },
        "2016-12": {
            "month": "2016-12",
            "price": "14.18",
            "revenue": 1199271
        },
        "2017-01": {
            "month": "2017-01",
            "price": "14.67",
            "revenue": 1135003
        },
        "2017-02": {
            "month": "2017-02",
            "price": "14.66",
            "revenue": 981964
        },
        "2017-03": {
            "month": "2017-03",
            "price": "14.45",
            "revenue": 960953
        },
        "2017-04": {
            "month": "2017-04",
            "price": "15.76",
            "revenue": 898304
        },
        "2017-05": {
            "month": "2017-05",
            "price": "16.61",
            "revenue": 861489
        },
        "2017-06": {
            "month": "2017-06",
            "price": "18.13",
            "revenue": 909919
        },
        "2017-07": {
            "month": "2017-07",
            "price": "16.95",
            "revenue": 895809
        },
        "2017-08": {
            "month": "2017-08",
            "price": "17.01",
            "revenue": 941786
        },
        "2017-09": {
            "month": "2017-09",
            "price": "18.91",
            "revenue": 943256
        },
        "2017-10": {
            "month": "2017-10",
            "price": "20.06",
            "revenue": 821842
        },
        "2017-11": {
            "month": "2017-11",
            "price": "18.85",
            "revenue": 919766
        },
        "2017-12": {
            "month": "2017-12",
            "price": "18.71",
            "revenue": 862497
        },
        "2018-01": {
            "month": "2018-01",
            "price": "19.75",
            "revenue": 1057717
        },
        "2018-02": {
            "month": "2018-02",
            "price": "18.07",
            "revenue": 907436
        },
        "2018-03": {
            "month": "2018-03",
            "price": "19.30",
            "revenue": 994799
        },
        "2018-04": {
            "month": "2018-04",
            "price": "17.96",
            "revenue": 972778
        },
        "2018-05": {
            "month": "2018-05",
            "price": "17.93",
            "revenue": 977013
        },
        "2018-06": {
            "month": "2018-06",
            "price": "19.52",
            "revenue": 1069332
        },
        "2018-07": {
            "month": "2018-07",
            "price": "19.17",
            "revenue": 1057454
        },
        "2018-08": {
            "month": "2018-08",
            "price": "17.28",
            "revenue": 1160848
        },
        "2018-09": {
            "month": "2018-09",
            "price": "17.48",
            "revenue": 1156684
        },
        "2018-10": {
            "month": "2018-10",
            "price": "15.57",
            "revenue": 1162133
        },
        "2018-11": {
            "month": "2018-11",
            "price": "15.96",
            "revenue": 1121145
        },
        "2018-12": {
            "month": "2018-12",
            "price": "16.98",
            "revenue": 1126832
        },
        "2019-01": {
            "month": "2019-01",
            "price": "17.47",
            "revenue": 1184212
        },
        "2019-02": {
            "month": "2019-02",
            "price": "23.55",
            "revenue": 1086283
        },
        "2019-03": {
            "month": "2019-03",
            "price": "27.09",
            "revenue": 1121316
        },
        "2019-04": {
            "month": "2019-04",
            "price": "28.24",
            "revenue": 1167411
        },
        "2019-05": {
            "month": "2019-05",
            "price": "24.72",
            "revenue": 1225797
        },
        "2019-06": {
            "month": "2019-06",
            "price": "23.90",
            "revenue": 1266014
        },
        "2019-07": {
            "month": "2019-07",
            "price": "24.75",
            "revenue": 1247237
        },
        "2019-08": {
            "month": "2019-08",
            "price": "22.16",
            "revenue": 1162762
        },
        "2019-09": {
            "month": "2019-09",
            "price": "20.95",
            "revenue": 1116476
        },
        "2019-10": {
            "month": "2019-10",
            "price": "19.57",
            "revenue": 1144653
        },
        "2019-11": {
            "month": "2019-11",
            "price": "17.93",
            "revenue": 1101840
        },
        "2019-12": {
            "month": "2019-12",
            "price": "18.20",
            "revenue": 1169018
        },
        "2020-01": {
            "month": "2020-01",
            "price": "18.05",
            "revenue": 1084535
        },
        "2020-02": {
            "month": "2020-02",
            "price": "18.77",
            "revenue": 958290
        },
        "2020-03": {
            "month": "2020-03",
            "price": "15.04",
            "revenue": 1400781
        },
        "2020-04": {
            "month": "2020-04",
            "price": "16.30",
            "revenue": 1224590
        },
        "2020-05": {
            "month": "2020-05",
            "price": "16.58",
            "revenue": 1242122
        },
        "2020-06": {
            "month": "2020-06",
            "price": "17.72",
            "revenue": 1254001
        },
        "2020-07": {
            "month": "2020-07",
            "price": "18.47",
            "revenue": 1250452
        },
        "2020-08": {
            "month": "2020-08",
            "price": "18.75",
            "revenue": 1277552
        },
        "2020-09": {
            "month": "2020-09",
            "price": "22.81",
            "revenue": 1297855
        },
        "2020-10": {
            "month": "2020-10",
            "price": "22.02",
            "revenue": 1350356
        },
        "2020-11": {
            "month": "2020-11",
            "price": "23.92",
            "revenue": 1345809
        },
        "2020-12": {
            "month": "2020-12",
            "price": "26.66",
            "revenue": 1363605
        },
        "2021-01": {
            "month": "2021-01",
            "price": "28.46",
            "revenue": 1389499
        },
        "2021-02": {
            "month": "2021-02",
            "price": "30.85",
            "revenue": 1293756
        },
        "2021-03": {
            "month": "2021-03",
            "price": "30.06",
            "revenue": 1393027
        },
        "2021-04": {
            "month": "2021-04",
            "price": "32.26",
            "revenue": 1369750
        },
        "2021-05": {
            "month": "2021-05",
            "price": "25.85",
            "revenue": 1468949
        },
        "2021-06": {
            "month": "2021-06",
            "price": "26.06",
            "revenue": 1444421
        },
        "2021-07": {
            "month": "2021-07",
            "price": "30.89",
            "revenue": 1354490
        },
        "2021-08": {
            "month": "2021-08",
            "price": "38.51",
            "revenue": 1381183
        },
        "2021-09": {
            "month": "2021-09",
            "price": "36.38",
            "revenue": 1311182
        },
        "2021-10": {
            "month": "2021-10",
            "price": "32.71",
            "revenue": 1305444
        },
        "2021-11": {
            "month": "2021-11",
            "price": "37.62",
            "revenue": 1313074
        },
        "2021-12": {
            "month": "2021-12",
            "price": "38.50",
            "revenue": 1456910
        },
        "2022-01": {
            "month": "2022-01",
            "price": "36.21",
            "revenue": 1485737
        },
        "2022-02": {
            "month": "2022-02",
            "price": "35.33",
            "revenue": 1278239
        },
        "2022-03": {
            "month": "2022-03",
            "price": "34.62",
            "revenue": 1400084
        },
        "2022-04": {
            "month": "2022-04",
            "price": "33.69",
            "revenue": 1418687
        },
        "2022-05": {
            "month": "2022-05",
            "price": "34.59",
            "revenue": 1337243
        },
        "2022-06": {
            "month": "2022-06",
            "price": "34.01",
            "revenue": 1355750
        },
        "2022-07": {
            "month": "2022-07",
            "price": "29.81",
            "revenue": 1271899
        },
        "2022-08": {
            "month": "2022-08",
            "price": "31.22",
            "revenue": 1264800
        },
        "2022-09": {
            "month": "2022-09",
            "price": "30.21",
            "revenue": 1110000
        },
        "2022-10": {
            "month": "2022-10",
            "price": "28.40",
            "revenue": 1165914
        },
        "2022-11": {
            "month": "2022-11",
            "price": "31.43",
            "revenue": 1240384
        },
        "2022-12": {
            "month": "2022-12",
            "price": "32.58",
            "revenue": 1211728
        },
        "2023-01": {
            "month": "2023-01",
            "price": "32.43",
            "revenue": 1249451
        },
        "2023-02": {
            "month": "2023-02",
            "price": "35.94",
            "revenue": 1335397
        },
        "2023-03": {
            "month": "2023-03",
            "price": "37.07",
            "revenue": 1482096
        },
        "2023-04": {
            "month": "2023-04",
            "price": "38.34",
            "revenue": 1496431
        }
    }
}
