{
    "summary": {
        "stock_name": "寶一",
        "stock_id": "8222",
        "category": "電機機械",
        "main_business": "各型航空器及其零件之製造、修理及買賣業務<br>航空合金材料及五金之買賣業務<br>發電、輸電、配電機械及其零配件之製造及買賣業務",
        "website_url": "http://www.aerowin.com",
        "ceo": "曾國浩",
        "pe_ratio": 100,
        "report_year_from": 2002,
        "report_year_to": 2023,
        "age": 21,
        "eps_negative_percentage": 20,
        "eps_growth_avg": {
            "last_all": -1.34,
            "last_2y": -100,
            "last_4y": -9.22,
            "last_8y": null,
            "last_12y": null,
            "last_16y": null,
            "last_20y": null,
            "at_2006_last_3y": null,
            "at_2007_last_3y": null,
            "at_2008_last_3y": null,
            "at_2009_last_3y": null,
            "at_2010_last_3y": null,
            "at_2011_last_3y": null,
            "at_2012_last_3y": null,
            "at_2013_last_3y": null,
            "at_2014_last_3y": null,
            "at_2015_last_3y": null,
            "at_2016_last_3y": null,
            "at_2017_last_3y": null,
            "at_2018_last_3y": 24.77,
            "at_2019_last_3y": -2.01,
            "at_2020_last_3y": -22.45,
            "at_2021_last_3y": -9.22,
            "at_2022_last_3y": -53.57,
            "at_2023_last_3y": -53.57,
            "at_2006_last_all": null,
            "at_2007_last_all": null,
            "at_2008_last_all": null,
            "at_2009_last_all": null,
            "at_2010_last_all": null,
            "at_2011_last_all": null,
            "at_2012_last_all": null,
            "at_2013_last_all": null,
            "at_2014_last_all": null,
            "at_2015_last_all": null,
            "at_2016_last_all": 40.87,
            "at_2017_last_all": 6.54,
            "at_2018_last_all": 24.77,
            "at_2019_last_all": 18.39,
            "at_2020_last_all": -1.34,
            "at_2021_last_all": -1.34,
            "at_2022_last_all": -1.34,
            "at_2023_last_all": -1.34
        },
        "latest_eps": 0.46,
        "latest_price": 61.5,
        "latest_roe": 4.15,
        "latest_gross_margin": 18.69,
        "latest_equity": 775673,
        "latest_revenue": 161645,
        "latest_gross_profit": 30215,
        "latest_net_income": 5425,
        "latest_debt_ratio": 44.54,
        "latest_current_ratio": 334.5,
        "latest_account_receivable_turnover_ratio": 1.71,
        "latest_inventory_turnover_ratio": 0.35,
        "latest_reinvestment_rate": null,
        "latest_research_to_sale_ratio": 5.95
    },
    "eps_dividends": {
        "2001": {
            "cash": 0,
            "stock": 0,
            "eps": 0
        },
        "2002": {
            "cash": 0,
            "stock": 0,
            "eps": 0
        },
        "2003": {
            "cash": 0,
            "stock": 0,
            "eps": 0
        },
        "2004": {
            "cash": 0,
            "stock": 0,
            "eps": 0
        },
        "2005": {
            "cash": 0,
            "stock": 0,
            "eps": 0
        },
        "2006": {
            "cash": 0,
            "stock": 0,
            "eps": 0
        },
        "2007": {
            "cash": 0,
            "stock": 0,
            "eps": 0
        },
        "2008": {
            "cash": 0.2,
            "stock": 0,
            "eps": 0
        },
        "2009": {
            "cash": 0,
            "stock": 0.9,
            "eps": 0
        },
        "2010": {
            "cash": 0.3,
            "stock": 0.3,
            "eps": 0
        },
        "2011": {
            "cash": 0.7,
            "stock": 0,
            "eps": 0
        },
        "2012": {
            "cash": 0,
            "stock": 0,
            "eps": 0
        },
        "2013": {
            "cash": 0.5,
            "stock": 0,
            "eps": 0
        },
        "2014": {
            "cash": 0.5,
            "stock": 0,
            "eps": 0.61
        },
        "2015": {
            "cash": 0.5,
            "stock": 0,
            "eps": 1.26
        },
        "2016": {
            "cash": 0.8,
            "stock": 0,
            "eps": 1.03
        },
        "2017": {
            "cash": 0.8,
            "stock": 0,
            "eps": 0.39
        },
        "2018": {
            "cash": 0.3,
            "stock": 0,
            "eps": 0.7
        },
        "2019": {
            "cash": 0.5,
            "stock": 0,
            "eps": 0.65
        },
        "2020": {
            "cash": 0.45,
            "stock": 0,
            "eps": -0.58
        },
        "2021": {
            "cash": 0,
            "stock": 0,
            "eps": -1.51
        },
        "2022": {
            "cash": 0,
            "stock": 0,
            "eps": 0.26
        },
        "2023": {
            "cash": 0,
            "stock": 0,
            "eps": 0.08
        }
    },
    "dividends": {
        "2008-03-31": {
            "cash": 0.2,
            "stock": 0
        },
        "2009-03-27": {
            "cash": 0,
            "stock": 0.9
        },
        "2010-03-25": {
            "cash": 0.3,
            "stock": 0.3
        },
        "2011-01-01": {
            "cash": 0.3,
            "stock": 0
        },
        "2011-03-25": {
            "cash": 0.4,
            "stock": 0
        },
        "2013-03-25": {
            "cash": 0.5,
            "stock": 0
        },
        "2014-08-29": {
            "cash": 0.5,
            "stock": 0
        },
        "2015-08-31": {
            "cash": 0.5,
            "stock": 0
        },
        "2016-08-16": {
            "cash": 0.8,
            "stock": 0
        },
        "2017-08-25": {
            "cash": 0.8,
            "stock": 0
        },
        "2018-08-15": {
            "cash": 0.3,
            "stock": 0
        },
        "2019-08-15": {
            "cash": 0.5,
            "stock": 0
        },
        "2020-08-10": {
            "cash": 0.45,
            "stock": 0
        }
    },
    "prices": {
        "200101": "無",
        "200102": "無",
        "200103": "無",
        "200104": "無",
        "200105": "無",
        "200106": "無",
        "200107": "無",
        "200108": "無",
        "200109": "無",
        "200110": "無",
        "200111": "無",
        "200112": "無",
        "200201": "無",
        "200202": "無",
        "200203": "無",
        "200204": "無",
        "200205": "無",
        "200206": "無",
        "200207": "無",
        "200208": "無",
        "200209": "無",
        "200210": "無",
        "200211": "無",
        "200212": "無",
        "200301": "無",
        "200302": "無",
        "200303": "無",
        "200304": "無",
        "200305": "無",
        "200306": "無",
        "200307": "無",
        "200308": "無",
        "200309": "無",
        "200310": "無",
        "200311": "無",
        "200312": "無",
        "200401": "無",
        "200402": "無",
        "200403": "無",
        "200404": "無",
        "200405": "無",
        "200406": "無",
        "200407": "無",
        "200408": "無",
        "200409": "無",
        "200410": "無",
        "200411": "無",
        "200412": "無",
        "200501": "無",
        "200502": "無",
        "200503": "無",
        "200504": "無",
        "200505": "無",
        "200506": "無",
        "200507": "無",
        "200508": "無",
        "200509": "無",
        "200510": "無",
        "200511": "無",
        "200512": "無",
        "200601": "無",
        "200602": "無",
        "200603": "無",
        "200604": "無",
        "200605": "無",
        "200606": "無",
        "200607": "無",
        "200608": "無",
        "200609": "無",
        "200610": "無",
        "200611": "無",
        "200612": "無",
        "200701": "無",
        "200702": "無",
        "200703": "無",
        "200704": "無",
        "200705": "無",
        "200706": "無",
        "200707": "無",
        "200708": "無",
        "200709": "無",
        "200710": "無",
        "200711": "無",
        "200712": "無",
        "200801": "無",
        "200802": "無",
        "200803": "無",
        "200804": "無",
        "200805": "無",
        "200806": "無",
        "200807": "無",
        "200808": "無",
        "200809": "無",
        "200810": "無",
        "200811": "無",
        "200812": "無",
        "200901": "無",
        "200902": "無",
        "200903": "無",
        "200904": "無",
        "200905": "無",
        "200906": "無",
        "200907": "無",
        "200908": "無",
        "200909": "無",
        "200910": "無",
        "200911": "無",
        "200912": "無",
        "201001": "無",
        "201002": "無",
        "201003": "無",
        "201004": "無",
        "201005": "無",
        "201006": "無",
        "201007": "無",
        "201008": "無",
        "201009": "無",
        "201010": "無",
        "201011": "無",
        "201012": "無",
        "201101": "無",
        "201102": "無",
        "201103": "無",
        "201104": "無",
        "201105": "無",
        "201106": "無",
        "201107": "無",
        "201108": "無",
        "201109": "無",
        "201110": "無",
        "201111": "無",
        "201112": "無",
        "201201": "無",
        "201202": "無",
        "201203": "無",
        "201204": "無",
        "201205": "無",
        "201206": "無",
        "201207": "無",
        "201208": "無",
        "201209": "無",
        "201210": "無",
        "201211": "無",
        "201212": "無",
        "201301": "無",
        "201302": "無",
        "201303": "無",
        "201304": "無",
        "201305": "無",
        "201306": "無",
        "201307": "無",
        "201308": "無",
        "201309": "無",
        "201310": "18.96",
        "201311": "15.88",
        "201312": "15.24",
        "201401": "14.90",
        "201402": "15.95",
        "201403": "17.81",
        "201404": "20.67",
        "201405": "19.78",
        "201406": "20.10",
        "201407": "20.31",
        "201408": "18.78",
        "201409": "20.19",
        "201410": "19.69",
        "201411": "19.28",
        "201412": "19.26",
        "201501": "20.41",
        "201502": "19.48",
        "201503": "19.49",
        "201504": "19.04",
        "201505": "18.83",
        "201506": "17.66",
        "201507": "17.34",
        "201508": "17.03",
        "201509": "22.98",
        "201510": "24.89",
        "201511": "23.21",
        "201512": "21.51",
        "201601": "21.55",
        "201602": "26.65",
        "201603": "30.42",
        "201604": "32.19",
        "201605": "32.28",
        "201606": "37.26",
        "201607": "34.78",
        "201608": "31.59",
        "201609": "29.39",
        "201610": "28.13",
        "201611": "24.45",
        "201612": "25.45",
        "201701": "24.54",
        "201702": "25.50",
        "201703": "27.65",
        "201704": "25.60",
        "201705": "23.76",
        "201706": "23.84",
        "201707": "23.34",
        "201708": "21.18",
        "201709": "20.77",
        "201710": "19.82",
        "201711": "19.05",
        "201712": "21.27",
        "201801": "20.96",
        "201802": "18.97",
        "201803": "18.79",
        "201804": "19.82",
        "201805": "20.71",
        "201806": "19.45",
        "201807": "18.69",
        "201808": "18.45",
        "201809": "17.42",
        "201810": "17.27",
        "201811": "16.57",
        "201812": "16.62",
        "201901": "17.12",
        "201902": "18.19",
        "201903": "20.42",
        "201904": "20.12",
        "201905": "20.43",
        "201906": "21.03",
        "201907": "20.71",
        "201908": "19.64",
        "201909": "19.39",
        "201910": "18.68",
        "201911": "18.33",
        "201912": "18.23",
        "202001": "18.17",
        "202002": "17.26",
        "202003": "14.29",
        "202004": "13.38",
        "202005": "13.50",
        "202006": "15.22",
        "202007": "14.38",
        "202008": "13.58",
        "202009": "13.74",
        "202010": "13.12",
        "202011": "13.24",
        "202012": "13.48",
        "202101": "12.75",
        "202102": "12.71",
        "202103": "13.64",
        "202104": "14.41",
        "202105": "12.94",
        "202106": "14.09",
        "202107": "14.50",
        "202108": "14.68",
        "202109": "14.02",
        "202110": "14.30",
        "202111": "14.96",
        "202112": "14.89",
        "202201": "14.64",
        "202202": "14.90",
        "202203": "14.30",
        "202204": "14.58",
        "202205": "14.32",
        "202206": "17.30",
        "202207": "21.78",
        "202208": "23.08",
        "202209": "25.91",
        "202210": "20.16",
        "202211": "22.75",
        "202212": "28.97",
        "202301": "26.02",
        "202302": "30.67",
        "202303": "37.29",
        "202304": "51.05",
        "202305": "59.87",
        "202306": "59.80"
    },
    "quarters": {
        "20011": {
            "year_quarter": 20011,
            "year": 2001,
            "quarter": 1,
            "eps": null,
            "eps_growth_year": null,
            "eps_4q": null,
            "eps_4q_growth_year": null,
            "roe": null,
            "roe_4q": 0,
            "gross_profit": null,
            "gross_margin": null,
            "gross_margin_4q_avg": 0,
            "net_income": null,
            "revenue": null,
            "common_shares": null,
            "book_valuer_per_share": null,
            "book_valuer_per_share_4q_avg": 0,
            "equity": null,
            "current_ratio": null,
            "debt_ratio": null,
            "inventory_turnover_ratio": null,
            "account_receivable_turnover_ratio": null,
            "reinvestment_rate": null,
            "research_to_sale_ratio": null,
            "price_fair": 0,
            "eps_avg_yearly": 0,
            "eps_latest_yearly": 0,
            "eps_growth_yearly": 0
        },
        "20012": {
            "year_quarter": 20012,
            "year": 2001,
            "quarter": 2,
            "eps": null,
            "eps_growth_year": null,
            "eps_4q": null,
            "eps_4q_growth_year": null,
            "roe": null,
            "roe_4q": 0,
            "gross_profit": null,
            "gross_margin": null,
            "gross_margin_4q_avg": 0,
            "net_income": null,
            "revenue": null,
            "common_shares": null,
            "book_valuer_per_share": null,
            "book_valuer_per_share_4q_avg": 0,
            "equity": null,
            "current_ratio": null,
            "debt_ratio": null,
            "inventory_turnover_ratio": null,
            "account_receivable_turnover_ratio": null,
            "reinvestment_rate": null,
            "research_to_sale_ratio": null,
            "price_fair": 0,
            "eps_avg_yearly": 0,
            "eps_latest_yearly": 0,
            "eps_growth_yearly": 0
        },
        "20013": {
            "year_quarter": 20013,
            "year": 2001,
            "quarter": 3,
            "eps": null,
            "eps_growth_year": null,
            "eps_4q": null,
            "eps_4q_growth_year": null,
            "roe": null,
            "roe_4q": 0,
            "gross_profit": null,
            "gross_margin": null,
            "gross_margin_4q_avg": 0,
            "net_income": null,
            "revenue": null,
            "common_shares": null,
            "book_valuer_per_share": null,
            "book_valuer_per_share_4q_avg": 0,
            "equity": null,
            "current_ratio": null,
            "debt_ratio": null,
            "inventory_turnover_ratio": null,
            "account_receivable_turnover_ratio": null,
            "reinvestment_rate": null,
            "research_to_sale_ratio": null,
            "price_fair": 0,
            "eps_avg_yearly": 0,
            "eps_latest_yearly": 0,
            "eps_growth_yearly": 0
        },
        "20014": {
            "year_quarter": 20014,
            "year": 2001,
            "quarter": 4,
            "eps": null,
            "eps_growth_year": null,
            "eps_4q": null,
            "eps_4q_growth_year": null,
            "roe": null,
            "roe_4q": 0,
            "gross_profit": null,
            "gross_margin": null,
            "gross_margin_4q_avg": 0,
            "net_income": null,
            "revenue": null,
            "common_shares": 350000,
            "book_valuer_per_share": 9.41,
            "book_valuer_per_share_4q_avg": 2.35,
            "equity": 329356,
            "current_ratio": 115.09,
            "debt_ratio": 52.95,
            "inventory_turnover_ratio": null,
            "account_receivable_turnover_ratio": null,
            "reinvestment_rate": null,
            "research_to_sale_ratio": null,
            "price_fair": 0,
            "eps_avg_yearly": 0,
            "eps_latest_yearly": 0,
            "eps_growth_yearly": 0
        },
        "20021": {
            "year_quarter": 20021,
            "year": 2002,
            "quarter": 1,
            "eps": null,
            "eps_growth_year": null,
            "eps_4q": null,
            "eps_4q_growth_year": null,
            "roe": null,
            "roe_4q": 0,
            "gross_profit": null,
            "gross_margin": null,
            "gross_margin_4q_avg": 0,
            "net_income": null,
            "revenue": null,
            "common_shares": null,
            "book_valuer_per_share": null,
            "book_valuer_per_share_4q_avg": 2.35,
            "equity": null,
            "current_ratio": null,
            "debt_ratio": null,
            "inventory_turnover_ratio": null,
            "account_receivable_turnover_ratio": null,
            "reinvestment_rate": null,
            "research_to_sale_ratio": null,
            "price_fair": 0,
            "eps_avg_yearly": 0,
            "eps_latest_yearly": 0,
            "eps_growth_yearly": 0
        },
        "20022": {
            "year_quarter": 20022,
            "year": 2002,
            "quarter": 2,
            "eps": null,
            "eps_growth_year": null,
            "eps_4q": null,
            "eps_4q_growth_year": null,
            "roe": null,
            "roe_4q": 0,
            "gross_profit": null,
            "gross_margin": null,
            "gross_margin_4q_avg": 0,
            "net_income": null,
            "revenue": null,
            "common_shares": null,
            "book_valuer_per_share": null,
            "book_valuer_per_share_4q_avg": 2.35,
            "equity": null,
            "current_ratio": null,
            "debt_ratio": null,
            "inventory_turnover_ratio": null,
            "account_receivable_turnover_ratio": null,
            "reinvestment_rate": null,
            "research_to_sale_ratio": null,
            "price_fair": 0,
            "eps_avg_yearly": 0,
            "eps_latest_yearly": 0,
            "eps_growth_yearly": 0
        },
        "20023": {
            "year_quarter": 20023,
            "year": 2002,
            "quarter": 3,
            "eps": null,
            "eps_growth_year": null,
            "eps_4q": null,
            "eps_4q_growth_year": null,
            "roe": null,
            "roe_4q": 0,
            "gross_profit": null,
            "gross_margin": null,
            "gross_margin_4q_avg": 0,
            "net_income": null,
            "revenue": null,
            "common_shares": null,
            "book_valuer_per_share": null,
            "book_valuer_per_share_4q_avg": 2.35,
            "equity": null,
            "current_ratio": null,
            "debt_ratio": null,
            "inventory_turnover_ratio": null,
            "account_receivable_turnover_ratio": null,
            "reinvestment_rate": null,
            "research_to_sale_ratio": null,
            "price_fair": 0,
            "eps_avg_yearly": 0,
            "eps_latest_yearly": 0,
            "eps_growth_yearly": 0
        },
        "20024": {
            "year_quarter": 20024,
            "year": 2002,
            "quarter": 4,
            "eps": null,
            "eps_growth_year": null,
            "eps_4q": null,
            "eps_4q_growth_year": null,
            "roe": null,
            "roe_4q": 0,
            "gross_profit": null,
            "gross_margin": null,
            "gross_margin_4q_avg": 0,
            "net_income": null,
            "revenue": null,
            "common_shares": 385000,
            "book_valuer_per_share": 7.26,
            "book_valuer_per_share_4q_avg": 1.82,
            "equity": 279675,
            "current_ratio": 83.02,
            "debt_ratio": 58.87,
            "inventory_turnover_ratio": null,
            "account_receivable_turnover_ratio": null,
            "reinvestment_rate": null,
            "research_to_sale_ratio": null,
            "price_fair": 0,
            "eps_avg_yearly": 0,
            "eps_latest_yearly": 0,
            "eps_growth_yearly": 0
        },
        "20031": {
            "year_quarter": 20031,
            "year": 2003,
            "quarter": 1,
            "eps": null,
            "eps_growth_year": null,
            "eps_4q": null,
            "eps_4q_growth_year": null,
            "roe": null,
            "roe_4q": 0,
            "gross_profit": null,
            "gross_margin": null,
            "gross_margin_4q_avg": 0,
            "net_income": null,
            "revenue": null,
            "common_shares": null,
            "book_valuer_per_share": null,
            "book_valuer_per_share_4q_avg": 1.82,
            "equity": null,
            "current_ratio": null,
            "debt_ratio": null,
            "inventory_turnover_ratio": null,
            "account_receivable_turnover_ratio": null,
            "reinvestment_rate": null,
            "research_to_sale_ratio": null,
            "price_fair": 0,
            "eps_avg_yearly": 0,
            "eps_latest_yearly": 0,
            "eps_growth_yearly": 0
        },
        "20032": {
            "year_quarter": 20032,
            "year": 2003,
            "quarter": 2,
            "eps": null,
            "eps_growth_year": null,
            "eps_4q": null,
            "eps_4q_growth_year": null,
            "roe": null,
            "roe_4q": 0,
            "gross_profit": null,
            "gross_margin": null,
            "gross_margin_4q_avg": 0,
            "net_income": null,
            "revenue": null,
            "common_shares": null,
            "book_valuer_per_share": null,
            "book_valuer_per_share_4q_avg": 1.82,
            "equity": null,
            "current_ratio": null,
            "debt_ratio": null,
            "inventory_turnover_ratio": null,
            "account_receivable_turnover_ratio": null,
            "reinvestment_rate": null,
            "research_to_sale_ratio": null,
            "price_fair": 0,
            "eps_avg_yearly": 0,
            "eps_latest_yearly": 0,
            "eps_growth_yearly": 0
        },
        "20033": {
            "year_quarter": 20033,
            "year": 2003,
            "quarter": 3,
            "eps": null,
            "eps_growth_year": null,
            "eps_4q": null,
            "eps_4q_growth_year": null,
            "roe": null,
            "roe_4q": 0,
            "gross_profit": null,
            "gross_margin": null,
            "gross_margin_4q_avg": 0,
            "net_income": null,
            "revenue": null,
            "common_shares": null,
            "book_valuer_per_share": null,
            "book_valuer_per_share_4q_avg": 1.82,
            "equity": null,
            "current_ratio": null,
            "debt_ratio": null,
            "inventory_turnover_ratio": null,
            "account_receivable_turnover_ratio": null,
            "reinvestment_rate": null,
            "research_to_sale_ratio": null,
            "price_fair": 0,
            "eps_avg_yearly": 0,
            "eps_latest_yearly": 0,
            "eps_growth_yearly": 0
        },
        "20034": {
            "year_quarter": 20034,
            "year": 2003,
            "quarter": 4,
            "eps": null,
            "eps_growth_year": null,
            "eps_4q": null,
            "eps_4q_growth_year": null,
            "roe": null,
            "roe_4q": 0,
            "gross_profit": null,
            "gross_margin": null,
            "gross_margin_4q_avg": 0,
            "net_income": null,
            "revenue": null,
            "common_shares": 475000,
            "book_valuer_per_share": 6.75,
            "book_valuer_per_share_4q_avg": 1.69,
            "equity": 320709,
            "current_ratio": 103.56,
            "debt_ratio": 51.83,
            "inventory_turnover_ratio": null,
            "account_receivable_turnover_ratio": null,
            "reinvestment_rate": null,
            "research_to_sale_ratio": null,
            "price_fair": 0,
            "eps_avg_yearly": 0,
            "eps_latest_yearly": 0,
            "eps_growth_yearly": 0
        },
        "20041": {
            "year_quarter": 20041,
            "year": 2004,
            "quarter": 1,
            "eps": null,
            "eps_growth_year": null,
            "eps_4q": null,
            "eps_4q_growth_year": null,
            "roe": null,
            "roe_4q": 0,
            "gross_profit": null,
            "gross_margin": null,
            "gross_margin_4q_avg": 0,
            "net_income": null,
            "revenue": null,
            "common_shares": null,
            "book_valuer_per_share": null,
            "book_valuer_per_share_4q_avg": 1.69,
            "equity": null,
            "current_ratio": null,
            "debt_ratio": null,
            "inventory_turnover_ratio": null,
            "account_receivable_turnover_ratio": null,
            "reinvestment_rate": null,
            "research_to_sale_ratio": null,
            "price_fair": 0,
            "eps_avg_yearly": 0,
            "eps_latest_yearly": 0,
            "eps_growth_yearly": 0
        },
        "20042": {
            "year_quarter": 20042,
            "year": 2004,
            "quarter": 2,
            "eps": null,
            "eps_growth_year": null,
            "eps_4q": null,
            "eps_4q_growth_year": null,
            "roe": null,
            "roe_4q": 0,
            "gross_profit": null,
            "gross_margin": null,
            "gross_margin_4q_avg": 0,
            "net_income": null,
            "revenue": null,
            "common_shares": null,
            "book_valuer_per_share": null,
            "book_valuer_per_share_4q_avg": 1.69,
            "equity": null,
            "current_ratio": null,
            "debt_ratio": null,
            "inventory_turnover_ratio": null,
            "account_receivable_turnover_ratio": null,
            "reinvestment_rate": null,
            "research_to_sale_ratio": null,
            "price_fair": 0,
            "eps_avg_yearly": 0,
            "eps_latest_yearly": 0,
            "eps_growth_yearly": 0
        },
        "20043": {
            "year_quarter": 20043,
            "year": 2004,
            "quarter": 3,
            "eps": null,
            "eps_growth_year": null,
            "eps_4q": null,
            "eps_4q_growth_year": null,
            "roe": null,
            "roe_4q": 0,
            "gross_profit": null,
            "gross_margin": null,
            "gross_margin_4q_avg": 0,
            "net_income": null,
            "revenue": null,
            "common_shares": null,
            "book_valuer_per_share": null,
            "book_valuer_per_share_4q_avg": 1.69,
            "equity": null,
            "current_ratio": null,
            "debt_ratio": null,
            "inventory_turnover_ratio": null,
            "account_receivable_turnover_ratio": null,
            "reinvestment_rate": null,
            "research_to_sale_ratio": null,
            "price_fair": 0,
            "eps_avg_yearly": 0,
            "eps_latest_yearly": 0,
            "eps_growth_yearly": 0
        },
        "20044": {
            "year_quarter": 20044,
            "year": 2004,
            "quarter": 4,
            "eps": null,
            "eps_growth_year": null,
            "eps_4q": null,
            "eps_4q_growth_year": null,
            "roe": null,
            "roe_4q": 0,
            "gross_profit": null,
            "gross_margin": null,
            "gross_margin_4q_avg": 0,
            "net_income": null,
            "revenue": null,
            "common_shares": 475000,
            "book_valuer_per_share": 6.04,
            "book_valuer_per_share_4q_avg": 1.51,
            "equity": 286846,
            "current_ratio": 93.74,
            "debt_ratio": 54.58,
            "inventory_turnover_ratio": null,
            "account_receivable_turnover_ratio": null,
            "reinvestment_rate": null,
            "research_to_sale_ratio": null,
            "price_fair": 0,
            "eps_avg_yearly": 0,
            "eps_latest_yearly": 0,
            "eps_growth_yearly": 0
        },
        "20051": {
            "year_quarter": 20051,
            "year": 2005,
            "quarter": 1,
            "eps": null,
            "eps_growth_year": null,
            "eps_4q": null,
            "eps_4q_growth_year": null,
            "roe": null,
            "roe_4q": 0,
            "gross_profit": null,
            "gross_margin": null,
            "gross_margin_4q_avg": 0,
            "net_income": null,
            "revenue": null,
            "common_shares": null,
            "book_valuer_per_share": null,
            "book_valuer_per_share_4q_avg": 1.51,
            "equity": null,
            "current_ratio": null,
            "debt_ratio": null,
            "inventory_turnover_ratio": null,
            "account_receivable_turnover_ratio": null,
            "reinvestment_rate": null,
            "research_to_sale_ratio": null,
            "price_fair": 0,
            "eps_avg_yearly": 0,
            "eps_latest_yearly": 0,
            "eps_growth_yearly": 0
        },
        "20052": {
            "year_quarter": 20052,
            "year": 2005,
            "quarter": 2,
            "eps": null,
            "eps_growth_year": null,
            "eps_4q": null,
            "eps_4q_growth_year": null,
            "roe": null,
            "roe_4q": 0,
            "gross_profit": null,
            "gross_margin": null,
            "gross_margin_4q_avg": 0,
            "net_income": null,
            "revenue": null,
            "common_shares": null,
            "book_valuer_per_share": null,
            "book_valuer_per_share_4q_avg": 1.51,
            "equity": null,
            "current_ratio": null,
            "debt_ratio": null,
            "inventory_turnover_ratio": null,
            "account_receivable_turnover_ratio": null,
            "reinvestment_rate": null,
            "research_to_sale_ratio": null,
            "price_fair": 0,
            "eps_avg_yearly": 0,
            "eps_latest_yearly": 0,
            "eps_growth_yearly": 0
        },
        "20053": {
            "year_quarter": 20053,
            "year": 2005,
            "quarter": 3,
            "eps": null,
            "eps_growth_year": null,
            "eps_4q": null,
            "eps_4q_growth_year": null,
            "roe": null,
            "roe_4q": 0,
            "gross_profit": null,
            "gross_margin": null,
            "gross_margin_4q_avg": 0,
            "net_income": null,
            "revenue": null,
            "common_shares": null,
            "book_valuer_per_share": null,
            "book_valuer_per_share_4q_avg": 1.51,
            "equity": null,
            "current_ratio": null,
            "debt_ratio": null,
            "inventory_turnover_ratio": null,
            "account_receivable_turnover_ratio": null,
            "reinvestment_rate": null,
            "research_to_sale_ratio": null,
            "price_fair": 0,
            "eps_avg_yearly": 0,
            "eps_latest_yearly": 0,
            "eps_growth_yearly": 0
        },
        "20054": {
            "year_quarter": 20054,
            "year": 2005,
            "quarter": 4,
            "eps": null,
            "eps_growth_year": null,
            "eps_4q": null,
            "eps_4q_growth_year": null,
            "roe": null,
            "roe_4q": 0,
            "gross_profit": null,
            "gross_margin": null,
            "gross_margin_4q_avg": 0,
            "net_income": null,
            "revenue": null,
            "common_shares": 475000,
            "book_valuer_per_share": 5.41,
            "book_valuer_per_share_4q_avg": 1.35,
            "equity": 256961,
            "current_ratio": 82.05,
            "debt_ratio": 60.9,
            "inventory_turnover_ratio": null,
            "account_receivable_turnover_ratio": null,
            "reinvestment_rate": null,
            "research_to_sale_ratio": null,
            "price_fair": 0,
            "eps_avg_yearly": 0,
            "eps_latest_yearly": 0,
            "eps_growth_yearly": 0
        },
        "20061": {
            "year_quarter": 20061,
            "year": 2006,
            "quarter": 1,
            "eps": null,
            "eps_growth_year": null,
            "eps_4q": null,
            "eps_4q_growth_year": null,
            "roe": null,
            "roe_4q": 0,
            "gross_profit": null,
            "gross_margin": null,
            "gross_margin_4q_avg": 0,
            "net_income": null,
            "revenue": null,
            "common_shares": null,
            "book_valuer_per_share": null,
            "book_valuer_per_share_4q_avg": 1.35,
            "equity": null,
            "current_ratio": null,
            "debt_ratio": null,
            "inventory_turnover_ratio": null,
            "account_receivable_turnover_ratio": null,
            "reinvestment_rate": null,
            "research_to_sale_ratio": null,
            "price_fair": 0,
            "eps_avg_yearly": 0,
            "eps_latest_yearly": 0,
            "eps_growth_yearly": 0
        },
        "20062": {
            "year_quarter": 20062,
            "year": 2006,
            "quarter": 2,
            "eps": null,
            "eps_growth_year": null,
            "eps_4q": null,
            "eps_4q_growth_year": null,
            "roe": null,
            "roe_4q": 0,
            "gross_profit": null,
            "gross_margin": null,
            "gross_margin_4q_avg": 0,
            "net_income": null,
            "revenue": null,
            "common_shares": null,
            "book_valuer_per_share": null,
            "book_valuer_per_share_4q_avg": 1.35,
            "equity": null,
            "current_ratio": null,
            "debt_ratio": null,
            "inventory_turnover_ratio": null,
            "account_receivable_turnover_ratio": null,
            "reinvestment_rate": null,
            "research_to_sale_ratio": null,
            "price_fair": 0,
            "eps_avg_yearly": 0,
            "eps_latest_yearly": 0,
            "eps_growth_yearly": 0
        },
        "20063": {
            "year_quarter": 20063,
            "year": 2006,
            "quarter": 3,
            "eps": null,
            "eps_growth_year": null,
            "eps_4q": null,
            "eps_4q_growth_year": null,
            "roe": null,
            "roe_4q": 0,
            "gross_profit": null,
            "gross_margin": null,
            "gross_margin_4q_avg": 0,
            "net_income": null,
            "revenue": null,
            "common_shares": null,
            "book_valuer_per_share": null,
            "book_valuer_per_share_4q_avg": 1.35,
            "equity": null,
            "current_ratio": null,
            "debt_ratio": null,
            "inventory_turnover_ratio": null,
            "account_receivable_turnover_ratio": null,
            "reinvestment_rate": null,
            "research_to_sale_ratio": null,
            "price_fair": 0,
            "eps_avg_yearly": 0,
            "eps_latest_yearly": 0,
            "eps_growth_yearly": 0
        },
        "20064": {
            "year_quarter": 20064,
            "year": 2006,
            "quarter": 4,
            "eps": null,
            "eps_growth_year": null,
            "eps_4q": null,
            "eps_4q_growth_year": null,
            "roe": null,
            "roe_4q": 0,
            "gross_profit": null,
            "gross_margin": null,
            "gross_margin_4q_avg": 0,
            "net_income": null,
            "revenue": null,
            "common_shares": 425000,
            "book_valuer_per_share": 10.06,
            "book_valuer_per_share_4q_avg": 2.52,
            "equity": 427745,
            "current_ratio": 157.39,
            "debt_ratio": 43.06,
            "inventory_turnover_ratio": null,
            "account_receivable_turnover_ratio": null,
            "reinvestment_rate": null,
            "research_to_sale_ratio": null,
            "price_fair": 0,
            "eps_avg_yearly": 0,
            "eps_latest_yearly": 0,
            "eps_growth_yearly": 0
        },
        "20071": {
            "year_quarter": 20071,
            "year": 2007,
            "quarter": 1,
            "eps": null,
            "eps_growth_year": null,
            "eps_4q": null,
            "eps_4q_growth_year": null,
            "roe": null,
            "roe_4q": 0,
            "gross_profit": null,
            "gross_margin": null,
            "gross_margin_4q_avg": 0,
            "net_income": null,
            "revenue": null,
            "common_shares": null,
            "book_valuer_per_share": null,
            "book_valuer_per_share_4q_avg": 2.52,
            "equity": null,
            "current_ratio": null,
            "debt_ratio": null,
            "inventory_turnover_ratio": null,
            "account_receivable_turnover_ratio": null,
            "reinvestment_rate": null,
            "research_to_sale_ratio": null,
            "price_fair": 0,
            "eps_avg_yearly": 0,
            "eps_latest_yearly": 0,
            "eps_growth_yearly": 0
        },
        "20072": {
            "year_quarter": 20072,
            "year": 2007,
            "quarter": 2,
            "eps": null,
            "eps_growth_year": null,
            "eps_4q": null,
            "eps_4q_growth_year": null,
            "roe": null,
            "roe_4q": 0,
            "gross_profit": null,
            "gross_margin": null,
            "gross_margin_4q_avg": 0,
            "net_income": null,
            "revenue": null,
            "common_shares": null,
            "book_valuer_per_share": null,
            "book_valuer_per_share_4q_avg": 2.52,
            "equity": null,
            "current_ratio": null,
            "debt_ratio": null,
            "inventory_turnover_ratio": null,
            "account_receivable_turnover_ratio": null,
            "reinvestment_rate": null,
            "research_to_sale_ratio": null,
            "price_fair": 0,
            "eps_avg_yearly": 0,
            "eps_latest_yearly": 0,
            "eps_growth_yearly": 0
        },
        "20073": {
            "year_quarter": 20073,
            "year": 2007,
            "quarter": 3,
            "eps": null,
            "eps_growth_year": null,
            "eps_4q": null,
            "eps_4q_growth_year": null,
            "roe": null,
            "roe_4q": 0,
            "gross_profit": null,
            "gross_margin": null,
            "gross_margin_4q_avg": 0,
            "net_income": null,
            "revenue": null,
            "common_shares": null,
            "book_valuer_per_share": null,
            "book_valuer_per_share_4q_avg": 2.52,
            "equity": null,
            "current_ratio": null,
            "debt_ratio": null,
            "inventory_turnover_ratio": null,
            "account_receivable_turnover_ratio": null,
            "reinvestment_rate": null,
            "research_to_sale_ratio": null,
            "price_fair": 0,
            "eps_avg_yearly": 0,
            "eps_latest_yearly": 0,
            "eps_growth_yearly": 0
        },
        "20074": {
            "year_quarter": 20074,
            "year": 2007,
            "quarter": 4,
            "eps": null,
            "eps_growth_year": null,
            "eps_4q": null,
            "eps_4q_growth_year": null,
            "roe": null,
            "roe_4q": 0,
            "gross_profit": null,
            "gross_margin": null,
            "gross_margin_4q_avg": 0,
            "net_income": null,
            "revenue": null,
            "common_shares": 500000,
            "book_valuer_per_share": 11.25,
            "book_valuer_per_share_4q_avg": 2.81,
            "equity": 562684,
            "current_ratio": 163.2,
            "debt_ratio": 42.86,
            "inventory_turnover_ratio": null,
            "account_receivable_turnover_ratio": null,
            "reinvestment_rate": null,
            "research_to_sale_ratio": null,
            "price_fair": 0,
            "eps_avg_yearly": 0,
            "eps_latest_yearly": 0,
            "eps_growth_yearly": 0
        },
        "20081": {
            "year_quarter": 20081,
            "year": 2008,
            "quarter": 1,
            "eps": null,
            "eps_growth_year": null,
            "eps_4q": null,
            "eps_4q_growth_year": null,
            "roe": null,
            "roe_4q": 0,
            "gross_profit": null,
            "gross_margin": null,
            "gross_margin_4q_avg": 0,
            "net_income": null,
            "revenue": null,
            "common_shares": null,
            "book_valuer_per_share": null,
            "book_valuer_per_share_4q_avg": 2.81,
            "equity": null,
            "current_ratio": null,
            "debt_ratio": null,
            "inventory_turnover_ratio": null,
            "account_receivable_turnover_ratio": null,
            "reinvestment_rate": null,
            "research_to_sale_ratio": null,
            "price_fair": 0,
            "eps_avg_yearly": 0,
            "eps_latest_yearly": 0,
            "eps_growth_yearly": 0
        },
        "20082": {
            "year_quarter": 20082,
            "year": 2008,
            "quarter": 2,
            "eps": null,
            "eps_growth_year": null,
            "eps_4q": null,
            "eps_4q_growth_year": null,
            "roe": null,
            "roe_4q": 0,
            "gross_profit": null,
            "gross_margin": null,
            "gross_margin_4q_avg": 0,
            "net_income": null,
            "revenue": null,
            "common_shares": null,
            "book_valuer_per_share": null,
            "book_valuer_per_share_4q_avg": 2.81,
            "equity": null,
            "current_ratio": null,
            "debt_ratio": null,
            "inventory_turnover_ratio": null,
            "account_receivable_turnover_ratio": null,
            "reinvestment_rate": null,
            "research_to_sale_ratio": null,
            "price_fair": 0,
            "eps_avg_yearly": 0,
            "eps_latest_yearly": 0,
            "eps_growth_yearly": 0
        },
        "20083": {
            "year_quarter": 20083,
            "year": 2008,
            "quarter": 3,
            "eps": null,
            "eps_growth_year": null,
            "eps_4q": null,
            "eps_4q_growth_year": null,
            "roe": null,
            "roe_4q": 0,
            "gross_profit": null,
            "gross_margin": null,
            "gross_margin_4q_avg": 0,
            "net_income": null,
            "revenue": null,
            "common_shares": null,
            "book_valuer_per_share": null,
            "book_valuer_per_share_4q_avg": 2.81,
            "equity": null,
            "current_ratio": null,
            "debt_ratio": null,
            "inventory_turnover_ratio": null,
            "account_receivable_turnover_ratio": null,
            "reinvestment_rate": null,
            "research_to_sale_ratio": null,
            "price_fair": 0,
            "eps_avg_yearly": 0,
            "eps_latest_yearly": 0,
            "eps_growth_yearly": 0
        },
        "20084": {
            "year_quarter": 20084,
            "year": 2008,
            "quarter": 4,
            "eps": null,
            "eps_growth_year": null,
            "eps_4q": null,
            "eps_4q_growth_year": null,
            "roe": null,
            "roe_4q": 0,
            "gross_profit": null,
            "gross_margin": null,
            "gross_margin_4q_avg": 0,
            "net_income": null,
            "revenue": null,
            "common_shares": 500000,
            "book_valuer_per_share": 11.99,
            "book_valuer_per_share_4q_avg": 3,
            "equity": 599734,
            "current_ratio": 143.37,
            "debt_ratio": 47.64,
            "inventory_turnover_ratio": null,
            "account_receivable_turnover_ratio": null,
            "reinvestment_rate": null,
            "research_to_sale_ratio": null,
            "price_fair": 0,
            "eps_avg_yearly": 0,
            "eps_latest_yearly": 0,
            "eps_growth_yearly": 0
        },
        "20091": {
            "year_quarter": 20091,
            "year": 2009,
            "quarter": 1,
            "eps": null,
            "eps_growth_year": null,
            "eps_4q": null,
            "eps_4q_growth_year": null,
            "roe": null,
            "roe_4q": 0,
            "gross_profit": null,
            "gross_margin": null,
            "gross_margin_4q_avg": 0,
            "net_income": null,
            "revenue": null,
            "common_shares": null,
            "book_valuer_per_share": null,
            "book_valuer_per_share_4q_avg": 3,
            "equity": null,
            "current_ratio": null,
            "debt_ratio": null,
            "inventory_turnover_ratio": null,
            "account_receivable_turnover_ratio": null,
            "reinvestment_rate": null,
            "research_to_sale_ratio": null,
            "price_fair": 0,
            "eps_avg_yearly": 0,
            "eps_latest_yearly": 0,
            "eps_growth_yearly": 0
        },
        "20092": {
            "year_quarter": 20092,
            "year": 2009,
            "quarter": 2,
            "eps": null,
            "eps_growth_year": null,
            "eps_4q": null,
            "eps_4q_growth_year": null,
            "roe": null,
            "roe_4q": 0,
            "gross_profit": null,
            "gross_margin": null,
            "gross_margin_4q_avg": 0,
            "net_income": null,
            "revenue": null,
            "common_shares": null,
            "book_valuer_per_share": null,
            "book_valuer_per_share_4q_avg": 3,
            "equity": null,
            "current_ratio": null,
            "debt_ratio": null,
            "inventory_turnover_ratio": null,
            "account_receivable_turnover_ratio": null,
            "reinvestment_rate": null,
            "research_to_sale_ratio": null,
            "price_fair": 0,
            "eps_avg_yearly": 0,
            "eps_latest_yearly": 0,
            "eps_growth_yearly": 0
        },
        "20093": {
            "year_quarter": 20093,
            "year": 2009,
            "quarter": 3,
            "eps": null,
            "eps_growth_year": null,
            "eps_4q": null,
            "eps_4q_growth_year": null,
            "roe": null,
            "roe_4q": 0,
            "gross_profit": null,
            "gross_margin": null,
            "gross_margin_4q_avg": 0,
            "net_income": null,
            "revenue": null,
            "common_shares": null,
            "book_valuer_per_share": null,
            "book_valuer_per_share_4q_avg": 3,
            "equity": null,
            "current_ratio": null,
            "debt_ratio": null,
            "inventory_turnover_ratio": null,
            "account_receivable_turnover_ratio": null,
            "reinvestment_rate": null,
            "research_to_sale_ratio": null,
            "price_fair": 0,
            "eps_avg_yearly": 0,
            "eps_latest_yearly": 0,
            "eps_growth_yearly": 0
        },
        "20094": {
            "year_quarter": 20094,
            "year": 2009,
            "quarter": 4,
            "eps": null,
            "eps_growth_year": null,
            "eps_4q": null,
            "eps_4q_growth_year": null,
            "roe": null,
            "roe_4q": 0,
            "gross_profit": null,
            "gross_margin": null,
            "gross_margin_4q_avg": 0,
            "net_income": null,
            "revenue": null,
            "common_shares": 545000,
            "book_valuer_per_share": 11.77,
            "book_valuer_per_share_4q_avg": 2.94,
            "equity": 641323,
            "current_ratio": 165.92,
            "debt_ratio": 48.49,
            "inventory_turnover_ratio": null,
            "account_receivable_turnover_ratio": null,
            "reinvestment_rate": null,
            "research_to_sale_ratio": null,
            "price_fair": 0,
            "eps_avg_yearly": 0,
            "eps_latest_yearly": 0,
            "eps_growth_yearly": 0
        },
        "20101": {
            "year_quarter": 20101,
            "year": 2010,
            "quarter": 1,
            "eps": null,
            "eps_growth_year": null,
            "eps_4q": null,
            "eps_4q_growth_year": null,
            "roe": null,
            "roe_4q": 0,
            "gross_profit": null,
            "gross_margin": null,
            "gross_margin_4q_avg": 0,
            "net_income": null,
            "revenue": null,
            "common_shares": null,
            "book_valuer_per_share": null,
            "book_valuer_per_share_4q_avg": 2.94,
            "equity": null,
            "current_ratio": null,
            "debt_ratio": null,
            "inventory_turnover_ratio": null,
            "account_receivable_turnover_ratio": null,
            "reinvestment_rate": null,
            "research_to_sale_ratio": null,
            "price_fair": 0,
            "eps_avg_yearly": 0,
            "eps_latest_yearly": 0,
            "eps_growth_yearly": 0
        },
        "20102": {
            "year_quarter": 20102,
            "year": 2010,
            "quarter": 2,
            "eps": null,
            "eps_growth_year": null,
            "eps_4q": null,
            "eps_4q_growth_year": null,
            "roe": null,
            "roe_4q": 0,
            "gross_profit": null,
            "gross_margin": null,
            "gross_margin_4q_avg": 0,
            "net_income": null,
            "revenue": null,
            "common_shares": null,
            "book_valuer_per_share": null,
            "book_valuer_per_share_4q_avg": 2.94,
            "equity": null,
            "current_ratio": null,
            "debt_ratio": null,
            "inventory_turnover_ratio": null,
            "account_receivable_turnover_ratio": null,
            "reinvestment_rate": null,
            "research_to_sale_ratio": null,
            "price_fair": 0,
            "eps_avg_yearly": 0,
            "eps_latest_yearly": 0,
            "eps_growth_yearly": 0
        },
        "20103": {
            "year_quarter": 20103,
            "year": 2010,
            "quarter": 3,
            "eps": null,
            "eps_growth_year": null,
            "eps_4q": null,
            "eps_4q_growth_year": null,
            "roe": null,
            "roe_4q": 0,
            "gross_profit": null,
            "gross_margin": null,
            "gross_margin_4q_avg": 0,
            "net_income": null,
            "revenue": null,
            "common_shares": null,
            "book_valuer_per_share": null,
            "book_valuer_per_share_4q_avg": 2.94,
            "equity": null,
            "current_ratio": null,
            "debt_ratio": null,
            "inventory_turnover_ratio": null,
            "account_receivable_turnover_ratio": null,
            "reinvestment_rate": null,
            "research_to_sale_ratio": null,
            "price_fair": 0,
            "eps_avg_yearly": 0,
            "eps_latest_yearly": 0,
            "eps_growth_yearly": 0
        },
        "20104": {
            "year_quarter": 20104,
            "year": 2010,
            "quarter": 4,
            "eps": null,
            "eps_growth_year": null,
            "eps_4q": null,
            "eps_4q_growth_year": null,
            "roe": null,
            "roe_4q": 0,
            "gross_profit": null,
            "gross_margin": null,
            "gross_margin_4q_avg": 0,
            "net_income": null,
            "revenue": null,
            "common_shares": 606350,
            "book_valuer_per_share": 11.62,
            "book_valuer_per_share_4q_avg": 2.91,
            "equity": 704297,
            "current_ratio": 176.72,
            "debt_ratio": 43.19,
            "inventory_turnover_ratio": null,
            "account_receivable_turnover_ratio": null,
            "reinvestment_rate": null,
            "research_to_sale_ratio": null,
            "price_fair": 0,
            "eps_avg_yearly": 0,
            "eps_latest_yearly": 0,
            "eps_growth_yearly": 0
        },
        "20111": {
            "year_quarter": 20111,
            "year": 2011,
            "quarter": 1,
            "eps": null,
            "eps_growth_year": null,
            "eps_4q": null,
            "eps_4q_growth_year": null,
            "roe": null,
            "roe_4q": 0,
            "gross_profit": null,
            "gross_margin": null,
            "gross_margin_4q_avg": 0,
            "net_income": null,
            "revenue": null,
            "common_shares": null,
            "book_valuer_per_share": null,
            "book_valuer_per_share_4q_avg": 2.91,
            "equity": null,
            "current_ratio": null,
            "debt_ratio": null,
            "inventory_turnover_ratio": null,
            "account_receivable_turnover_ratio": null,
            "reinvestment_rate": null,
            "research_to_sale_ratio": null,
            "price_fair": 0,
            "eps_avg_yearly": 0,
            "eps_latest_yearly": 0,
            "eps_growth_yearly": 0
        },
        "20112": {
            "year_quarter": 20112,
            "year": 2011,
            "quarter": 2,
            "eps": null,
            "eps_growth_year": null,
            "eps_4q": null,
            "eps_4q_growth_year": null,
            "roe": null,
            "roe_4q": 0,
            "gross_profit": null,
            "gross_margin": null,
            "gross_margin_4q_avg": 0,
            "net_income": null,
            "revenue": null,
            "common_shares": null,
            "book_valuer_per_share": null,
            "book_valuer_per_share_4q_avg": 2.91,
            "equity": null,
            "current_ratio": null,
            "debt_ratio": null,
            "inventory_turnover_ratio": null,
            "account_receivable_turnover_ratio": null,
            "reinvestment_rate": null,
            "research_to_sale_ratio": null,
            "price_fair": 0,
            "eps_avg_yearly": 0,
            "eps_latest_yearly": 0,
            "eps_growth_yearly": 0
        },
        "20113": {
            "year_quarter": 20113,
            "year": 2011,
            "quarter": 3,
            "eps": null,
            "eps_growth_year": null,
            "eps_4q": null,
            "eps_4q_growth_year": null,
            "roe": null,
            "roe_4q": 0,
            "gross_profit": null,
            "gross_margin": null,
            "gross_margin_4q_avg": 0,
            "net_income": null,
            "revenue": null,
            "common_shares": null,
            "book_valuer_per_share": null,
            "book_valuer_per_share_4q_avg": 2.91,
            "equity": null,
            "current_ratio": null,
            "debt_ratio": null,
            "inventory_turnover_ratio": null,
            "account_receivable_turnover_ratio": null,
            "reinvestment_rate": null,
            "research_to_sale_ratio": null,
            "price_fair": 0,
            "eps_avg_yearly": 0,
            "eps_latest_yearly": 0,
            "eps_growth_yearly": 0
        },
        "20114": {
            "year_quarter": 20114,
            "year": 2011,
            "quarter": 4,
            "eps": null,
            "eps_growth_year": null,
            "eps_4q": null,
            "eps_4q_growth_year": null,
            "roe": null,
            "roe_4q": 0,
            "gross_profit": null,
            "gross_margin": null,
            "gross_margin_4q_avg": 0,
            "net_income": null,
            "revenue": null,
            "common_shares": 606350,
            "book_valuer_per_share": 11.57,
            "book_valuer_per_share_4q_avg": 2.89,
            "equity": 701329,
            "current_ratio": 165.15,
            "debt_ratio": 41.9,
            "inventory_turnover_ratio": null,
            "account_receivable_turnover_ratio": null,
            "reinvestment_rate": null,
            "research_to_sale_ratio": null,
            "price_fair": 0,
            "eps_avg_yearly": 0,
            "eps_latest_yearly": 0,
            "eps_growth_yearly": 0
        },
        "20121": {
            "year_quarter": 20121,
            "year": 2012,
            "quarter": 1,
            "eps": null,
            "eps_growth_year": null,
            "eps_4q": null,
            "eps_4q_growth_year": null,
            "roe": null,
            "roe_4q": 0,
            "gross_profit": null,
            "gross_margin": null,
            "gross_margin_4q_avg": 0,
            "net_income": null,
            "revenue": null,
            "common_shares": null,
            "book_valuer_per_share": null,
            "book_valuer_per_share_4q_avg": 2.89,
            "equity": null,
            "current_ratio": null,
            "debt_ratio": null,
            "inventory_turnover_ratio": null,
            "account_receivable_turnover_ratio": null,
            "reinvestment_rate": null,
            "research_to_sale_ratio": null,
            "price_fair": 0,
            "eps_avg_yearly": 0,
            "eps_latest_yearly": 0,
            "eps_growth_yearly": 0
        },
        "20122": {
            "year_quarter": 20122,
            "year": 2012,
            "quarter": 2,
            "eps": null,
            "eps_growth_year": null,
            "eps_4q": null,
            "eps_4q_growth_year": null,
            "roe": null,
            "roe_4q": 0,
            "gross_profit": null,
            "gross_margin": null,
            "gross_margin_4q_avg": 0,
            "net_income": null,
            "revenue": null,
            "common_shares": null,
            "book_valuer_per_share": null,
            "book_valuer_per_share_4q_avg": 2.89,
            "equity": null,
            "current_ratio": null,
            "debt_ratio": null,
            "inventory_turnover_ratio": null,
            "account_receivable_turnover_ratio": null,
            "reinvestment_rate": null,
            "research_to_sale_ratio": null,
            "price_fair": 0,
            "eps_avg_yearly": 0,
            "eps_latest_yearly": 0,
            "eps_growth_yearly": 0
        },
        "20123": {
            "year_quarter": 20123,
            "year": 2012,
            "quarter": 3,
            "eps": null,
            "eps_growth_year": null,
            "eps_4q": null,
            "eps_4q_growth_year": null,
            "roe": null,
            "roe_4q": 0,
            "gross_profit": null,
            "gross_margin": null,
            "gross_margin_4q_avg": 0,
            "net_income": null,
            "revenue": null,
            "common_shares": null,
            "book_valuer_per_share": null,
            "book_valuer_per_share_4q_avg": 2.89,
            "equity": null,
            "current_ratio": null,
            "debt_ratio": null,
            "inventory_turnover_ratio": null,
            "account_receivable_turnover_ratio": null,
            "reinvestment_rate": null,
            "research_to_sale_ratio": null,
            "price_fair": 0,
            "eps_avg_yearly": 0,
            "eps_latest_yearly": 0,
            "eps_growth_yearly": 0
        },
        "20124": {
            "year_quarter": 20124,
            "year": 2012,
            "quarter": 4,
            "eps": null,
            "eps_growth_year": null,
            "eps_4q": null,
            "eps_4q_growth_year": null,
            "roe": null,
            "roe_4q": 0,
            "gross_profit": null,
            "gross_margin": null,
            "gross_margin_4q_avg": 0,
            "net_income": null,
            "revenue": null,
            "common_shares": 607849,
            "book_valuer_per_share": 11.88,
            "book_valuer_per_share_4q_avg": 2.97,
            "equity": 721950,
            "current_ratio": 150.78,
            "debt_ratio": 46.26,
            "inventory_turnover_ratio": null,
            "account_receivable_turnover_ratio": null,
            "reinvestment_rate": null,
            "research_to_sale_ratio": null,
            "price_fair": 0,
            "eps_avg_yearly": 0,
            "eps_latest_yearly": 0,
            "eps_growth_yearly": 0
        },
        "20131": {
            "year_quarter": 20131,
            "year": 2013,
            "quarter": 1,
            "eps": null,
            "eps_growth_year": null,
            "eps_4q": null,
            "eps_4q_growth_year": null,
            "roe": null,
            "roe_4q": 0,
            "gross_profit": null,
            "gross_margin": null,
            "gross_margin_4q_avg": 0,
            "net_income": null,
            "revenue": null,
            "common_shares": null,
            "book_valuer_per_share": null,
            "book_valuer_per_share_4q_avg": 2.97,
            "equity": null,
            "current_ratio": null,
            "debt_ratio": null,
            "inventory_turnover_ratio": null,
            "account_receivable_turnover_ratio": null,
            "reinvestment_rate": null,
            "research_to_sale_ratio": null,
            "price_fair": 0,
            "eps_avg_yearly": 0,
            "eps_latest_yearly": 0,
            "eps_growth_yearly": 0
        },
        "20132": {
            "year_quarter": 20132,
            "year": 2013,
            "quarter": 2,
            "eps": null,
            "eps_growth_year": null,
            "eps_4q": null,
            "eps_4q_growth_year": null,
            "roe": null,
            "roe_4q": 0,
            "gross_profit": null,
            "gross_margin": null,
            "gross_margin_4q_avg": 0,
            "net_income": null,
            "revenue": null,
            "common_shares": 607849,
            "book_valuer_per_share": null,
            "book_valuer_per_share_4q_avg": 2.97,
            "equity": 701586,
            "current_ratio": null,
            "debt_ratio": null,
            "inventory_turnover_ratio": null,
            "account_receivable_turnover_ratio": null,
            "reinvestment_rate": null,
            "research_to_sale_ratio": null,
            "price_fair": 0,
            "eps_avg_yearly": 0,
            "eps_latest_yearly": 0,
            "eps_growth_yearly": 0
        },
        "20133": {
            "year_quarter": 20133,
            "year": 2013,
            "quarter": 3,
            "eps": null,
            "eps_growth_year": null,
            "eps_4q": null,
            "eps_4q_growth_year": null,
            "roe": null,
            "roe_4q": 0,
            "gross_profit": 39727,
            "gross_margin": null,
            "gross_margin_4q_avg": 0,
            "net_income": 10508,
            "revenue": 181520,
            "common_shares": 607849,
            "book_valuer_per_share": null,
            "book_valuer_per_share_4q_avg": 2.97,
            "equity": 712183,
            "current_ratio": null,
            "debt_ratio": null,
            "inventory_turnover_ratio": null,
            "account_receivable_turnover_ratio": null,
            "reinvestment_rate": null,
            "research_to_sale_ratio": null,
            "price_fair": 0,
            "eps_avg_yearly": 0,
            "eps_latest_yearly": 0,
            "eps_growth_yearly": 0
        },
        "20134": {
            "year_quarter": 20134,
            "year": 2013,
            "quarter": 4,
            "eps": null,
            "eps_growth_year": null,
            "eps_4q": null,
            "eps_4q_growth_year": null,
            "roe": null,
            "roe_4q": 0,
            "gross_profit": 25837,
            "gross_margin": null,
            "gross_margin_4q_avg": 0,
            "net_income": 7032,
            "revenue": 161071,
            "common_shares": 618499,
            "book_valuer_per_share": 11.81,
            "book_valuer_per_share_4q_avg": 2.95,
            "equity": 730593,
            "current_ratio": 189.84,
            "debt_ratio": 46.94,
            "inventory_turnover_ratio": null,
            "account_receivable_turnover_ratio": null,
            "reinvestment_rate": null,
            "research_to_sale_ratio": null,
            "price_fair": 0,
            "eps_avg_yearly": 0,
            "eps_latest_yearly": 0,
            "eps_growth_yearly": 0
        },
        "20141": {
            "year_quarter": 20141,
            "year": 2014,
            "quarter": 1,
            "eps": null,
            "eps_growth_year": null,
            "eps_4q": null,
            "eps_4q_growth_year": null,
            "roe": null,
            "roe_4q": 0,
            "gross_profit": 24319,
            "gross_margin": null,
            "gross_margin_4q_avg": 0,
            "net_income": 4909,
            "revenue": 181906,
            "common_shares": 618499,
            "book_valuer_per_share": 11.89,
            "book_valuer_per_share_4q_avg": 5.93,
            "equity": 735655,
            "current_ratio": 190,
            "debt_ratio": 46.08,
            "inventory_turnover_ratio": null,
            "account_receivable_turnover_ratio": null,
            "reinvestment_rate": null,
            "research_to_sale_ratio": null,
            "price_fair": 0,
            "eps_avg_yearly": 0,
            "eps_latest_yearly": 0,
            "eps_growth_yearly": 0
        },
        "20142": {
            "year_quarter": 20142,
            "year": 2014,
            "quarter": 2,
            "eps": 0.18,
            "eps_growth_year": null,
            "eps_4q": 0.18,
            "eps_4q_growth_year": null,
            "roe": 1.53,
            "roe_4q": 1.53,
            "gross_profit": 38624,
            "gross_margin": 18.92,
            "gross_margin_4q_avg": 4.73,
            "net_income": 11126,
            "revenue": 204177,
            "common_shares": 618499,
            "book_valuer_per_share": 11.58,
            "book_valuer_per_share_4q_avg": 8.82,
            "equity": 716010,
            "current_ratio": 171.2,
            "debt_ratio": 49.83,
            "inventory_turnover_ratio": 0.36,
            "account_receivable_turnover_ratio": 2.78,
            "reinvestment_rate": null,
            "research_to_sale_ratio": null,
            "price_fair": 0,
            "eps_avg_yearly": 0,
            "eps_latest_yearly": 0,
            "eps_growth_yearly": 0
        },
        "20143": {
            "year_quarter": 20143,
            "year": 2014,
            "quarter": 3,
            "eps": 0.23,
            "eps_growth_year": null,
            "eps_4q": 0.41,
            "eps_4q_growth_year": null,
            "roe": 1.94,
            "roe_4q": 3.4699999999999998,
            "gross_profit": 37443,
            "gross_margin": 19.28,
            "gross_margin_4q_avg": 9.55,
            "net_income": 14016,
            "revenue": 194244,
            "common_shares": 618499,
            "book_valuer_per_share": 11.81,
            "book_valuer_per_share_4q_avg": 11.77,
            "equity": 730179,
            "current_ratio": 192.13,
            "debt_ratio": 44.89,
            "inventory_turnover_ratio": 0.35,
            "account_receivable_turnover_ratio": 1.32,
            "reinvestment_rate": null,
            "research_to_sale_ratio": 4.99,
            "price_fair": 32.2,
            "eps_avg_yearly": 0.92,
            "eps_latest_yearly": 0.92,
            "eps_growth_yearly": 111.11
        },
        "20144": {
            "year_quarter": 20144,
            "year": 2014,
            "quarter": 4,
            "eps": 0.2,
            "eps_growth_year": null,
            "eps_4q": 0.6,
            "eps_4q_growth_year": null,
            "roe": 1.65,
            "roe_4q": 5.12,
            "gross_profit": 32182,
            "gross_margin": 17.16,
            "gross_margin_4q_avg": 13.84,
            "net_income": 12159,
            "revenue": 187551,
            "common_shares": 621789,
            "book_valuer_per_share": 12,
            "book_valuer_per_share_4q_avg": 11.82,
            "equity": 746375,
            "current_ratio": 169.1,
            "debt_ratio": 45.69,
            "inventory_turnover_ratio": 0.35,
            "account_receivable_turnover_ratio": 1.2,
            "reinvestment_rate": null,
            "research_to_sale_ratio": 5.6,
            "price_fair": 30.1,
            "eps_avg_yearly": 0.86,
            "eps_latest_yearly": 0.8,
            "eps_growth_yearly": 29.47
        },
        "20151": {
            "year_quarter": 20151,
            "year": 2015,
            "quarter": 1,
            "eps": 0.21,
            "eps_growth_year": null,
            "eps_4q": 0.75,
            "eps_4q_growth_year": null,
            "roe": 1.75,
            "roe_4q": 6.87,
            "gross_profit": 41601,
            "gross_margin": 20.15,
            "gross_margin_4q_avg": 18.88,
            "net_income": 13989,
            "revenue": 206461,
            "common_shares": 681869,
            "book_valuer_per_share": 12.5,
            "book_valuer_per_share_4q_avg": 11.97,
            "equity": 852182,
            "current_ratio": 210.22,
            "debt_ratio": 41.01,
            "inventory_turnover_ratio": 0.38,
            "account_receivable_turnover_ratio": 1.29,
            "reinvestment_rate": null,
            "research_to_sale_ratio": 4.66,
            "price_fair": 29.87,
            "eps_avg_yearly": 0.85,
            "eps_latest_yearly": 0.84,
            "eps_growth_yearly": 26.31
        },
        "20152": {
            "year_quarter": 20152,
            "year": 2015,
            "quarter": 2,
            "eps": 0.31,
            "eps_growth_year": 72.33,
            "eps_4q": 0.9,
            "eps_4q_growth_year": 398.14,
            "roe": 2.48,
            "roe_4q": 7.82,
            "gross_profit": 51627,
            "gross_margin": 21.11,
            "gross_margin_4q_avg": 19.43,
            "net_income": 20938,
            "revenue": 244574,
            "common_shares": 681869,
            "book_valuer_per_share": 12.31,
            "book_valuer_per_share_4q_avg": 12.16,
            "equity": 839156,
            "current_ratio": 198.94,
            "debt_ratio": 42.29,
            "inventory_turnover_ratio": 0.46,
            "account_receivable_turnover_ratio": 1.48,
            "reinvestment_rate": null,
            "research_to_sale_ratio": 3.56,
            "price_fair": 33.25,
            "eps_avg_yearly": 0.95,
            "eps_latest_yearly": 1.24,
            "eps_growth_yearly": 67.35
        },
        "20153": {
            "year_quarter": 20153,
            "year": 2015,
            "quarter": 3,
            "eps": 0.44,
            "eps_growth_year": 91.3,
            "eps_4q": 1.13,
            "eps_4q_growth_year": 178.43,
            "roe": 3.52,
            "roe_4q": 9.4,
            "gross_profit": 42217,
            "gross_margin": 19.16,
            "gross_margin_4q_avg": 19.4,
            "net_income": 30090,
            "revenue": 220296,
            "common_shares": 681869,
            "book_valuer_per_share": 12.75,
            "book_valuer_per_share_4q_avg": 12.39,
            "equity": 869369,
            "current_ratio": 229.52,
            "debt_ratio": 39.38,
            "inventory_turnover_ratio": 0.44,
            "account_receivable_turnover_ratio": 1.33,
            "reinvestment_rate": null,
            "research_to_sale_ratio": 5.48,
            "price_fair": 38.92,
            "eps_avg_yearly": 1.11,
            "eps_latest_yearly": 1.76,
            "eps_growth_yearly": 87.43
        },
        "20154": {
            "year_quarter": 20154,
            "year": 2015,
            "quarter": 4,
            "eps": 0.3,
            "eps_growth_year": 53.79,
            "eps_4q": 1.25,
            "eps_4q_growth_year": 109.02,
            "roe": 2.33,
            "roe_4q": 10.08,
            "gross_profit": 49003,
            "gross_margin": 23.15,
            "gross_margin_4q_avg": 20.89,
            "net_income": 20514,
            "revenue": 211677,
            "common_shares": 682130,
            "book_valuer_per_share": 13.05,
            "book_valuer_per_share_4q_avg": 12.65,
            "equity": 890057,
            "current_ratio": 226.93,
            "debt_ratio": 38.68,
            "inventory_turnover_ratio": 0.4,
            "account_receivable_turnover_ratio": 1.41,
            "reinvestment_rate": null,
            "research_to_sale_ratio": 4.98,
            "price_fair": 39.43,
            "eps_avg_yearly": 1.13,
            "eps_latest_yearly": 1.2,
            "eps_growth_yearly": 51.65
        },
        "20161": {
            "year_quarter": 20161,
            "year": 2016,
            "quarter": 1,
            "eps": 0.43,
            "eps_growth_year": 104.76,
            "eps_4q": 1.48,
            "eps_4q_growth_year": 96.19,
            "roe": 3.24,
            "roe_4q": 11.57,
            "gross_profit": 69005,
            "gross_margin": 23.73,
            "gross_margin_4q_avg": 21.79,
            "net_income": 29360,
            "revenue": 290797,
            "common_shares": 683735,
            "book_valuer_per_share": 13.48,
            "book_valuer_per_share_4q_avg": 12.9,
            "equity": 921895,
            "current_ratio": 212.48,
            "debt_ratio": 39.09,
            "inventory_turnover_ratio": 0.55,
            "account_receivable_turnover_ratio": 1.73,
            "reinvestment_rate": null,
            "research_to_sale_ratio": 4.06,
            "price_fair": 42.4,
            "eps_avg_yearly": 1.21,
            "eps_latest_yearly": 1.72,
            "eps_growth_yearly": 69.03
        },
        "20162": {
            "year_quarter": 20162,
            "year": 2016,
            "quarter": 2,
            "eps": 0.27,
            "eps_growth_year": -12.9,
            "eps_4q": 1.44,
            "eps_4q_growth_year": 61.17,
            "roe": 2.08,
            "roe_4q": 11.17,
            "gross_profit": 48568,
            "gross_margin": 20.66,
            "gross_margin_4q_avg": 21.68,
            "net_income": 18785,
            "revenue": 235125,
            "common_shares": 683735,
            "book_valuer_per_share": 12.96,
            "book_valuer_per_share_4q_avg": 13.06,
            "equity": 886030,
            "current_ratio": 177.15,
            "debt_ratio": 43.69,
            "inventory_turnover_ratio": 0.47,
            "account_receivable_turnover_ratio": 1.33,
            "reinvestment_rate": null,
            "research_to_sale_ratio": 4.12,
            "price_fair": 41.83,
            "eps_avg_yearly": 1.2,
            "eps_latest_yearly": 1.08,
            "eps_growth_yearly": 41.8
        },
        "20163": {
            "year_quarter": 20163,
            "year": 2016,
            "quarter": 3,
            "eps": 0.13,
            "eps_growth_year": -70.45,
            "eps_4q": 1.13,
            "eps_4q_growth_year": 0.13,
            "roe": 0.99,
            "roe_4q": 8.64,
            "gross_profit": 45256,
            "gross_margin": 19.97,
            "gross_margin_4q_avg": 21.88,
            "net_income": 8831,
            "revenue": 226596,
            "common_shares": 683735,
            "book_valuer_per_share": 13.09,
            "book_valuer_per_share_4q_avg": 13.15,
            "equity": 894910,
            "current_ratio": 187.11,
            "debt_ratio": 42.12,
            "inventory_turnover_ratio": 0.45,
            "account_receivable_turnover_ratio": 1.5,
            "reinvestment_rate": null,
            "research_to_sale_ratio": 4.62,
            "price_fair": 27,
            "eps_avg_yearly": 1.12,
            "eps_latest_yearly": 0.52,
            "eps_growth_yearly": 14.11
        },
        "20164": {
            "year_quarter": 20164,
            "year": 2016,
            "quarter": 4,
            "eps": 0.2,
            "eps_growth_year": -32.09,
            "eps_4q": 1.04,
            "eps_4q_growth_year": -17.26,
            "roe": 1.55,
            "roe_4q": 7.86,
            "gross_profit": 32074,
            "gross_margin": 19.24,
            "gross_margin_4q_avg": 20.9,
            "net_income": 13963,
            "revenue": 166697,
            "common_shares": 683735,
            "book_valuer_per_share": 13.29,
            "book_valuer_per_share_4q_avg": 13.21,
            "equity": 908764,
            "current_ratio": 189.27,
            "debt_ratio": 41.24,
            "inventory_turnover_ratio": 0.31,
            "account_receivable_turnover_ratio": 1.33,
            "reinvestment_rate": null,
            "research_to_sale_ratio": 6.38,
            "price_fair": 38.08,
            "eps_avg_yearly": 1.09,
            "eps_latest_yearly": 0.8,
            "eps_growth_yearly": 34.24
        },
        "20171": {
            "year_quarter": 20171,
            "year": 2017,
            "quarter": 1,
            "eps": 0.01,
            "eps_growth_year": -97.67,
            "eps_4q": 0.62,
            "eps_4q_growth_year": -57.98,
            "roe": 0.1,
            "roe_4q": 4.720000000000001,
            "gross_profit": 35574,
            "gross_margin": 17.23,
            "gross_margin_4q_avg": 19.28,
            "net_income": 869,
            "revenue": 206474,
            "common_shares": 684605,
            "book_valuer_per_share": 13.31,
            "book_valuer_per_share_4q_avg": 13.16,
            "equity": 910899,
            "current_ratio": 181.48,
            "debt_ratio": 42.36,
            "inventory_turnover_ratio": 0.38,
            "account_receivable_turnover_ratio": 1.66,
            "reinvestment_rate": null,
            "research_to_sale_ratio": 3.89,
            "price_fair": 2.98,
            "eps_avg_yearly": 0.99,
            "eps_latest_yearly": 0.04,
            "eps_growth_yearly": -3.42
        },
        "20172": {
            "year_quarter": 20172,
            "year": 2017,
            "quarter": 2,
            "eps": 0.2,
            "eps_growth_year": -25.93,
            "eps_4q": 0.55,
            "eps_4q_growth_year": -61.89,
            "roe": 1.57,
            "roe_4q": 4.21,
            "gross_profit": 29758,
            "gross_margin": 13.56,
            "gross_margin_4q_avg": 17.5,
            "net_income": 14014,
            "revenue": 219392,
            "common_shares": 684605,
            "book_valuer_per_share": 12.71,
            "book_valuer_per_share_4q_avg": 13.1,
            "equity": 870164,
            "current_ratio": 161.28,
            "debt_ratio": 44.04,
            "inventory_turnover_ratio": 0.43,
            "account_receivable_turnover_ratio": 1.31,
            "reinvestment_rate": -4.51,
            "research_to_sale_ratio": 5.66,
            "price_fair": 34.18,
            "eps_avg_yearly": 0.98,
            "eps_latest_yearly": 0.8,
            "eps_growth_yearly": 630.2
        },
        "20173": {
            "year_quarter": 20173,
            "year": 2017,
            "quarter": 3,
            "eps": 0.08,
            "eps_growth_year": -38.46,
            "eps_4q": 0.5,
            "eps_4q_growth_year": -55.95,
            "roe": 0.61,
            "roe_4q": 3.83,
            "gross_profit": 33063,
            "gross_margin": 15.93,
            "gross_margin_4q_avg": 16.49,
            "net_income": 5329,
            "revenue": 207508,
            "common_shares": 684605,
            "book_valuer_per_share": 12.79,
            "book_valuer_per_share_4q_avg": 13.03,
            "equity": 875508,
            "current_ratio": 193.79,
            "debt_ratio": 44.48,
            "inventory_turnover_ratio": 0.41,
            "account_receivable_turnover_ratio": 1.22,
            "reinvestment_rate": -8.23,
            "research_to_sale_ratio": 5.07,
            "price_fair": 32.42,
            "eps_avg_yearly": 0.93,
            "eps_latest_yearly": 0.32,
            "eps_growth_yearly": 563.26
        },
        "20174": {
            "year_quarter": 20174,
            "year": 2017,
            "quarter": 4,
            "eps": 0.1,
            "eps_growth_year": -49.65,
            "eps_4q": 0.4,
            "eps_4q_growth_year": -61.63,
            "roe": 0.8,
            "roe_4q": 3.0800000000000005,
            "gross_profit": 34268,
            "gross_margin": 16.48,
            "gross_margin_4q_avg": 15.8,
            "net_income": 7040,
            "revenue": 207997,
            "common_shares": 684605,
            "book_valuer_per_share": 12.89,
            "book_valuer_per_share_4q_avg": 12.93,
            "equity": 882532,
            "current_ratio": 208.48,
            "debt_ratio": 42.14,
            "inventory_turnover_ratio": 0.42,
            "account_receivable_turnover_ratio": 1.39,
            "reinvestment_rate": -13.41,
            "research_to_sale_ratio": 5.59,
            "price_fair": 31.1,
            "eps_avg_yearly": 0.89,
            "eps_latest_yearly": 0.4,
            "eps_growth_yearly": 530.17
        },
        "20181": {
            "year_quarter": 20181,
            "year": 2018,
            "quarter": 1,
            "eps": 0.09,
            "eps_growth_year": 800,
            "eps_4q": 0.48,
            "eps_4q_growth_year": -22.87,
            "roe": 0.72,
            "roe_4q": 3.7,
            "gross_profit": 40380,
            "gross_margin": 17.63,
            "gross_margin_4q_avg": 15.9,
            "net_income": 6396,
            "revenue": 229080,
            "common_shares": 685438,
            "book_valuer_per_share": 12.99,
            "book_valuer_per_share_4q_avg": 12.85,
            "equity": 890078,
            "current_ratio": 211.66,
            "debt_ratio": 41.91,
            "inventory_turnover_ratio": 0.49,
            "account_receivable_turnover_ratio": 1.24,
            "reinvestment_rate": -15.16,
            "research_to_sale_ratio": 3.77,
            "price_fair": 29.87,
            "eps_avg_yearly": 0.85,
            "eps_latest_yearly": 0.36,
            "eps_growth_yearly": 492.16
        },
        "20182": {
            "year_quarter": 20182,
            "year": 2018,
            "quarter": 2,
            "eps": 0.32,
            "eps_growth_year": 60,
            "eps_4q": 0.59,
            "eps_4q_growth_year": 6.97,
            "roe": 2.42,
            "roe_4q": 4.55,
            "gross_profit": 34126,
            "gross_margin": 17.45,
            "gross_margin_4q_avg": 16.87,
            "net_income": 21589,
            "revenue": 195549,
            "common_shares": 685438,
            "book_valuer_per_share": 13,
            "book_valuer_per_share_4q_avg": 12.92,
            "equity": 891104,
            "current_ratio": 207.86,
            "debt_ratio": 39.83,
            "inventory_turnover_ratio": 0.44,
            "account_receivable_turnover_ratio": 0.98,
            "reinvestment_rate": -7.87,
            "research_to_sale_ratio": 4.7,
            "price_fair": 30.8,
            "eps_avg_yearly": 0.88,
            "eps_latest_yearly": 1.28,
            "eps_growth_yearly": 525.29
        },
        "20183": {
            "year_quarter": 20183,
            "year": 2018,
            "quarter": 3,
            "eps": 0.09,
            "eps_growth_year": 12.5,
            "eps_4q": 0.6,
            "eps_4q_growth_year": 20.23,
            "roe": 0.68,
            "roe_4q": 4.62,
            "gross_profit": 32381,
            "gross_margin": 18.16,
            "gross_margin_4q_avg": 17.43,
            "net_income": 6113,
            "revenue": 178267,
            "common_shares": 685438,
            "book_valuer_per_share": 13.09,
            "book_valuer_per_share_4q_avg": 12.99,
            "equity": 897217,
            "current_ratio": 210.3,
            "debt_ratio": 37.59,
            "inventory_turnover_ratio": 0.4,
            "account_receivable_turnover_ratio": 1.12,
            "reinvestment_rate": -13.01,
            "research_to_sale_ratio": 6.46,
            "price_fair": 29.58,
            "eps_avg_yearly": 0.85,
            "eps_latest_yearly": 0.36,
            "eps_growth_yearly": 500.37
        },
        "20184": {
            "year_quarter": 20184,
            "year": 2018,
            "quarter": 4,
            "eps": 0.2,
            "eps_growth_year": 94.08,
            "eps_4q": 0.7,
            "eps_4q_growth_year": 75.11,
            "roe": 1.51,
            "roe_4q": 5.329999999999999,
            "gross_profit": 41151,
            "gross_margin": 23.97,
            "gross_margin_4q_avg": 19.3,
            "net_income": 13680,
            "revenue": 171652,
            "common_shares": 685438,
            "book_valuer_per_share": 13.3,
            "book_valuer_per_share_4q_avg": 13.1,
            "equity": 911780,
            "current_ratio": 203.41,
            "debt_ratio": 38.2,
            "inventory_turnover_ratio": 0.34,
            "account_receivable_turnover_ratio": 1.32,
            "reinvestment_rate": 3.73,
            "research_to_sale_ratio": 8.31,
            "price_fair": 29.58,
            "eps_avg_yearly": 0.85,
            "eps_latest_yearly": 0.8,
            "eps_growth_yearly": 534.19
        },
        "20191": {
            "year_quarter": 20191,
            "year": 2019,
            "quarter": 1,
            "eps": 0.19,
            "eps_growth_year": 111.11,
            "eps_4q": 0.79,
            "eps_4q_growth_year": 65.67,
            "roe": 1.41,
            "roe_4q": 6.02,
            "gross_profit": 38729,
            "gross_margin": 20.15,
            "gross_margin_4q_avg": 19.93,
            "net_income": 12925,
            "revenue": 192178,
            "common_shares": 685468,
            "book_valuer_per_share": 13.49,
            "book_valuer_per_share_4q_avg": 13.22,
            "equity": 924746,
            "current_ratio": 215.24,
            "debt_ratio": 39.82,
            "inventory_turnover_ratio": 0.37,
            "account_receivable_turnover_ratio": 1.45,
            "reinvestment_rate": 1.8,
            "research_to_sale_ratio": 5.4,
            "price_fair": 29.4,
            "eps_avg_yearly": 0.84,
            "eps_latest_yearly": 0.76,
            "eps_growth_yearly": 531.69
        },
        "20192": {
            "year_quarter": 20192,
            "year": 2019,
            "quarter": 2,
            "eps": 0.26,
            "eps_growth_year": -18.75,
            "eps_4q": 0.74,
            "eps_4q_growth_year": 25.41,
            "roe": 1.95,
            "roe_4q": 5.55,
            "gross_profit": 44135,
            "gross_margin": 20.4,
            "gross_margin_4q_avg": 20.67,
            "net_income": 17892,
            "revenue": 216328,
            "common_shares": 685468,
            "book_valuer_per_share": 13.25,
            "book_valuer_per_share_4q_avg": 13.28,
            "equity": 908365,
            "current_ratio": 192.05,
            "debt_ratio": 39.06,
            "inventory_turnover_ratio": 0.42,
            "account_receivable_turnover_ratio": 1.5,
            "reinvestment_rate": 0.74,
            "research_to_sale_ratio": 5.48,
            "price_fair": 28.96,
            "eps_avg_yearly": 0.83,
            "eps_latest_yearly": 1.04,
            "eps_growth_yearly": 529
        },
        "20193": {
            "year_quarter": 20193,
            "year": 2019,
            "quarter": 3,
            "eps": 0.21,
            "eps_growth_year": 133.33,
            "eps_4q": 0.86,
            "eps_4q_growth_year": 42.49,
            "roe": 1.54,
            "roe_4q": 6.41,
            "gross_profit": 38475,
            "gross_margin": 20.19,
            "gross_margin_4q_avg": 21.18,
            "net_income": 14122,
            "revenue": 190521,
            "common_shares": 685468,
            "book_valuer_per_share": 13.46,
            "book_valuer_per_share_4q_avg": 13.38,
            "equity": 922487,
            "current_ratio": 201.09,
            "debt_ratio": 39.69,
            "inventory_turnover_ratio": 0.38,
            "account_receivable_turnover_ratio": 1.3,
            "reinvestment_rate": -0.71,
            "research_to_sale_ratio": 10.43,
            "price_fair": 26.95,
            "eps_avg_yearly": 0.77,
            "eps_latest_yearly": 0.84,
            "eps_growth_yearly": 513.7
        },
        "20194": {
            "year_quarter": 20194,
            "year": 2019,
            "quarter": 4,
            "eps": -0.01,
            "eps_growth_year": -102.53,
            "eps_4q": 0.65,
            "eps_4q_growth_year": -6.71,
            "roe": -0.04,
            "roe_4q": 4.86,
            "gross_profit": 37483,
            "gross_margin": 21.78,
            "gross_margin_4q_avg": 20.63,
            "net_income": -346,
            "revenue": 172076,
            "common_shares": 685468,
            "book_valuer_per_share": 13.45,
            "book_valuer_per_share_4q_avg": 13.41,
            "equity": 922648,
            "current_ratio": 200.74,
            "debt_ratio": 39.11,
            "inventory_turnover_ratio": 0.33,
            "account_receivable_turnover_ratio": 1.32,
            "reinvestment_rate": -23.49,
            "research_to_sale_ratio": 7.99,
            "price_fair": 25.95,
            "eps_avg_yearly": 0.74,
            "eps_latest_yearly": 0.84,
            "eps_growth_yearly": 556.44
        },
        "20201": {
            "year_quarter": 20201,
            "year": 2020,
            "quarter": 1,
            "eps": 0.17,
            "eps_growth_year": -10.53,
            "eps_4q": 0.63,
            "eps_4q_growth_year": -19.96,
            "roe": 1.27,
            "roe_4q": 4.72,
            "gross_profit": 37985,
            "gross_margin": 21.15,
            "gross_margin_4q_avg": 20.88,
            "net_income": 11815,
            "revenue": 179573,
            "common_shares": 685735,
            "book_valuer_per_share": 13.63,
            "book_valuer_per_share_4q_avg": 13.45,
            "equity": 934463,
            "current_ratio": 210.79,
            "debt_ratio": 37.07,
            "inventory_turnover_ratio": 0.35,
            "account_receivable_turnover_ratio": 1.43,
            "reinvestment_rate": -17.57,
            "research_to_sale_ratio": 7.53,
            "price_fair": 23.5,
            "eps_avg_yearly": 0.67,
            "eps_latest_yearly": 0.84,
            "eps_growth_yearly": 583.8
        },
        "20202": {
            "year_quarter": 20202,
            "year": 2020,
            "quarter": 2,
            "eps": -0.06,
            "eps_growth_year": -123.08,
            "eps_4q": 0.31,
            "eps_4q_growth_year": -57.55,
            "roe": -0.45,
            "roe_4q": 2.3200000000000003,
            "gross_profit": 12825,
            "gross_margin": 16.67,
            "gross_margin_4q_avg": 19.95,
            "net_income": -4098,
            "revenue": 76933,
            "common_shares": 685735,
            "book_valuer_per_share": 13.12,
            "book_valuer_per_share_4q_avg": 13.42,
            "equity": 899507,
            "current_ratio": 274.07,
            "debt_ratio": 37.45,
            "inventory_turnover_ratio": 0.15,
            "account_receivable_turnover_ratio": 0.85,
            "reinvestment_rate": -15.26,
            "research_to_sale_ratio": 19.64,
            "price_fair": 22.4,
            "eps_avg_yearly": 0.64,
            "eps_latest_yearly": 0.84,
            "eps_growth_yearly": 640.16
        },
        "20203": {
            "year_quarter": 20203,
            "year": 2020,
            "quarter": 3,
            "eps": -0.34,
            "eps_growth_year": -261.9,
            "eps_4q": -0.23,
            "eps_4q_growth_year": -127.33,
            "roe": -2.64,
            "roe_4q": -1.8600000000000003,
            "gross_profit": -1050,
            "gross_margin": -1.43,
            "gross_margin_4q_avg": 14.54,
            "net_income": -23398,
            "revenue": 73407,
            "common_shares": 685735,
            "book_valuer_per_share": 12.78,
            "book_valuer_per_share_4q_avg": 13.25,
            "equity": 876109,
            "current_ratio": 473.82,
            "debt_ratio": 40.13,
            "inventory_turnover_ratio": 0.17,
            "account_receivable_turnover_ratio": 1.31,
            "reinvestment_rate": -19.29,
            "research_to_sale_ratio": 13.19,
            "price_fair": 22.75,
            "eps_avg_yearly": 0.65,
            "eps_latest_yearly": 0.84,
            "eps_growth_yearly": 710.79
        },
        "20204": {
            "year_quarter": 20204,
            "year": 2020,
            "quarter": 4,
            "eps": -0.35,
            "eps_growth_year": null,
            "eps_4q": -0.58,
            "eps_4q_growth_year": -188.5,
            "roe": -2.75,
            "roe_4q": -4.57,
            "gross_profit": -17126,
            "gross_margin": -25.5,
            "gross_margin_4q_avg": 2.72,
            "net_income": -23786,
            "revenue": 67159,
            "common_shares": 685735,
            "book_valuer_per_share": 12.44,
            "book_valuer_per_share_4q_avg": 12.99,
            "equity": 853088,
            "current_ratio": 430.44,
            "debt_ratio": 40.53,
            "inventory_turnover_ratio": 0.2,
            "account_receivable_turnover_ratio": 1.38,
            "reinvestment_rate": -36.07,
            "research_to_sale_ratio": 13.84,
            "price_fair": 22.27,
            "eps_avg_yearly": 0.64,
            "eps_latest_yearly": 0.84,
            "eps_growth_yearly": 755.82
        },
        "20211": {
            "year_quarter": 20211,
            "year": 2021,
            "quarter": 1,
            "eps": -0.43,
            "eps_growth_year": -352.94,
            "eps_4q": -1.18,
            "eps_4q_growth_year": -285.37,
            "roe": -3.5,
            "roe_4q": -9.34,
            "gross_profit": -12319,
            "gross_margin": -15.52,
            "gross_margin_4q_avg": -6.45,
            "net_income": -29323,
            "revenue": 79351,
            "common_shares": 685735,
            "book_valuer_per_share": 12.01,
            "book_valuer_per_share_4q_avg": 12.59,
            "equity": 823765,
            "current_ratio": 362.33,
            "debt_ratio": 40.59,
            "inventory_turnover_ratio": 0.22,
            "account_receivable_turnover_ratio": 1.73,
            "reinvestment_rate": -20.4,
            "research_to_sale_ratio": 11.48,
            "price_fair": 24.36,
            "eps_avg_yearly": 0.7,
            "eps_latest_yearly": 0.84,
            "eps_growth_yearly": 869.41
        },
        "20212": {
            "year_quarter": 20212,
            "year": 2021,
            "quarter": 2,
            "eps": -0.54,
            "eps_growth_year": null,
            "eps_4q": -1.65,
            "eps_4q_growth_year": -626.68,
            "roe": -4.56,
            "roe_4q": -13.45,
            "gross_profit": -15660,
            "gross_margin": -18.65,
            "gross_margin_4q_avg": -15.28,
            "net_income": -36692,
            "revenue": 83980,
            "common_shares": 685735,
            "book_valuer_per_share": 11.48,
            "book_valuer_per_share_4q_avg": 12.18,
            "equity": 787073,
            "current_ratio": 254.96,
            "debt_ratio": 41.26,
            "inventory_turnover_ratio": 0.24,
            "account_receivable_turnover_ratio": 1.52,
            "reinvestment_rate": null,
            "research_to_sale_ratio": 9.51,
            "price_fair": 23.96,
            "eps_avg_yearly": 0.68,
            "eps_latest_yearly": 0.84,
            "eps_growth_yearly": 121.56
        },
        "20213": {
            "year_quarter": 20213,
            "year": 2021,
            "quarter": 3,
            "eps": -0.22,
            "eps_growth_year": null,
            "eps_4q": -1.53,
            "eps_4q_growth_year": null,
            "roe": -1.94,
            "roe_4q": -12.75,
            "gross_profit": -2897,
            "gross_margin": -3.15,
            "gross_margin_4q_avg": -15.71,
            "net_income": -15134,
            "revenue": 92040,
            "common_shares": 685735,
            "book_valuer_per_share": 11.26,
            "book_valuer_per_share_4q_avg": 11.8,
            "equity": 771939,
            "current_ratio": 232.31,
            "debt_ratio": 40.56,
            "inventory_turnover_ratio": 0.25,
            "account_receivable_turnover_ratio": 1.6,
            "reinvestment_rate": null,
            "research_to_sale_ratio": 8.22,
            "price_fair": 25.55,
            "eps_avg_yearly": 0.73,
            "eps_latest_yearly": 0.84,
            "eps_growth_yearly": 166.76
        },
        "20214": {
            "year_quarter": 20214,
            "year": 2021,
            "quarter": 4,
            "eps": -0.32,
            "eps_growth_year": null,
            "eps_4q": -1.5,
            "eps_4q_growth_year": null,
            "roe": -2.86,
            "roe_4q": -12.86,
            "gross_profit": 1119,
            "gross_margin": 1.16,
            "gross_margin_4q_avg": -9.04,
            "net_income": -21799,
            "revenue": 96139,
            "common_shares": 685735,
            "book_valuer_per_share": 10.96,
            "book_valuer_per_share_4q_avg": 11.43,
            "equity": 751278,
            "current_ratio": 368.7,
            "debt_ratio": 41.99,
            "inventory_turnover_ratio": 0.26,
            "account_receivable_turnover_ratio": 1.57,
            "reinvestment_rate": null,
            "research_to_sale_ratio": 8.63,
            "price_fair": 27.2,
            "eps_avg_yearly": 0.78,
            "eps_latest_yearly": 0.84,
            "eps_growth_yearly": 176.29
        },
        "20221": {
            "year_quarter": 20221,
            "year": 2022,
            "quarter": 1,
            "eps": -0.11,
            "eps_growth_year": null,
            "eps_4q": -1.18,
            "eps_4q_growth_year": null,
            "roe": -0.96,
            "roe_4q": -10.32,
            "gross_profit": 2252,
            "gross_margin": 2.31,
            "gross_margin_4q_avg": -4.58,
            "net_income": -7200,
            "revenue": 97435,
            "common_shares": 685735,
            "book_valuer_per_share": 10.85,
            "book_valuer_per_share_4q_avg": 11.14,
            "equity": 744078,
            "current_ratio": 394.61,
            "debt_ratio": 42.05,
            "inventory_turnover_ratio": 0.27,
            "account_receivable_turnover_ratio": 1.44,
            "reinvestment_rate": null,
            "research_to_sale_ratio": 7.1,
            "price_fair": 29.63,
            "eps_avg_yearly": 0.85,
            "eps_latest_yearly": 0.84,
            "eps_growth_yearly": 212.34
        },
        "20222": {
            "year_quarter": 20222,
            "year": 2022,
            "quarter": 2,
            "eps": 0.02,
            "eps_growth_year": null,
            "eps_4q": -0.62,
            "eps_4q_growth_year": null,
            "roe": 0.22,
            "roe_4q": -5.539999999999999,
            "gross_profit": 6433,
            "gross_margin": 5.52,
            "gross_margin_4q_avg": 1.46,
            "net_income": 1634,
            "revenue": 116630,
            "common_shares": 685735,
            "book_valuer_per_share": 10.87,
            "book_valuer_per_share_4q_avg": 10.99,
            "equity": 745712,
            "current_ratio": 377.04,
            "debt_ratio": 41.87,
            "inventory_turnover_ratio": 0.34,
            "account_receivable_turnover_ratio": 1.54,
            "reinvestment_rate": null,
            "research_to_sale_ratio": 6.04,
            "price_fair": 26.6,
            "eps_avg_yearly": 0.76,
            "eps_latest_yearly": 0.84,
            "eps_growth_yearly": 50.37
        },
        "20223": {
            "year_quarter": 20223,
            "year": 2022,
            "quarter": 3,
            "eps": 0.47,
            "eps_growth_year": null,
            "eps_4q": 0.07,
            "eps_4q_growth_year": null,
            "roe": 4.26,
            "roe_4q": 0.6599999999999997,
            "gross_profit": 18522,
            "gross_margin": 14.33,
            "gross_margin_4q_avg": 5.83,
            "net_income": 32495,
            "revenue": 129293,
            "common_shares": 685735,
            "book_valuer_per_share": 11.35,
            "book_valuer_per_share_4q_avg": 11.01,
            "equity": 778207,
            "current_ratio": 407.24,
            "debt_ratio": 41.09,
            "inventory_turnover_ratio": 0.34,
            "account_receivable_turnover_ratio": 1.38,
            "reinvestment_rate": null,
            "research_to_sale_ratio": 6.09,
            "price_fair": 37.24,
            "eps_avg_yearly": 1.06,
            "eps_latest_yearly": 1.88,
            "eps_growth_yearly": 1907.87
        },
        "20224": {
            "year_quarter": 20224,
            "year": 2022,
            "quarter": 4,
            "eps": -0.12,
            "eps_growth_year": null,
            "eps_4q": 0.28,
            "eps_4q_growth_year": null,
            "roe": -1.04,
            "roe_4q": 2.48,
            "gross_profit": 24575,
            "gross_margin": 23.15,
            "gross_margin_4q_avg": 11.33,
            "net_income": -8014,
            "revenue": 106178,
            "common_shares": 685735,
            "book_valuer_per_share": 11.23,
            "book_valuer_per_share_4q_avg": 11.08,
            "equity": 770248,
            "current_ratio": 365.29,
            "debt_ratio": 43.02,
            "inventory_turnover_ratio": 0.23,
            "account_receivable_turnover_ratio": 1.24,
            "reinvestment_rate": null,
            "research_to_sale_ratio": 6.5,
            "price_fair": 39.55,
            "eps_avg_yearly": 1.13,
            "eps_latest_yearly": 1.88,
            "eps_growth_yearly": 2262.61
        },
        "20231": {
            "year_quarter": 20231,
            "year": 2023,
            "quarter": 1,
            "eps": 0.08,
            "eps_growth_year": null,
            "eps_4q": 0.46,
            "eps_4q_growth_year": null,
            "roe": 0.7,
            "roe_4q": 4.14,
            "gross_profit": 30215,
            "gross_margin": 18.69,
            "gross_margin_4q_avg": 15.42,
            "net_income": 5425,
            "revenue": 161645,
            "common_shares": 685735,
            "book_valuer_per_share": 11.31,
            "book_valuer_per_share_4q_avg": 11.19,
            "equity": 775673,
            "current_ratio": 334.5,
            "debt_ratio": 44.54,
            "inventory_turnover_ratio": 0.35,
            "account_receivable_turnover_ratio": 1.71,
            "reinvestment_rate": null,
            "research_to_sale_ratio": 5.95,
            "price_fair": 43.87,
            "eps_avg_yearly": 1.25,
            "eps_latest_yearly": 1.88,
            "eps_growth_yearly": 3023.48
        }
    },
    "months": {
        "2013-10": {
            "month": "2013-10",
            "price": "18.96",
            "revenue": 61831
        },
        "2013-11": {
            "month": "2013-11",
            "price": "15.88",
            "revenue": 55208
        },
        "2013-12": {
            "month": "2013-12",
            "price": "15.24",
            "revenue": 44031
        },
        "2014-01": {
            "month": "2014-01",
            "price": "14.90",
            "revenue": 52099
        },
        "2014-02": {
            "month": "2014-02",
            "price": "15.95",
            "revenue": 62038
        },
        "2014-03": {
            "month": "2014-03",
            "price": "17.81",
            "revenue": 67813
        },
        "2014-04": {
            "month": "2014-04",
            "price": "20.67",
            "revenue": 76666
        },
        "2014-05": {
            "month": "2014-05",
            "price": "19.78",
            "revenue": 64673
        },
        "2014-06": {
            "month": "2014-06",
            "price": "20.10",
            "revenue": 62838
        },
        "2014-07": {
            "month": "2014-07",
            "price": "20.31",
            "revenue": 60914
        },
        "2014-08": {
            "month": "2014-08",
            "price": "18.78",
            "revenue": 62029
        },
        "2014-09": {
            "month": "2014-09",
            "price": "20.19",
            "revenue": 71300
        },
        "2014-10": {
            "month": "2014-10",
            "price": "19.69",
            "revenue": 58141
        },
        "2014-11": {
            "month": "2014-11",
            "price": "19.28",
            "revenue": 61813
        },
        "2014-12": {
            "month": "2014-12",
            "price": "19.26",
            "revenue": 67597
        },
        "2015-01": {
            "month": "2015-01",
            "price": "20.41",
            "revenue": 72230
        },
        "2015-02": {
            "month": "2015-02",
            "price": "19.48",
            "revenue": 69649
        },
        "2015-03": {
            "month": "2015-03",
            "price": "19.49",
            "revenue": 64582
        },
        "2015-04": {
            "month": "2015-04",
            "price": "19.04",
            "revenue": 93266
        },
        "2015-05": {
            "month": "2015-05",
            "price": "18.83",
            "revenue": 71043
        },
        "2015-06": {
            "month": "2015-06",
            "price": "17.66",
            "revenue": 80265
        },
        "2015-07": {
            "month": "2015-07",
            "price": "17.34",
            "revenue": 77841
        },
        "2015-08": {
            "month": "2015-08",
            "price": "17.03",
            "revenue": 80699
        },
        "2015-09": {
            "month": "2015-09",
            "price": "22.98",
            "revenue": 61756
        },
        "2015-10": {
            "month": "2015-10",
            "price": "24.89",
            "revenue": 71915
        },
        "2015-11": {
            "month": "2015-11",
            "price": "23.21",
            "revenue": 65483
        },
        "2015-12": {
            "month": "2015-12",
            "price": "21.51",
            "revenue": 74279
        },
        "2016-01": {
            "month": "2016-01",
            "price": "21.55",
            "revenue": 107834
        },
        "2016-02": {
            "month": "2016-02",
            "price": "26.65",
            "revenue": 80339
        },
        "2016-03": {
            "month": "2016-03",
            "price": "30.42",
            "revenue": 102624
        },
        "2016-04": {
            "month": "2016-04",
            "price": "32.19",
            "revenue": 79390
        },
        "2016-05": {
            "month": "2016-05",
            "price": "32.28",
            "revenue": 74701
        },
        "2016-06": {
            "month": "2016-06",
            "price": "37.26",
            "revenue": 81034
        },
        "2016-07": {
            "month": "2016-07",
            "price": "34.78",
            "revenue": 70896
        },
        "2016-08": {
            "month": "2016-08",
            "price": "31.59",
            "revenue": 75670
        },
        "2016-09": {
            "month": "2016-09",
            "price": "29.39",
            "revenue": 80030
        },
        "2016-10": {
            "month": "2016-10",
            "price": "28.13",
            "revenue": 57082
        },
        "2016-11": {
            "month": "2016-11",
            "price": "24.45",
            "revenue": 56264
        },
        "2016-12": {
            "month": "2016-12",
            "price": "25.45",
            "revenue": 53351
        },
        "2017-01": {
            "month": "2017-01",
            "price": "24.54",
            "revenue": 74140
        },
        "2017-02": {
            "month": "2017-02",
            "price": "25.50",
            "revenue": 59263
        },
        "2017-03": {
            "month": "2017-03",
            "price": "27.65",
            "revenue": 73071
        },
        "2017-04": {
            "month": "2017-04",
            "price": "25.60",
            "revenue": 66027
        },
        "2017-05": {
            "month": "2017-05",
            "price": "23.76",
            "revenue": 77735
        },
        "2017-06": {
            "month": "2017-06",
            "price": "23.84",
            "revenue": 75630
        },
        "2017-07": {
            "month": "2017-07",
            "price": "23.34",
            "revenue": 67126
        },
        "2017-08": {
            "month": "2017-08",
            "price": "21.18",
            "revenue": 76839
        },
        "2017-09": {
            "month": "2017-09",
            "price": "20.77",
            "revenue": 63543
        },
        "2017-10": {
            "month": "2017-10",
            "price": "19.82",
            "revenue": 64994
        },
        "2017-11": {
            "month": "2017-11",
            "price": "19.05",
            "revenue": 82514
        },
        "2017-12": {
            "month": "2017-12",
            "price": "21.27",
            "revenue": 60490
        },
        "2018-01": {
            "month": "2018-01",
            "price": "20.96",
            "revenue": 74647
        },
        "2018-02": {
            "month": "2018-02",
            "price": "18.97",
            "revenue": 71998
        },
        "2018-03": {
            "month": "2018-03",
            "price": "18.79",
            "revenue": 82435
        },
        "2018-04": {
            "month": "2018-04",
            "price": "19.82",
            "revenue": 55632
        },
        "2018-05": {
            "month": "2018-05",
            "price": "20.71",
            "revenue": 68624
        },
        "2018-06": {
            "month": "2018-06",
            "price": "19.45",
            "revenue": 71294
        },
        "2018-07": {
            "month": "2018-07",
            "price": "18.69",
            "revenue": 58074
        },
        "2018-08": {
            "month": "2018-08",
            "price": "18.45",
            "revenue": 60096
        },
        "2018-09": {
            "month": "2018-09",
            "price": "17.42",
            "revenue": 60097
        },
        "2018-10": {
            "month": "2018-10",
            "price": "17.27",
            "revenue": 64292
        },
        "2018-11": {
            "month": "2018-11",
            "price": "16.57",
            "revenue": 56323
        },
        "2018-12": {
            "month": "2018-12",
            "price": "16.62",
            "revenue": 51037
        },
        "2019-01": {
            "month": "2019-01",
            "price": "17.12",
            "revenue": 70242
        },
        "2019-02": {
            "month": "2019-02",
            "price": "18.19",
            "revenue": 61117
        },
        "2019-03": {
            "month": "2019-03",
            "price": "20.42",
            "revenue": 60819
        },
        "2019-04": {
            "month": "2019-04",
            "price": "20.12",
            "revenue": 76260
        },
        "2019-05": {
            "month": "2019-05",
            "price": "20.43",
            "revenue": 76700
        },
        "2019-06": {
            "month": "2019-06",
            "price": "21.03",
            "revenue": 63368
        },
        "2019-07": {
            "month": "2019-07",
            "price": "20.71",
            "revenue": 54364
        },
        "2019-08": {
            "month": "2019-08",
            "price": "19.64",
            "revenue": 69484
        },
        "2019-09": {
            "month": "2019-09",
            "price": "19.39",
            "revenue": 66673
        },
        "2019-10": {
            "month": "2019-10",
            "price": "18.68",
            "revenue": 62782
        },
        "2019-11": {
            "month": "2019-11",
            "price": "18.33",
            "revenue": 49866
        },
        "2019-12": {
            "month": "2019-12",
            "price": "18.23",
            "revenue": 59428
        },
        "2020-01": {
            "month": "2020-01",
            "price": "18.17",
            "revenue": 56655
        },
        "2020-02": {
            "month": "2020-02",
            "price": "17.26",
            "revenue": 68381
        },
        "2020-03": {
            "month": "2020-03",
            "price": "14.29",
            "revenue": 54536
        },
        "2020-04": {
            "month": "2020-04",
            "price": "13.38",
            "revenue": 31482
        },
        "2020-05": {
            "month": "2020-05",
            "price": "13.50",
            "revenue": 26299
        },
        "2020-06": {
            "month": "2020-06",
            "price": "15.22",
            "revenue": 19152
        },
        "2020-07": {
            "month": "2020-07",
            "price": "14.38",
            "revenue": 19513
        },
        "2020-08": {
            "month": "2020-08",
            "price": "13.58",
            "revenue": 32584
        },
        "2020-09": {
            "month": "2020-09",
            "price": "13.74",
            "revenue": 21310
        },
        "2020-10": {
            "month": "2020-10",
            "price": "13.12",
            "revenue": 31580
        },
        "2020-11": {
            "month": "2020-11",
            "price": "13.24",
            "revenue": 22476
        },
        "2020-12": {
            "month": "2020-12",
            "price": "13.48",
            "revenue": 13103
        },
        "2021-01": {
            "month": "2021-01",
            "price": "12.75",
            "revenue": 20399
        },
        "2021-02": {
            "month": "2021-02",
            "price": "12.71",
            "revenue": 30730
        },
        "2021-03": {
            "month": "2021-03",
            "price": "13.64",
            "revenue": 28223
        },
        "2021-04": {
            "month": "2021-04",
            "price": "14.41",
            "revenue": 31271
        },
        "2021-05": {
            "month": "2021-05",
            "price": "12.94",
            "revenue": 25337
        },
        "2021-06": {
            "month": "2021-06",
            "price": "14.09",
            "revenue": 27373
        },
        "2021-07": {
            "month": "2021-07",
            "price": "14.50",
            "revenue": 33540
        },
        "2021-08": {
            "month": "2021-08",
            "price": "14.68",
            "revenue": 25340
        },
        "2021-09": {
            "month": "2021-09",
            "price": "14.02",
            "revenue": 33160
        },
        "2021-10": {
            "month": "2021-10",
            "price": "14.30",
            "revenue": 32021
        },
        "2021-11": {
            "month": "2021-11",
            "price": "14.96",
            "revenue": 28591
        },
        "2021-12": {
            "month": "2021-12",
            "price": "14.89",
            "revenue": 35526
        },
        "2022-01": {
            "month": "2022-01",
            "price": "14.64",
            "revenue": 35927
        },
        "2022-02": {
            "month": "2022-02",
            "price": "14.90",
            "revenue": 31754
        },
        "2022-03": {
            "month": "2022-03",
            "price": "14.30",
            "revenue": 29754
        },
        "2022-04": {
            "month": "2022-04",
            "price": "14.58",
            "revenue": 37758
        },
        "2022-05": {
            "month": "2022-05",
            "price": "14.32",
            "revenue": 39407
        },
        "2022-06": {
            "month": "2022-06",
            "price": "17.30",
            "revenue": 39464
        },
        "2022-07": {
            "month": "2022-07",
            "price": "21.78",
            "revenue": 41131
        },
        "2022-08": {
            "month": "2022-08",
            "price": "23.08",
            "revenue": 47723
        },
        "2022-09": {
            "month": "2022-09",
            "price": "25.91",
            "revenue": 40439
        },
        "2022-10": {
            "month": "2022-10",
            "price": "20.16",
            "revenue": 38397
        },
        "2022-11": {
            "month": "2022-11",
            "price": "22.75",
            "revenue": 39870
        },
        "2022-12": {
            "month": "2022-12",
            "price": "28.97",
            "revenue": 27910
        },
        "2023-01": {
            "month": "2023-01",
            "price": "26.02",
            "revenue": 45173
        },
        "2023-02": {
            "month": "2023-02",
            "price": "30.67",
            "revenue": 54273
        },
        "2023-03": {
            "month": "2023-03",
            "price": "37.29",
            "revenue": 62198
        },
        "2023-04": {
            "month": "2023-04",
            "price": "51.05",
            "revenue": 49085
        },
        "2023-05": {
            "month": "2023-05",
            "price": "59.87",
            "revenue": 60137
        }
    }
}
