{
    "summary": {
        "stock_name": "新漢",
        "stock_id": "8234",
        "category": "電腦及週邊設備",
        "main_business": "電腦及其週邊設備之製造、買賣、安裝業務<br>通信機械器材之製造、買賣、安裝業務<br>資訊軟體及資料處理之服務業務",
        "website_url": "http://www.nexcom.com.tw",
        "ceo": "楊建興",
        "pe_ratio": 35,
        "report_year_from": 2001,
        "report_year_to": 2023,
        "age": 23,
        "eps_negative_percentage": 0,
        "eps_growth_avg": {
            "last_all": 9.47,
            "last_2y": 5.05,
            "last_4y": 3.03,
            "last_8y": -5.34,
            "last_12y": 3.12,
            "last_16y": 4.15,
            "last_20y": null,
            "at_2006_last_3y": null,
            "at_2007_last_3y": null,
            "at_2008_last_3y": null,
            "at_2009_last_3y": 12.01,
            "at_2010_last_3y": 7.49,
            "at_2011_last_3y": 7.66,
            "at_2012_last_3y": 9.92,
            "at_2013_last_3y": 17.63,
            "at_2014_last_3y": 22.15,
            "at_2015_last_3y": -5.91,
            "at_2016_last_3y": 6.17,
            "at_2017_last_3y": 3.58,
            "at_2018_last_3y": -15.8,
            "at_2019_last_3y": 8.12,
            "at_2020_last_3y": -4.17,
            "at_2021_last_3y": 4.43,
            "at_2022_last_3y": 23.82,
            "at_2023_last_3y": -4.75,
            "at_2024_last_3y": -4.75,
            "at_2006_last_all": null,
            "at_2007_last_all": 75,
            "at_2008_last_all": 35.88,
            "at_2009_last_all": 12.01,
            "at_2010_last_all": 25.99,
            "at_2011_last_all": 30.11,
            "at_2012_last_all": 21.05,
            "at_2013_last_all": 14.82,
            "at_2014_last_all": 24.28,
            "at_2015_last_all": 15.7,
            "at_2016_last_all": 15.64,
            "at_2017_last_all": 11.07,
            "at_2018_last_all": 11.95,
            "at_2019_last_all": 13.54,
            "at_2020_last_all": 10.36,
            "at_2021_last_all": 9.41,
            "at_2022_last_all": 14.74,
            "at_2023_last_all": 9.47,
            "at_2024_last_all": 9.47
        },
        "latest_eps": 1.27,
        "latest_price": 44.95,
        "latest_roe": 5.56,
        "latest_gross_margin": 24.16,
        "latest_equity": 3313832,
        "latest_revenue": 1242573,
        "latest_gross_profit": 300188,
        "latest_net_income": -65223,
        "latest_debt_ratio": 52.36,
        "latest_current_ratio": 147.88,
        "latest_account_receivable_turnover_ratio": 1.09,
        "latest_inventory_turnover_ratio": 0.52,
        "latest_reinvestment_rate": -14.57,
        "latest_research_to_sale_ratio": 12.02
    },
    "eps_dividends": {
        "2001": {
            "cash": 0,
            "stock": 0,
            "eps": 0
        },
        "2002": {
            "cash": 0,
            "stock": 0,
            "eps": 0
        },
        "2003": {
            "cash": 0,
            "stock": 0,
            "eps": 0
        },
        "2004": {
            "cash": 0,
            "stock": 0,
            "eps": 0
        },
        "2005": {
            "cash": 0,
            "stock": 0.65,
            "eps": 1.21
        },
        "2006": {
            "cash": 0.5,
            "stock": 1,
            "eps": 3.32
        },
        "2007": {
            "cash": 0.7,
            "stock": 1.5,
            "eps": 4.98
        },
        "2008": {
            "cash": 1.5,
            "stock": 2,
            "eps": 2.87
        },
        "2009": {
            "cash": 1,
            "stock": 1,
            "eps": 1.16
        },
        "2010": {
            "cash": 0.5,
            "stock": 0.5,
            "eps": 2.11
        },
        "2011": {
            "cash": 1,
            "stock": 1,
            "eps": 3.18
        },
        "2012": {
            "cash": 1,
            "stock": 1.5,
            "eps": 2.12
        },
        "2013": {
            "cash": 0.5,
            "stock": 1.5,
            "eps": 1.51
        },
        "2014": {
            "cash": 0.6,
            "stock": 0.6,
            "eps": 3.64
        },
        "2015": {
            "cash": 2,
            "stock": 0,
            "eps": 1.4
        },
        "2016": {
            "cash": 1.25,
            "stock": 0,
            "eps": 1.61
        },
        "2017": {
            "cash": 1.5,
            "stock": 0,
            "eps": 0.98
        },
        "2018": {
            "cash": 0.6,
            "stock": 0,
            "eps": 1.2
        },
        "2019": {
            "cash": 0.7,
            "stock": 0,
            "eps": 1.61
        },
        "2020": {
            "cash": 0.8,
            "stock": 0,
            "eps": 1.06
        },
        "2021": {
            "cash": 0.8,
            "stock": 0,
            "eps": 1.01
        },
        "2022": {
            "cash": 1,
            "stock": 0,
            "eps": 6.39
        },
        "2023": {
            "cash": 3,
            "stock": 0,
            "eps": 1.27
        }
    },
    "dividends": {
        "2005-04-07": {
            "cash": 0,
            "stock": 0.65
        },
        "2006-04-11": {
            "cash": 0.5,
            "stock": 1
        },
        "2007-04-10": {
            "cash": 0.7,
            "stock": 1.5
        },
        "2008-04-07": {
            "cash": 1.5,
            "stock": 2
        },
        "2009-04-21": {
            "cash": 1,
            "stock": 1
        },
        "2010-04-20": {
            "cash": 0.5,
            "stock": 0.5
        },
        "2011-04-27": {
            "cash": 1,
            "stock": 1
        },
        "2012-06-22": {
            "cash": 1,
            "stock": 1.5
        },
        "2013-06-25": {
            "cash": 0.5,
            "stock": 1.5
        },
        "2014-10-13": {
            "cash": 0.6,
            "stock": 0.6
        },
        "2015-10-08": {
            "cash": 2,
            "stock": 0
        },
        "2016-09-21": {
            "cash": 1.25,
            "stock": 0
        },
        "2017-09-22": {
            "cash": 1.5,
            "stock": 0
        },
        "2018-09-20": {
            "cash": 0.6,
            "stock": 0
        },
        "2019-10-04": {
            "cash": 0.7,
            "stock": 0
        },
        "2020-10-07": {
            "cash": 0.8,
            "stock": 0
        },
        "2021-10-28": {
            "cash": 0.8,
            "stock": 0
        },
        "2022-09-21": {
            "cash": 1,
            "stock": 0
        },
        "2023-10-18": {
            "cash": 3,
            "stock": 0
        }
    },
    "prices": {
        "200101": "無",
        "200102": "無",
        "200103": "無",
        "200104": "無",
        "200105": "無",
        "200106": "無",
        "200107": "無",
        "200108": "無",
        "200109": "無",
        "200110": "無",
        "200111": "無",
        "200112": "無",
        "200201": "無",
        "200202": "無",
        "200203": "無",
        "200204": "無",
        "200205": "無",
        "200206": "無",
        "200207": "無",
        "200208": "無",
        "200209": "無",
        "200210": "無",
        "200211": "無",
        "200212": "無",
        "200301": "無",
        "200302": "無",
        "200303": "無",
        "200304": "無",
        "200305": "無",
        "200306": "無",
        "200307": "無",
        "200308": "無",
        "200309": "無",
        "200310": "無",
        "200311": "無",
        "200312": "無",
        "200401": "無",
        "200402": "無",
        "200403": "無",
        "200404": "無",
        "200405": "無",
        "200406": "無",
        "200407": "無",
        "200408": "無",
        "200409": "11.43",
        "200410": "10.86",
        "200411": "9.65",
        "200412": "9.18",
        "200501": "7.95",
        "200502": "6.98",
        "200503": "6.91",
        "200504": "6.60",
        "200505": "9.02",
        "200506": "8.66",
        "200507": "7.87",
        "200508": "8.18",
        "200509": "8.81",
        "200510": "8.22",
        "200511": "8.01",
        "200512": "8.57",
        "200601": "10.90",
        "200602": "14.37",
        "200603": "16.87",
        "200604": "23.63",
        "200605": "26.77",
        "200606": "28.79",
        "200607": "30.19",
        "200608": "30.60",
        "200609": "28.36",
        "200610": "28.62",
        "200611": "30.05",
        "200612": "31.44",
        "200701": "41.16",
        "200702": "41.96",
        "200703": "44.56",
        "200704": "49.73",
        "200705": "57.91",
        "200706": "87.08",
        "200707": "99.65",
        "200708": "80.10",
        "200709": "69.41",
        "200710": "59.23",
        "200711": "49.32",
        "200712": "50.69",
        "200801": "50.58",
        "200802": "44.78",
        "200803": "49.00",
        "200804": "63.06",
        "200805": "57.24",
        "200806": "44.46",
        "200807": "36.43",
        "200808": "36.20",
        "200809": "22.95",
        "200810": "17.08",
        "200811": "14.03",
        "200812": "16.38",
        "200901": "16.42",
        "200902": "14.87",
        "200903": "17.39",
        "200904": "19.30",
        "200905": "21.29",
        "200906": "20.37",
        "200907": "23.00",
        "200908": "23.96",
        "200909": "23.72",
        "200910": "23.78",
        "200911": "22.51",
        "200912": "25.78",
        "201001": "31.81",
        "201002": "28.30",
        "201003": "29.98",
        "201004": "31.68",
        "201005": "26.36",
        "201006": "25.60",
        "201007": "26.20",
        "201008": "27.11",
        "201009": "25.06",
        "201010": "24.35",
        "201011": "24.31",
        "201012": "27.17",
        "201101": "26.48",
        "201102": "25.86",
        "201103": "25.50",
        "201104": "28.02",
        "201105": "30.05",
        "201106": "36.63",
        "201107": "37.17",
        "201108": "32.25",
        "201109": "29.39",
        "201110": "27.42",
        "201111": "24.56",
        "201112": "21.07",
        "201201": "25.65",
        "201202": "30.08",
        "201203": "32.19",
        "201204": "28.99",
        "201205": "26.54",
        "201206": "26.70",
        "201207": "27.31",
        "201208": "28.20",
        "201209": "27.12",
        "201210": "26.51",
        "201211": "24.13",
        "201212": "24.81",
        "201301": "24.85",
        "201302": "25.02",
        "201303": "25.44",
        "201304": "26.76",
        "201305": "27.15",
        "201306": "26.76",
        "201307": "26.49",
        "201308": "25.61",
        "201309": "23.02",
        "201310": "22.77",
        "201311": "21.34",
        "201312": "21.25",
        "201401": "24.38",
        "201402": "25.60",
        "201403": "25.54",
        "201404": "27.40",
        "201405": "27.77",
        "201406": "31.74",
        "201407": "35.78",
        "201408": "52.27",
        "201409": "59.07",
        "201410": "51.99",
        "201411": "49.09",
        "201412": "50.88",
        "201501": "54.20",
        "201502": "51.52",
        "201503": "52.95",
        "201504": "50.45",
        "201505": "39.76",
        "201506": "35.20",
        "201507": "34.00",
        "201508": "25.32",
        "201509": "25.77",
        "201510": "29.33",
        "201511": "29.53",
        "201512": "29.74",
        "201601": "27.30",
        "201602": "27.54",
        "201603": "28.19",
        "201604": "26.79",
        "201605": "25.76",
        "201606": "25.94",
        "201607": "28.73",
        "201608": "29.47",
        "201609": "34.26",
        "201610": "34.20",
        "201611": "29.96",
        "201612": "32.21",
        "201701": "33.85",
        "201702": "33.06",
        "201703": "32.38",
        "201704": "30.70",
        "201705": "28.60",
        "201706": "29.42",
        "201707": "28.84",
        "201708": "29.27",
        "201709": "31.40",
        "201710": "31.64",
        "201711": "32.43",
        "201712": "30.90",
        "201801": "32.52",
        "201802": "31.39",
        "201803": "30.34",
        "201804": "28.56",
        "201805": "27.20",
        "201806": "28.02",
        "201807": "26.11",
        "201808": "24.44",
        "201809": "23.99",
        "201810": "21.54",
        "201811": "20.30",
        "201812": "21.27",
        "201901": "22.11",
        "201902": "24.58",
        "201903": "23.98",
        "201904": "27.62",
        "201905": "26.89",
        "201906": "27.62",
        "201907": "29.58",
        "201908": "29.68",
        "201909": "29.27",
        "201910": "27.47",
        "201911": "27.53",
        "201912": "27.28",
        "202001": "26.70",
        "202002": "25.01",
        "202003": "21.04",
        "202004": "21.14",
        "202005": "22.28",
        "202006": "23.06",
        "202007": "24.16",
        "202008": "23.90",
        "202009": "23.81",
        "202010": "24.01",
        "202011": "23.34",
        "202012": "24.72",
        "202101": "24.84",
        "202102": "25.37",
        "202103": "25.47",
        "202104": "26.21",
        "202105": "23.91",
        "202106": "23.24",
        "202107": "23.05",
        "202108": "22.13",
        "202109": "22.72",
        "202110": "22.49",
        "202111": "23.40",
        "202112": "24.00",
        "202201": "26.13",
        "202202": "25.05",
        "202203": "23.13",
        "202204": "23.61",
        "202205": "24.37",
        "202206": "25.79",
        "202207": "30.97",
        "202208": "32.99",
        "202209": "30.43",
        "202210": "26.20",
        "202211": "29.25",
        "202212": "33.15",
        "202301": "32.82",
        "202302": "36.52",
        "202303": "42.35",
        "202304": "41.77",
        "202305": "39.90",
        "202306": "51.92",
        "202307": "58.60",
        "202308": "53.04",
        "202309": "49.63",
        "202310": "43.81",
        "202311": "44.38",
        "202312": "47.46"
    },
    "quarters": {
        "20011": {
            "year_quarter": 20011,
            "year": 2001,
            "quarter": 1,
            "eps": null,
            "eps_growth_year": null,
            "eps_4q": null,
            "eps_4q_growth_year": null,
            "roe": null,
            "roe_4q": 0,
            "gross_profit": null,
            "gross_margin": null,
            "gross_margin_4q_avg": 0,
            "net_income": null,
            "net_income_4q": null,
            "revenue": null,
            "revenue_4q": null,
            "common_shares": null,
            "book_valuer_per_share": null,
            "book_valuer_per_share_4q_avg": 0,
            "equity": null,
            "current_ratio": null,
            "debt_ratio": null,
            "inventory_turnover_ratio": null,
            "account_receivable_turnover_ratio": null,
            "reinvestment_rate": null,
            "research_to_sale_ratio": null,
            "price_fair": 0,
            "eps_avg_yearly": 0,
            "eps_latest_yearly": 0,
            "eps_growth_yearly": 0
        },
        "20012": {
            "year_quarter": 20012,
            "year": 2001,
            "quarter": 2,
            "eps": null,
            "eps_growth_year": null,
            "eps_4q": null,
            "eps_4q_growth_year": null,
            "roe": null,
            "roe_4q": 0,
            "gross_profit": null,
            "gross_margin": null,
            "gross_margin_4q_avg": 0,
            "net_income": null,
            "net_income_4q": null,
            "revenue": null,
            "revenue_4q": null,
            "common_shares": null,
            "book_valuer_per_share": null,
            "book_valuer_per_share_4q_avg": 0,
            "equity": null,
            "current_ratio": null,
            "debt_ratio": null,
            "inventory_turnover_ratio": null,
            "account_receivable_turnover_ratio": null,
            "reinvestment_rate": null,
            "research_to_sale_ratio": null,
            "price_fair": 0,
            "eps_avg_yearly": 0,
            "eps_latest_yearly": 0,
            "eps_growth_yearly": 0
        },
        "20013": {
            "year_quarter": 20013,
            "year": 2001,
            "quarter": 3,
            "eps": null,
            "eps_growth_year": null,
            "eps_4q": null,
            "eps_4q_growth_year": null,
            "roe": null,
            "roe_4q": 0,
            "gross_profit": null,
            "gross_margin": null,
            "gross_margin_4q_avg": 0,
            "net_income": null,
            "net_income_4q": null,
            "revenue": null,
            "revenue_4q": null,
            "common_shares": null,
            "book_valuer_per_share": null,
            "book_valuer_per_share_4q_avg": 0,
            "equity": null,
            "current_ratio": null,
            "debt_ratio": null,
            "inventory_turnover_ratio": null,
            "account_receivable_turnover_ratio": null,
            "reinvestment_rate": null,
            "research_to_sale_ratio": null,
            "price_fair": 0,
            "eps_avg_yearly": 0,
            "eps_latest_yearly": 0,
            "eps_growth_yearly": 0
        },
        "20014": {
            "year_quarter": 20014,
            "year": 2001,
            "quarter": 4,
            "eps": null,
            "eps_growth_year": null,
            "eps_4q": null,
            "eps_4q_growth_year": null,
            "roe": null,
            "roe_4q": 0,
            "gross_profit": null,
            "gross_margin": null,
            "gross_margin_4q_avg": 0,
            "net_income": null,
            "net_income_4q": null,
            "revenue": null,
            "revenue_4q": null,
            "common_shares": 372500,
            "book_valuer_per_share": 11.98,
            "book_valuer_per_share_4q_avg": 3,
            "equity": 446169,
            "current_ratio": 263.21,
            "debt_ratio": 43.8,
            "inventory_turnover_ratio": null,
            "account_receivable_turnover_ratio": null,
            "reinvestment_rate": null,
            "research_to_sale_ratio": null,
            "price_fair": 0,
            "eps_avg_yearly": 0,
            "eps_latest_yearly": 0,
            "eps_growth_yearly": 0
        },
        "20021": {
            "year_quarter": 20021,
            "year": 2002,
            "quarter": 1,
            "eps": null,
            "eps_growth_year": null,
            "eps_4q": null,
            "eps_4q_growth_year": null,
            "roe": null,
            "roe_4q": 0,
            "gross_profit": null,
            "gross_margin": null,
            "gross_margin_4q_avg": 0,
            "net_income": null,
            "net_income_4q": null,
            "revenue": null,
            "revenue_4q": null,
            "common_shares": null,
            "book_valuer_per_share": null,
            "book_valuer_per_share_4q_avg": 3,
            "equity": null,
            "current_ratio": null,
            "debt_ratio": null,
            "inventory_turnover_ratio": null,
            "account_receivable_turnover_ratio": null,
            "reinvestment_rate": null,
            "research_to_sale_ratio": null,
            "price_fair": 0,
            "eps_avg_yearly": 0,
            "eps_latest_yearly": 0,
            "eps_growth_yearly": 0
        },
        "20022": {
            "year_quarter": 20022,
            "year": 2002,
            "quarter": 2,
            "eps": null,
            "eps_growth_year": null,
            "eps_4q": null,
            "eps_4q_growth_year": null,
            "roe": null,
            "roe_4q": 0,
            "gross_profit": null,
            "gross_margin": null,
            "gross_margin_4q_avg": 0,
            "net_income": null,
            "net_income_4q": null,
            "revenue": null,
            "revenue_4q": null,
            "common_shares": null,
            "book_valuer_per_share": null,
            "book_valuer_per_share_4q_avg": 3,
            "equity": null,
            "current_ratio": null,
            "debt_ratio": null,
            "inventory_turnover_ratio": null,
            "account_receivable_turnover_ratio": null,
            "reinvestment_rate": null,
            "research_to_sale_ratio": null,
            "price_fair": 0,
            "eps_avg_yearly": 0,
            "eps_latest_yearly": 0,
            "eps_growth_yearly": 0
        },
        "20023": {
            "year_quarter": 20023,
            "year": 2002,
            "quarter": 3,
            "eps": null,
            "eps_growth_year": null,
            "eps_4q": null,
            "eps_4q_growth_year": null,
            "roe": null,
            "roe_4q": 0,
            "gross_profit": null,
            "gross_margin": null,
            "gross_margin_4q_avg": 0,
            "net_income": null,
            "net_income_4q": null,
            "revenue": null,
            "revenue_4q": null,
            "common_shares": null,
            "book_valuer_per_share": null,
            "book_valuer_per_share_4q_avg": 3,
            "equity": null,
            "current_ratio": null,
            "debt_ratio": null,
            "inventory_turnover_ratio": null,
            "account_receivable_turnover_ratio": null,
            "reinvestment_rate": null,
            "research_to_sale_ratio": null,
            "price_fair": 0,
            "eps_avg_yearly": 0,
            "eps_latest_yearly": 0,
            "eps_growth_yearly": 0
        },
        "20024": {
            "year_quarter": 20024,
            "year": 2002,
            "quarter": 4,
            "eps": null,
            "eps_growth_year": null,
            "eps_4q": null,
            "eps_4q_growth_year": null,
            "roe": null,
            "roe_4q": 0,
            "gross_profit": null,
            "gross_margin": null,
            "gross_margin_4q_avg": 0,
            "net_income": null,
            "net_income_4q": null,
            "revenue": null,
            "revenue_4q": null,
            "common_shares": 372500,
            "book_valuer_per_share": 10.89,
            "book_valuer_per_share_4q_avg": 2.72,
            "equity": 405604,
            "current_ratio": 258.97,
            "debt_ratio": 45.74,
            "inventory_turnover_ratio": null,
            "account_receivable_turnover_ratio": null,
            "reinvestment_rate": null,
            "research_to_sale_ratio": null,
            "price_fair": 0,
            "eps_avg_yearly": 0,
            "eps_latest_yearly": 0,
            "eps_growth_yearly": 0
        },
        "20031": {
            "year_quarter": 20031,
            "year": 2003,
            "quarter": 1,
            "eps": null,
            "eps_growth_year": null,
            "eps_4q": null,
            "eps_4q_growth_year": null,
            "roe": null,
            "roe_4q": 0,
            "gross_profit": null,
            "gross_margin": null,
            "gross_margin_4q_avg": 0,
            "net_income": null,
            "net_income_4q": null,
            "revenue": null,
            "revenue_4q": null,
            "common_shares": null,
            "book_valuer_per_share": null,
            "book_valuer_per_share_4q_avg": 2.72,
            "equity": null,
            "current_ratio": null,
            "debt_ratio": null,
            "inventory_turnover_ratio": null,
            "account_receivable_turnover_ratio": null,
            "reinvestment_rate": null,
            "research_to_sale_ratio": null,
            "price_fair": 0,
            "eps_avg_yearly": 0,
            "eps_latest_yearly": 0,
            "eps_growth_yearly": 0
        },
        "20032": {
            "year_quarter": 20032,
            "year": 2003,
            "quarter": 2,
            "eps": null,
            "eps_growth_year": null,
            "eps_4q": null,
            "eps_4q_growth_year": null,
            "roe": null,
            "roe_4q": 0,
            "gross_profit": null,
            "gross_margin": null,
            "gross_margin_4q_avg": 0,
            "net_income": null,
            "net_income_4q": null,
            "revenue": null,
            "revenue_4q": null,
            "common_shares": null,
            "book_valuer_per_share": null,
            "book_valuer_per_share_4q_avg": 2.72,
            "equity": null,
            "current_ratio": null,
            "debt_ratio": null,
            "inventory_turnover_ratio": null,
            "account_receivable_turnover_ratio": null,
            "reinvestment_rate": null,
            "research_to_sale_ratio": null,
            "price_fair": 0,
            "eps_avg_yearly": 0,
            "eps_latest_yearly": 0,
            "eps_growth_yearly": 0
        },
        "20033": {
            "year_quarter": 20033,
            "year": 2003,
            "quarter": 3,
            "eps": null,
            "eps_growth_year": null,
            "eps_4q": null,
            "eps_4q_growth_year": null,
            "roe": null,
            "roe_4q": 0,
            "gross_profit": null,
            "gross_margin": null,
            "gross_margin_4q_avg": 0,
            "net_income": null,
            "net_income_4q": null,
            "revenue": null,
            "revenue_4q": null,
            "common_shares": null,
            "book_valuer_per_share": null,
            "book_valuer_per_share_4q_avg": 2.72,
            "equity": null,
            "current_ratio": null,
            "debt_ratio": null,
            "inventory_turnover_ratio": null,
            "account_receivable_turnover_ratio": null,
            "reinvestment_rate": null,
            "research_to_sale_ratio": null,
            "price_fair": 0,
            "eps_avg_yearly": 0,
            "eps_latest_yearly": 0,
            "eps_growth_yearly": 0
        },
        "20034": {
            "year_quarter": 20034,
            "year": 2003,
            "quarter": 4,
            "eps": null,
            "eps_growth_year": null,
            "eps_4q": null,
            "eps_4q_growth_year": null,
            "roe": null,
            "roe_4q": 0,
            "gross_profit": null,
            "gross_margin": null,
            "gross_margin_4q_avg": 0,
            "net_income": null,
            "net_income_4q": null,
            "revenue": null,
            "revenue_4q": null,
            "common_shares": 372500,
            "book_valuer_per_share": 11.36,
            "book_valuer_per_share_4q_avg": 2.84,
            "equity": 423012,
            "current_ratio": 172.85,
            "debt_ratio": 45.32,
            "inventory_turnover_ratio": null,
            "account_receivable_turnover_ratio": null,
            "reinvestment_rate": null,
            "research_to_sale_ratio": null,
            "price_fair": 0,
            "eps_avg_yearly": 0,
            "eps_latest_yearly": 0,
            "eps_growth_yearly": 0
        },
        "20041": {
            "year_quarter": 20041,
            "year": 2004,
            "quarter": 1,
            "eps": null,
            "eps_growth_year": null,
            "eps_4q": null,
            "eps_4q_growth_year": null,
            "roe": null,
            "roe_4q": 0,
            "gross_profit": null,
            "gross_margin": null,
            "gross_margin_4q_avg": 0,
            "net_income": null,
            "net_income_4q": null,
            "revenue": null,
            "revenue_4q": null,
            "common_shares": null,
            "book_valuer_per_share": null,
            "book_valuer_per_share_4q_avg": 2.84,
            "equity": null,
            "current_ratio": null,
            "debt_ratio": null,
            "inventory_turnover_ratio": null,
            "account_receivable_turnover_ratio": null,
            "reinvestment_rate": null,
            "research_to_sale_ratio": null,
            "price_fair": 0,
            "eps_avg_yearly": 0,
            "eps_latest_yearly": 0,
            "eps_growth_yearly": 0
        },
        "20042": {
            "year_quarter": 20042,
            "year": 2004,
            "quarter": 2,
            "eps": null,
            "eps_growth_year": null,
            "eps_4q": null,
            "eps_4q_growth_year": null,
            "roe": null,
            "roe_4q": 0,
            "gross_profit": null,
            "gross_margin": null,
            "gross_margin_4q_avg": 0,
            "net_income": null,
            "net_income_4q": null,
            "revenue": null,
            "revenue_4q": null,
            "common_shares": null,
            "book_valuer_per_share": null,
            "book_valuer_per_share_4q_avg": 2.84,
            "equity": null,
            "current_ratio": null,
            "debt_ratio": null,
            "inventory_turnover_ratio": null,
            "account_receivable_turnover_ratio": null,
            "reinvestment_rate": null,
            "research_to_sale_ratio": null,
            "price_fair": 0,
            "eps_avg_yearly": 0,
            "eps_latest_yearly": 0,
            "eps_growth_yearly": 0
        },
        "20043": {
            "year_quarter": 20043,
            "year": 2004,
            "quarter": 3,
            "eps": null,
            "eps_growth_year": null,
            "eps_4q": null,
            "eps_4q_growth_year": null,
            "roe": null,
            "roe_4q": 0,
            "gross_profit": null,
            "gross_margin": null,
            "gross_margin_4q_avg": 0,
            "net_income": null,
            "net_income_4q": null,
            "revenue": null,
            "revenue_4q": null,
            "common_shares": null,
            "book_valuer_per_share": null,
            "book_valuer_per_share_4q_avg": 2.84,
            "equity": null,
            "current_ratio": null,
            "debt_ratio": null,
            "inventory_turnover_ratio": null,
            "account_receivable_turnover_ratio": null,
            "reinvestment_rate": null,
            "research_to_sale_ratio": null,
            "price_fair": 0,
            "eps_avg_yearly": 0,
            "eps_latest_yearly": 0,
            "eps_growth_yearly": 0
        },
        "20044": {
            "year_quarter": 20044,
            "year": 2004,
            "quarter": 4,
            "eps": null,
            "eps_growth_year": null,
            "eps_4q": null,
            "eps_4q_growth_year": null,
            "roe": null,
            "roe_4q": 0,
            "gross_profit": null,
            "gross_margin": null,
            "gross_margin_4q_avg": 0,
            "net_income": null,
            "net_income_4q": null,
            "revenue": null,
            "revenue_4q": null,
            "common_shares": 372500,
            "book_valuer_per_share": 11.7,
            "book_valuer_per_share_4q_avg": 2.93,
            "equity": 435708,
            "current_ratio": 183.6,
            "debt_ratio": 43.96,
            "inventory_turnover_ratio": null,
            "account_receivable_turnover_ratio": null,
            "reinvestment_rate": null,
            "research_to_sale_ratio": null,
            "price_fair": 0,
            "eps_avg_yearly": 0,
            "eps_latest_yearly": 0,
            "eps_growth_yearly": 0
        },
        "20051": {
            "year_quarter": 20051,
            "year": 2005,
            "quarter": 1,
            "eps": null,
            "eps_growth_year": null,
            "eps_4q": null,
            "eps_4q_growth_year": null,
            "roe": null,
            "roe_4q": 0,
            "gross_profit": null,
            "gross_margin": null,
            "gross_margin_4q_avg": 0,
            "net_income": null,
            "net_income_4q": null,
            "revenue": null,
            "revenue_4q": null,
            "common_shares": null,
            "book_valuer_per_share": null,
            "book_valuer_per_share_4q_avg": 2.93,
            "equity": null,
            "current_ratio": null,
            "debt_ratio": null,
            "inventory_turnover_ratio": null,
            "account_receivable_turnover_ratio": null,
            "reinvestment_rate": null,
            "research_to_sale_ratio": null,
            "price_fair": 0,
            "eps_avg_yearly": 0,
            "eps_latest_yearly": 0,
            "eps_growth_yearly": 0
        },
        "20052": {
            "year_quarter": 20052,
            "year": 2005,
            "quarter": 2,
            "eps": null,
            "eps_growth_year": null,
            "eps_4q": null,
            "eps_4q_growth_year": null,
            "roe": null,
            "roe_4q": 0,
            "gross_profit": null,
            "gross_margin": null,
            "gross_margin_4q_avg": 0,
            "net_income": null,
            "net_income_4q": null,
            "revenue": null,
            "revenue_4q": null,
            "common_shares": null,
            "book_valuer_per_share": null,
            "book_valuer_per_share_4q_avg": 2.93,
            "equity": null,
            "current_ratio": null,
            "debt_ratio": null,
            "inventory_turnover_ratio": null,
            "account_receivable_turnover_ratio": null,
            "reinvestment_rate": null,
            "research_to_sale_ratio": null,
            "price_fair": 0,
            "eps_avg_yearly": 0,
            "eps_latest_yearly": 0,
            "eps_growth_yearly": 0
        },
        "20053": {
            "year_quarter": 20053,
            "year": 2005,
            "quarter": 3,
            "eps": 0.34,
            "eps_growth_year": null,
            "eps_4q": null,
            "eps_4q_growth_year": null,
            "roe": 2.98,
            "roe_4q": 2.98,
            "gross_profit": 77657,
            "gross_margin": 29.25,
            "gross_margin_4q_avg": 7.31,
            "net_income": 13654,
            "net_income_4q": null,
            "revenue": 265517,
            "revenue_4q": null,
            "common_shares": 398750,
            "book_valuer_per_share": 11.49,
            "book_valuer_per_share_4q_avg": 5.8,
            "equity": 458259,
            "current_ratio": 160.79,
            "debt_ratio": 44.98,
            "inventory_turnover_ratio": 1.08,
            "account_receivable_turnover_ratio": null,
            "reinvestment_rate": null,
            "research_to_sale_ratio": null,
            "price_fair": 0,
            "eps_avg_yearly": 0,
            "eps_latest_yearly": 0,
            "eps_growth_yearly": 0
        },
        "20054": {
            "year_quarter": 20054,
            "year": 2005,
            "quarter": 4,
            "eps": 0.87,
            "eps_growth_year": null,
            "eps_4q": null,
            "eps_4q_growth_year": null,
            "roe": 7.22,
            "roe_4q": 10.2,
            "gross_profit": 86089,
            "gross_margin": 27.71,
            "gross_margin_4q_avg": 14.24,
            "net_income": 34293,
            "net_income_4q": null,
            "revenue": 310722,
            "revenue_4q": null,
            "common_shares": 398750,
            "book_valuer_per_share": 12.33,
            "book_valuer_per_share_4q_avg": 5.96,
            "equity": 491853,
            "current_ratio": 171.75,
            "debt_ratio": 45.6,
            "inventory_turnover_ratio": 1.09,
            "account_receivable_turnover_ratio": null,
            "reinvestment_rate": null,
            "research_to_sale_ratio": null,
            "price_fair": 121.8,
            "eps_avg_yearly": 3.48,
            "eps_latest_yearly": 3.48,
            "eps_growth_yearly": 623.53
        },
        "20061": {
            "year_quarter": 20061,
            "year": 2006,
            "quarter": 1,
            "eps": 0.71,
            "eps_growth_year": null,
            "eps_4q": null,
            "eps_4q_growth_year": null,
            "roe": 5.99,
            "roe_4q": 16.19,
            "gross_profit": 88611,
            "gross_margin": 27.15,
            "gross_margin_4q_avg": 21.03,
            "net_income": 30422,
            "net_income_4q": null,
            "revenue": 326351,
            "revenue_4q": null,
            "common_shares": 398750,
            "book_valuer_per_share": 13.13,
            "book_valuer_per_share_4q_avg": 9.24,
            "equity": 523484,
            "current_ratio": 160.68,
            "debt_ratio": 45.36,
            "inventory_turnover_ratio": 0.93,
            "account_receivable_turnover_ratio": null,
            "reinvestment_rate": null,
            "research_to_sale_ratio": null,
            "price_fair": 110.6,
            "eps_avg_yearly": 3.16,
            "eps_latest_yearly": 2.84,
            "eps_growth_yearly": 274.98
        },
        "20062": {
            "year_quarter": 20062,
            "year": 2006,
            "quarter": 2,
            "eps": 1.05,
            "eps_growth_year": null,
            "eps_4q": 3.09,
            "eps_4q_growth_year": null,
            "roe": 7.56,
            "roe_4q": 23.75,
            "gross_profit": 105679,
            "gross_margin": 28.91,
            "gross_margin_4q_avg": 28.26,
            "net_income": 40345,
            "net_income_4q": null,
            "revenue": 365485,
            "revenue_4q": null,
            "common_shares": 398750,
            "book_valuer_per_share": 13.65,
            "book_valuer_per_share_4q_avg": 12.65,
            "equity": 544276,
            "current_ratio": 162.73,
            "debt_ratio": 42.23,
            "inventory_turnover_ratio": 1.01,
            "account_receivable_turnover_ratio": null,
            "reinvestment_rate": null,
            "research_to_sale_ratio": null,
            "price_fair": 122.73,
            "eps_avg_yearly": 3.51,
            "eps_latest_yearly": 4.2,
            "eps_growth_yearly": 247.17
        },
        "20063": {
            "year_quarter": 20063,
            "year": 2006,
            "quarter": 3,
            "eps": 1.12,
            "eps_growth_year": 229.41,
            "eps_4q": 3.57,
            "eps_4q_growth_year": null,
            "roe": 8.31,
            "roe_4q": 29.08,
            "gross_profit": 100938,
            "gross_margin": 29.56,
            "gross_margin_4q_avg": 28.33,
            "net_income": 47952,
            "net_income_4q": null,
            "revenue": 341469,
            "revenue_4q": null,
            "common_shares": 442450,
            "book_valuer_per_share": 13.78,
            "book_valuer_per_share_4q_avg": 13.22,
            "equity": 609530,
            "current_ratio": 184.3,
            "debt_ratio": 37.83,
            "inventory_turnover_ratio": 0.99,
            "account_receivable_turnover_ratio": null,
            "reinvestment_rate": null,
            "research_to_sale_ratio": null,
            "price_fair": 131.25,
            "eps_avg_yearly": 3.75,
            "eps_latest_yearly": 4.48,
            "eps_growth_yearly": 192.05
        },
        "20064": {
            "year_quarter": 20064,
            "year": 2006,
            "quarter": 4,
            "eps": 0.44,
            "eps_growth_year": -49.43,
            "eps_4q": 3.18,
            "eps_4q_growth_year": null,
            "roe": 3.09,
            "roe_4q": 24.950000000000003,
            "gross_profit": 105047,
            "gross_margin": 26.72,
            "gross_margin_4q_avg": 28.09,
            "net_income": 19097,
            "net_income_4q": null,
            "revenue": 393071,
            "revenue_4q": null,
            "common_shares": 442450,
            "book_valuer_per_share": 14.18,
            "book_valuer_per_share_4q_avg": 13.69,
            "equity": 627325,
            "current_ratio": 200.98,
            "debt_ratio": 35.39,
            "inventory_turnover_ratio": 1.32,
            "account_receivable_turnover_ratio": null,
            "reinvestment_rate": null,
            "research_to_sale_ratio": null,
            "price_fair": 117.32,
            "eps_avg_yearly": 3.35,
            "eps_latest_yearly": 1.76,
            "eps_growth_yearly": 105.07
        },
        "20071": {
            "year_quarter": 20071,
            "year": 2007,
            "quarter": 1,
            "eps": 0.83,
            "eps_growth_year": 16.9,
            "eps_4q": 3.24,
            "eps_4q_growth_year": null,
            "roe": 5.68,
            "roe_4q": 24.639999999999997,
            "gross_profit": 87950,
            "gross_margin": 26.61,
            "gross_margin_4q_avg": 27.95,
            "net_income": 37030,
            "net_income_4q": null,
            "revenue": 330520,
            "revenue_4q": null,
            "common_shares": 449790,
            "book_valuer_per_share": 15.07,
            "book_valuer_per_share_4q_avg": 14.17,
            "equity": 677630,
            "current_ratio": 169.82,
            "debt_ratio": 35.75,
            "inventory_turnover_ratio": 1.38,
            "account_receivable_turnover_ratio": null,
            "reinvestment_rate": null,
            "research_to_sale_ratio": null,
            "price_fair": 117.13,
            "eps_avg_yearly": 3.35,
            "eps_latest_yearly": 3.32,
            "eps_growth_yearly": 146.65
        },
        "20072": {
            "year_quarter": 20072,
            "year": 2007,
            "quarter": 2,
            "eps": 1.48,
            "eps_growth_year": 40.95,
            "eps_4q": 3.76,
            "eps_4q_growth_year": 21.55,
            "roe": 8.59,
            "roe_4q": 25.67,
            "gross_profit": 167164,
            "gross_margin": 28.95,
            "gross_margin_4q_avg": 27.96,
            "net_income": 67697,
            "net_income_4q": null,
            "revenue": 577334,
            "revenue_4q": null,
            "common_shares": 509770,
            "book_valuer_per_share": 17.61,
            "book_valuer_per_share_4q_avg": 15.16,
            "equity": 897908,
            "current_ratio": 208.45,
            "debt_ratio": 28.75,
            "inventory_turnover_ratio": 2.4,
            "account_receivable_turnover_ratio": null,
            "reinvestment_rate": null,
            "research_to_sale_ratio": null,
            "price_fair": 130,
            "eps_avg_yearly": 3.71,
            "eps_latest_yearly": 5.92,
            "eps_growth_yearly": 170.45
        },
        "20073": {
            "year_quarter": 20073,
            "year": 2007,
            "quarter": 3,
            "eps": 1.64,
            "eps_growth_year": 46.43,
            "eps_4q": 3.85,
            "eps_4q_growth_year": 7.62,
            "roe": 9.76,
            "roe_4q": 27.12,
            "gross_profit": 133156,
            "gross_margin": 27.69,
            "gross_margin_4q_avg": 27.49,
            "net_income": 92054,
            "net_income_4q": null,
            "revenue": 480863,
            "revenue_4q": null,
            "common_shares": 595236,
            "book_valuer_per_share": 16.62,
            "book_valuer_per_share_4q_avg": 15.87,
            "equity": 989309,
            "current_ratio": 281.97,
            "debt_ratio": 20.87,
            "inventory_turnover_ratio": 1.84,
            "account_receivable_turnover_ratio": null,
            "reinvestment_rate": null,
            "research_to_sale_ratio": null,
            "price_fair": 142.45,
            "eps_avg_yearly": 4.07,
            "eps_latest_yearly": 6.56,
            "eps_growth_yearly": 154.55
        },
        "20074": {
            "year_quarter": 20074,
            "year": 2007,
            "quarter": 4,
            "eps": 1.03,
            "eps_growth_year": 134.09,
            "eps_4q": 4.49,
            "eps_4q_growth_year": 41.36,
            "roe": 5.75,
            "roe_4q": 29.78,
            "gross_profit": 155693,
            "gross_margin": 26.07,
            "gross_margin_4q_avg": 27.33,
            "net_income": 58605,
            "net_income_4q": null,
            "revenue": 597158,
            "revenue_4q": null,
            "common_shares": 595236,
            "book_valuer_per_share": 17.61,
            "book_valuer_per_share_4q_avg": 16.73,
            "equity": 1050309,
            "current_ratio": 283.45,
            "debt_ratio": 24.05,
            "inventory_turnover_ratio": 2.14,
            "account_receivable_turnover_ratio": null,
            "reinvestment_rate": null,
            "research_to_sale_ratio": null,
            "price_fair": 142.64,
            "eps_avg_yearly": 4.08,
            "eps_latest_yearly": 4.12,
            "eps_growth_yearly": 120.84
        },
        "20081": {
            "year_quarter": 20081,
            "year": 2008,
            "quarter": 1,
            "eps": 0.61,
            "eps_growth_year": -26.51,
            "eps_4q": 4.53,
            "eps_4q_growth_year": 40.07,
            "roe": 3.21,
            "roe_4q": 27.31,
            "gross_profit": 164848,
            "gross_margin": 29.15,
            "gross_margin_4q_avg": 27.97,
            "net_income": 34221,
            "net_income_4q": null,
            "revenue": 565555,
            "revenue_4q": null,
            "common_shares": 595236,
            "book_valuer_per_share": 18.14,
            "book_valuer_per_share_4q_avg": 17.5,
            "equity": 1082683,
            "current_ratio": 258.16,
            "debt_ratio": 27.18,
            "inventory_turnover_ratio": 1.46,
            "account_receivable_turnover_ratio": null,
            "reinvestment_rate": null,
            "research_to_sale_ratio": null,
            "price_fair": 136.92,
            "eps_avg_yearly": 3.91,
            "eps_latest_yearly": 2.44,
            "eps_growth_yearly": 92.45
        },
        "20082": {
            "year_quarter": 20082,
            "year": 2008,
            "quarter": 2,
            "eps": 0.44,
            "eps_growth_year": -70.27,
            "eps_4q": 3.66,
            "eps_4q_growth_year": -2.53,
            "roe": 2.42,
            "roe_4q": 21.14,
            "gross_profit": 147673,
            "gross_margin": 28.19,
            "gross_margin_4q_avg": 27.78,
            "net_income": 25585,
            "net_income_4q": null,
            "revenue": 523851,
            "revenue_4q": null,
            "common_shares": 595236,
            "book_valuer_per_share": 17.32,
            "book_valuer_per_share_4q_avg": 17.42,
            "equity": 1033106,
            "current_ratio": 304.57,
            "debt_ratio": 37.86,
            "inventory_turnover_ratio": 1.12,
            "account_receivable_turnover_ratio": null,
            "reinvestment_rate": null,
            "research_to_sale_ratio": null,
            "price_fair": 130.07,
            "eps_avg_yearly": 3.72,
            "eps_latest_yearly": 1.76,
            "eps_growth_yearly": 73.91
        },
        "20083": {
            "year_quarter": 20083,
            "year": 2008,
            "quarter": 3,
            "eps": 0.81,
            "eps_growth_year": -50.61,
            "eps_4q": 2.52,
            "eps_4q_growth_year": -34.47,
            "roe": 5.44,
            "roe_4q": 16.82,
            "gross_profit": 175987,
            "gross_margin": 27.93,
            "gross_margin_4q_avg": 27.84,
            "net_income": 57912,
            "net_income_4q": null,
            "revenue": 630091,
            "revenue_4q": null,
            "common_shares": 735099,
            "book_valuer_per_share": 14.92,
            "book_valuer_per_share_4q_avg": 17,
            "equity": 1096960,
            "current_ratio": 281.78,
            "debt_ratio": 38.9,
            "inventory_turnover_ratio": 1.17,
            "account_receivable_turnover_ratio": null,
            "reinvestment_rate": null,
            "research_to_sale_ratio": null,
            "price_fair": 128.68,
            "eps_avg_yearly": 3.68,
            "eps_latest_yearly": 3.24,
            "eps_growth_yearly": 95.78
        },
        "20084": {
            "year_quarter": 20084,
            "year": 2008,
            "quarter": 4,
            "eps": 1.01,
            "eps_growth_year": -1.94,
            "eps_4q": 2.74,
            "eps_4q_growth_year": -38.94,
            "roe": 6.36,
            "roe_4q": 17.43,
            "gross_profit": 213440,
            "gross_margin": 39,
            "gross_margin_4q_avg": 31.07,
            "net_income": 72152,
            "net_income_4q": null,
            "revenue": 547231,
            "revenue_4q": null,
            "common_shares": 735099,
            "book_valuer_per_share": 15.94,
            "book_valuer_per_share_4q_avg": 16.58,
            "equity": 1170286,
            "current_ratio": 476.25,
            "debt_ratio": 29.26,
            "inventory_turnover_ratio": 0.83,
            "account_receivable_turnover_ratio": 3.34,
            "reinvestment_rate": null,
            "research_to_sale_ratio": null,
            "price_fair": 129.66,
            "eps_avg_yearly": 3.7,
            "eps_latest_yearly": 4.04,
            "eps_growth_yearly": 96.01
        },
        "20091": {
            "year_quarter": 20091,
            "year": 2009,
            "quarter": 1,
            "eps": 0.36,
            "eps_growth_year": -40.98,
            "eps_4q": 2.71,
            "eps_4q_growth_year": -40.19,
            "roe": 2.09,
            "roe_4q": 16.310000000000002,
            "gross_profit": 145686,
            "gross_margin": 32.98,
            "gross_margin_4q_avg": 32.03,
            "net_income": 24764,
            "net_income_4q": null,
            "revenue": 441736,
            "revenue_4q": null,
            "common_shares": 735099,
            "book_valuer_per_share": 16.34,
            "book_valuer_per_share_4q_avg": 16.13,
            "equity": 1197550,
            "current_ratio": 404.36,
            "debt_ratio": 31.44,
            "inventory_turnover_ratio": 0.82,
            "account_receivable_turnover_ratio": 1.5,
            "reinvestment_rate": null,
            "research_to_sale_ratio": null,
            "price_fair": 124,
            "eps_avg_yearly": 3.54,
            "eps_latest_yearly": 1.44,
            "eps_growth_yearly": 70.76
        },
        "20092": {
            "year_quarter": 20092,
            "year": 2009,
            "quarter": 2,
            "eps": 0.06,
            "eps_growth_year": -86.36,
            "eps_4q": 1.5,
            "eps_4q_growth_year": -59.07,
            "roe": 0.57,
            "roe_4q": 14.46,
            "gross_profit": 144837,
            "gross_margin": 30.95,
            "gross_margin_4q_avg": 32.72,
            "net_income": 6608,
            "net_income_4q": null,
            "revenue": 467972,
            "revenue_4q": null,
            "common_shares": 735099,
            "book_valuer_per_share": 15.4,
            "book_valuer_per_share_4q_avg": 15.65,
            "equity": 1130151,
            "current_ratio": 204.85,
            "debt_ratio": 34.91,
            "inventory_turnover_ratio": 0.98,
            "account_receivable_turnover_ratio": 1.7,
            "reinvestment_rate": 65.24,
            "research_to_sale_ratio": null,
            "price_fair": 116.29,
            "eps_avg_yearly": 3.32,
            "eps_latest_yearly": 0.24,
            "eps_growth_yearly": 43.82
        },
        "20093": {
            "year_quarter": 20093,
            "year": 2009,
            "quarter": 3,
            "eps": 0.18,
            "eps_growth_year": -77.78,
            "eps_4q": 1.49,
            "eps_4q_growth_year": -40.8,
            "roe": 1.27,
            "roe_4q": 10.29,
            "gross_profit": 163876,
            "gross_margin": 30.78,
            "gross_margin_4q_avg": 33.43,
            "net_income": 14482,
            "net_income_4q": null,
            "revenue": 532350,
            "revenue_4q": null,
            "common_shares": 808609,
            "book_valuer_per_share": 14.2,
            "book_valuer_per_share_4q_avg": 15.47,
            "equity": 1146886,
            "current_ratio": 210.54,
            "debt_ratio": 34.21,
            "inventory_turnover_ratio": 1.17,
            "account_receivable_turnover_ratio": 1.65,
            "reinvestment_rate": 21.07,
            "research_to_sale_ratio": null,
            "price_fair": 110.6,
            "eps_avg_yearly": 3.16,
            "eps_latest_yearly": 0.72,
            "eps_growth_yearly": 91.09
        },
        "20094": {
            "year_quarter": 20094,
            "year": 2009,
            "quarter": 4,
            "eps": 0.56,
            "eps_growth_year": -44.55,
            "eps_4q": 1.12,
            "eps_4q_growth_year": -58.97,
            "roe": 3.86,
            "roe_4q": 7.79,
            "gross_profit": 176008,
            "gross_margin": 28.01,
            "gross_margin_4q_avg": 30.68,
            "net_income": 45070,
            "net_income_4q": null,
            "revenue": 628358,
            "revenue_4q": null,
            "common_shares": 808609,
            "book_valuer_per_share": 14.75,
            "book_valuer_per_share_4q_avg": 15.17,
            "equity": 1190878,
            "current_ratio": 213.41,
            "debt_ratio": 34.29,
            "inventory_turnover_ratio": 1.45,
            "account_receivable_turnover_ratio": 1.73,
            "reinvestment_rate": 28.3,
            "research_to_sale_ratio": null,
            "price_fair": 107.89,
            "eps_avg_yearly": 3.08,
            "eps_latest_yearly": 2.24,
            "eps_growth_yearly": 104.89
        },
        "20101": {
            "year_quarter": 20101,
            "year": 2010,
            "quarter": 1,
            "eps": 0.24,
            "eps_growth_year": -33.33,
            "eps_4q": 1.03,
            "eps_4q_growth_year": -61.95,
            "roe": 1.61,
            "roe_4q": 7.3100000000000005,
            "gross_profit": 153980,
            "gross_margin": 27.19,
            "gross_margin_4q_avg": 29.23,
            "net_income": 19314,
            "net_income_4q": null,
            "revenue": 566353,
            "revenue_4q": null,
            "common_shares": 808609,
            "book_valuer_per_share": 15.03,
            "book_valuer_per_share_4q_avg": 14.85,
            "equity": 1213396,
            "current_ratio": 203.41,
            "debt_ratio": 36.83,
            "inventory_turnover_ratio": 1.21,
            "account_receivable_turnover_ratio": 0.78,
            "reinvestment_rate": 28.94,
            "research_to_sale_ratio": 5.22,
            "price_fair": 103.78,
            "eps_avg_yearly": 2.97,
            "eps_latest_yearly": 0.96,
            "eps_growth_yearly": 95.21
        },
        "20102": {
            "year_quarter": 20102,
            "year": 2010,
            "quarter": 2,
            "eps": 0.51,
            "eps_growth_year": 749.78,
            "eps_4q": 1.42,
            "eps_4q_growth_year": -5.51,
            "roe": 3.55,
            "roe_4q": 10.29,
            "gross_profit": 197905,
            "gross_margin": 27.31,
            "gross_margin_4q_avg": 28.32,
            "net_income": 44407,
            "net_income_4q": null,
            "revenue": 724610,
            "revenue_4q": null,
            "common_shares": 829473,
            "book_valuer_per_share": 15.52,
            "book_valuer_per_share_4q_avg": 14.88,
            "equity": 1286215,
            "current_ratio": 250.92,
            "debt_ratio": 29.3,
            "inventory_turnover_ratio": 1.38,
            "account_receivable_turnover_ratio": 0.9,
            "reinvestment_rate": 25.5,
            "research_to_sale_ratio": 5.02,
            "price_fair": 99.05,
            "eps_avg_yearly": 2.83,
            "eps_latest_yearly": 2.04,
            "eps_growth_yearly": 111.36
        },
        "20103": {
            "year_quarter": 20103,
            "year": 2010,
            "quarter": 3,
            "eps": 0.92,
            "eps_growth_year": 410.23,
            "eps_4q": 2.17,
            "eps_4q_growth_year": 45.27,
            "roe": 6.03,
            "roe_4q": 15.049999999999999,
            "gross_profit": 229800,
            "gross_margin": 31.21,
            "gross_margin_4q_avg": 28.43,
            "net_income": 79989,
            "net_income_4q": null,
            "revenue": 736370,
            "revenue_4q": null,
            "common_shares": 870946,
            "book_valuer_per_share": 15.72,
            "book_valuer_per_share_4q_avg": 15.26,
            "equity": 1368183,
            "current_ratio": 268.35,
            "debt_ratio": 27.73,
            "inventory_turnover_ratio": 1.18,
            "account_receivable_turnover_ratio": 0.84,
            "reinvestment_rate": 27.55,
            "research_to_sale_ratio": 5.29,
            "price_fair": 97.3,
            "eps_avg_yearly": 2.78,
            "eps_latest_yearly": 3.68,
            "eps_growth_yearly": 129.79
        },
        "20104": {
            "year_quarter": 20104,
            "year": 2010,
            "quarter": 4,
            "eps": 0.44,
            "eps_growth_year": -21.82,
            "eps_4q": 2.09,
            "eps_4q_growth_year": 85.68,
            "roe": 2.75,
            "roe_4q": 13.940000000000001,
            "gross_profit": 225433,
            "gross_margin": 25.79,
            "gross_margin_4q_avg": 27.88,
            "net_income": 38132,
            "net_income_4q": null,
            "revenue": 874062,
            "revenue_4q": null,
            "common_shares": 870946,
            "book_valuer_per_share": 16.12,
            "book_valuer_per_share_4q_avg": 15.6,
            "equity": 1403366,
            "current_ratio": 256.72,
            "debt_ratio": 28.07,
            "inventory_turnover_ratio": 1.38,
            "account_receivable_turnover_ratio": 0.99,
            "reinvestment_rate": 40.92,
            "research_to_sale_ratio": 4.93,
            "price_fair": 97.3,
            "eps_avg_yearly": 2.78,
            "eps_latest_yearly": 1.76,
            "eps_growth_yearly": 131.92
        },
        "20111": {
            "year_quarter": 20111,
            "year": 2011,
            "quarter": 1,
            "eps": 0.81,
            "eps_growth_year": 237.5,
            "eps_4q": 2.66,
            "eps_4q_growth_year": 158.23,
            "roe": 4.88,
            "roe_4q": 17.21,
            "gross_profit": 217416,
            "gross_margin": 27.62,
            "gross_margin_4q_avg": 27.98,
            "net_income": 70391,
            "net_income_4q": null,
            "revenue": 787205,
            "revenue_4q": null,
            "common_shares": 874046,
            "book_valuer_per_share": 16.98,
            "book_valuer_per_share_4q_avg": 16.09,
            "equity": 1483190,
            "current_ratio": 246.14,
            "debt_ratio": 30.19,
            "inventory_turnover_ratio": 1.18,
            "account_receivable_turnover_ratio": 0.84,
            "reinvestment_rate": 14.36,
            "research_to_sale_ratio": 5.13,
            "price_fair": 97.13,
            "eps_avg_yearly": 2.78,
            "eps_latest_yearly": 3.24,
            "eps_growth_yearly": 130.79
        },
        "20112": {
            "year_quarter": 20112,
            "year": 2011,
            "quarter": 2,
            "eps": 1.13,
            "eps_growth_year": 121.74,
            "eps_4q": 3.09,
            "eps_4q_growth_year": 118.37,
            "roe": 7.26,
            "roe_4q": 20.92,
            "gross_profit": 294175,
            "gross_margin": 29.87,
            "gross_margin_4q_avg": 28.62,
            "net_income": 108710,
            "net_income_4q": null,
            "revenue": 984841,
            "revenue_4q": null,
            "common_shares": 874266,
            "book_valuer_per_share": 17.28,
            "book_valuer_per_share_4q_avg": 16.53,
            "equity": 1510725,
            "current_ratio": 155.06,
            "debt_ratio": 43.68,
            "inventory_turnover_ratio": 1.23,
            "account_receivable_turnover_ratio": 0.94,
            "reinvestment_rate": 19.17,
            "research_to_sale_ratio": 4.67,
            "price_fair": 94.06,
            "eps_avg_yearly": 2.69,
            "eps_latest_yearly": 4.52,
            "eps_growth_yearly": 121.09
        },
        "20113": {
            "year_quarter": 20113,
            "year": 2011,
            "quarter": 3,
            "eps": 0.65,
            "eps_growth_year": -29.59,
            "eps_4q": 2.91,
            "eps_4q_growth_year": 34.03,
            "roe": 4.01,
            "roe_4q": 18.9,
            "gross_profit": 228706,
            "gross_margin": 26.33,
            "gross_margin_4q_avg": 27.4,
            "net_income": 62104,
            "net_income_4q": null,
            "revenue": 868610,
            "revenue_4q": null,
            "common_shares": 961911,
            "book_valuer_per_share": 16.5,
            "book_valuer_per_share_4q_avg": 16.72,
            "equity": 1587464,
            "current_ratio": 165.64,
            "debt_ratio": 40.86,
            "inventory_turnover_ratio": 0.97,
            "account_receivable_turnover_ratio": 0.76,
            "reinvestment_rate": 20.39,
            "research_to_sale_ratio": 5.53,
            "price_fair": 85.4,
            "eps_avg_yearly": 2.44,
            "eps_latest_yearly": 2.6,
            "eps_growth_yearly": 107.76
        },
        "20114": {
            "year_quarter": 20114,
            "year": 2011,
            "quarter": 4,
            "eps": 0.59,
            "eps_growth_year": 34.68,
            "eps_4q": 3.1,
            "eps_4q_growth_year": 48.38,
            "roe": 3.5,
            "roe_4q": 19.65,
            "gross_profit": 270112,
            "gross_margin": 29.55,
            "gross_margin_4q_avg": 28.34,
            "net_income": 56611,
            "net_income_4q": null,
            "revenue": 914109,
            "revenue_4q": null,
            "common_shares": 962031,
            "book_valuer_per_share": 17.13,
            "book_valuer_per_share_4q_avg": 16.97,
            "equity": 1647874,
            "current_ratio": 167.43,
            "debt_ratio": 38.84,
            "inventory_turnover_ratio": 0.96,
            "account_receivable_turnover_ratio": 0.81,
            "reinvestment_rate": 12.49,
            "research_to_sale_ratio": 6.06,
            "price_fair": 81.55,
            "eps_avg_yearly": 2.33,
            "eps_latest_yearly": 2.36,
            "eps_growth_yearly": 114.76
        },
        "20121": {
            "year_quarter": 20121,
            "year": 2012,
            "quarter": 1,
            "eps": 0.32,
            "eps_growth_year": -60.49,
            "eps_4q": 2.68,
            "eps_4q_growth_year": 0.47,
            "roe": 1.83,
            "roe_4q": 16.6,
            "gross_profit": 237160,
            "gross_margin": 27.97,
            "gross_margin_4q_avg": 28.43,
            "net_income": 30460,
            "net_income_4q": null,
            "revenue": 847975,
            "revenue_4q": null,
            "common_shares": 964811,
            "book_valuer_per_share": 17.42,
            "book_valuer_per_share_4q_avg": 17.08,
            "equity": 1680639,
            "current_ratio": 171.07,
            "debt_ratio": 37.34,
            "inventory_turnover_ratio": 0.91,
            "account_receivable_turnover_ratio": 0.78,
            "reinvestment_rate": 14.17,
            "research_to_sale_ratio": 5.53,
            "price_fair": 79.01,
            "eps_avg_yearly": 2.26,
            "eps_latest_yearly": 1.28,
            "eps_growth_yearly": 113.51
        },
        "20122": {
            "year_quarter": 20122,
            "year": 2012,
            "quarter": 2,
            "eps": 0.66,
            "eps_growth_year": -41.97,
            "eps_4q": 2,
            "eps_4q_growth_year": -35.2,
            "roe": 4.35,
            "roe_4q": 13.69,
            "gross_profit": 307611,
            "gross_margin": 28.23,
            "gross_margin_4q_avg": 28.02,
            "net_income": 72696,
            "net_income_4q": null,
            "revenue": 1089526,
            "revenue_4q": null,
            "common_shares": 964811,
            "book_valuer_per_share": 17.23,
            "book_valuer_per_share_4q_avg": 17.07,
            "equity": 1664488,
            "current_ratio": 151.79,
            "debt_ratio": 43.08,
            "inventory_turnover_ratio": 1.16,
            "account_receivable_turnover_ratio": 0.91,
            "reinvestment_rate": 18.09,
            "research_to_sale_ratio": 6.8,
            "price_fair": 80.94,
            "eps_avg_yearly": 2.31,
            "eps_latest_yearly": 2.64,
            "eps_growth_yearly": 147.04
        },
        "20123": {
            "year_quarter": 20123,
            "year": 2012,
            "quarter": 3,
            "eps": 0.39,
            "eps_growth_year": -39.92,
            "eps_4q": 1.83,
            "eps_4q_growth_year": -36.96,
            "roe": 2.55,
            "roe_4q": 12.23,
            "gross_profit": 279084,
            "gross_margin": 27.11,
            "gross_margin_4q_avg": 28.22,
            "net_income": 43024,
            "net_income_4q": null,
            "revenue": 1029532,
            "revenue_4q": null,
            "common_shares": 1110553,
            "book_valuer_per_share": 15.4,
            "book_valuer_per_share_4q_avg": 16.8,
            "equity": 1711052,
            "current_ratio": 156.83,
            "debt_ratio": 41.8,
            "inventory_turnover_ratio": 1.09,
            "account_receivable_turnover_ratio": 0.79,
            "reinvestment_rate": 10.82,
            "research_to_sale_ratio": 6.2,
            "price_fair": 77.26,
            "eps_avg_yearly": 2.21,
            "eps_latest_yearly": 1.56,
            "eps_growth_yearly": 115.79
        },
        "20124": {
            "year_quarter": 20124,
            "year": 2012,
            "quarter": 4,
            "eps": 0.75,
            "eps_growth_year": 27.55,
            "eps_4q": 2.07,
            "eps_4q_growth_year": -33.11,
            "roe": 4.77,
            "roe_4q": 13.499999999999998,
            "gross_profit": 325714,
            "gross_margin": 26.77,
            "gross_margin_4q_avg": 27.52,
            "net_income": 83492,
            "net_income_4q": null,
            "revenue": 1216585,
            "revenue_4q": null,
            "common_shares": 1110733,
            "book_valuer_per_share": 16.13,
            "book_valuer_per_share_4q_avg": 16.55,
            "equity": 1792697,
            "current_ratio": 166.9,
            "debt_ratio": 39.17,
            "inventory_turnover_ratio": 1.31,
            "account_receivable_turnover_ratio": 0.95,
            "reinvestment_rate": 6.05,
            "research_to_sale_ratio": 5.88,
            "price_fair": 74.99,
            "eps_avg_yearly": 2.14,
            "eps_latest_yearly": 3,
            "eps_growth_yearly": 132.69
        },
        "20131": {
            "year_quarter": 20131,
            "year": 2013,
            "quarter": 1,
            "eps": 0.55,
            "eps_growth_year": 71.88,
            "eps_4q": 2.34,
            "eps_4q_growth_year": -12.43,
            "roe": 3.34,
            "roe_4q": 15.01,
            "gross_profit": 268709,
            "gross_margin": 27.12,
            "gross_margin_4q_avg": 27.31,
            "net_income": 61263,
            "net_income_4q": null,
            "revenue": 990688,
            "revenue_4q": null,
            "common_shares": 1111133,
            "book_valuer_per_share": 16.81,
            "book_valuer_per_share_4q_avg": 16.39,
            "equity": 1870624,
            "current_ratio": 176.95,
            "debt_ratio": 35.37,
            "inventory_turnover_ratio": 1.1,
            "account_receivable_turnover_ratio": 0.93,
            "reinvestment_rate": -17.01,
            "research_to_sale_ratio": 6.76,
            "price_fair": 76.65,
            "eps_avg_yearly": 2.19,
            "eps_latest_yearly": 2.2,
            "eps_growth_yearly": 142.12
        },
        "20132": {
            "year_quarter": 20132,
            "year": 2013,
            "quarter": 2,
            "eps": 0.47,
            "eps_growth_year": -28.36,
            "eps_4q": 1.88,
            "eps_4q_growth_year": -6.25,
            "roe": 2.8,
            "roe_4q": 13.46,
            "gross_profit": 271111,
            "gross_margin": 25.41,
            "gross_margin_4q_avg": 26.6,
            "net_income": 52400,
            "net_income_4q": null,
            "revenue": 1066783,
            "revenue_4q": null,
            "common_shares": 1112193,
            "book_valuer_per_share": 16.79,
            "book_valuer_per_share_4q_avg": 16.28,
            "equity": 1869166,
            "current_ratio": 146.89,
            "debt_ratio": 52.24,
            "inventory_turnover_ratio": 1.2,
            "account_receivable_turnover_ratio": 1.3,
            "reinvestment_rate": 132.01,
            "research_to_sale_ratio": 6.24,
            "price_fair": 80.24,
            "eps_avg_yearly": 2.29,
            "eps_latest_yearly": 1.88,
            "eps_growth_yearly": 159.31
        },
        "20133": {
            "year_quarter": 20133,
            "year": 2013,
            "quarter": 3,
            "eps": 0.08,
            "eps_growth_year": -79.41,
            "eps_4q": 1.62,
            "eps_4q_growth_year": -11.28,
            "roe": 0.57,
            "roe_4q": 11.479999999999999,
            "gross_profit": 238282,
            "gross_margin": 24.49,
            "gross_margin_4q_avg": 25.95,
            "net_income": 10781,
            "net_income_4q": null,
            "revenue": 972890,
            "revenue_4q": null,
            "common_shares": 1280079,
            "book_valuer_per_share": 14.69,
            "book_valuer_per_share_4q_avg": 16.11,
            "equity": 1881326,
            "current_ratio": 142.55,
            "debt_ratio": 51.07,
            "inventory_turnover_ratio": 1.13,
            "account_receivable_turnover_ratio": 1.24,
            "reinvestment_rate": 133.16,
            "research_to_sale_ratio": 7.12,
            "price_fair": 79.36,
            "eps_avg_yearly": 2.27,
            "eps_latest_yearly": 0.32,
            "eps_growth_yearly": 88.57
        },
        "20134": {
            "year_quarter": 20134,
            "year": 2013,
            "quarter": 4,
            "eps": 0.41,
            "eps_growth_year": -46.03,
            "eps_4q": 1.38,
            "eps_4q_growth_year": -33.61,
            "roe": 2.73,
            "roe_4q": 9.44,
            "gross_profit": 282987,
            "gross_margin": 24.8,
            "gross_margin_4q_avg": 25.46,
            "net_income": 52087,
            "net_income_4q": null,
            "revenue": 1141162,
            "revenue_4q": null,
            "common_shares": 1280329,
            "book_valuer_per_share": 15.13,
            "book_valuer_per_share_4q_avg": 15.86,
            "equity": 1941058,
            "current_ratio": 141.08,
            "debt_ratio": 50.76,
            "inventory_turnover_ratio": 1.38,
            "account_receivable_turnover_ratio": 1.41,
            "reinvestment_rate": 125.99,
            "research_to_sale_ratio": 6.57,
            "price_fair": 78.05,
            "eps_avg_yearly": 2.23,
            "eps_latest_yearly": 1.64,
            "eps_growth_yearly": 138.91
        },
        "20141": {
            "year_quarter": 20141,
            "year": 2014,
            "quarter": 1,
            "eps": 0.55,
            "eps_growth_year": 0,
            "eps_4q": 1.44,
            "eps_4q_growth_year": -38.56,
            "roe": 3.54,
            "roe_4q": 9.64,
            "gross_profit": 304489,
            "gross_margin": 25.3,
            "gross_margin_4q_avg": 25,
            "net_income": 70170,
            "net_income_4q": null,
            "revenue": 1203586,
            "revenue_4q": null,
            "common_shares": 1283259,
            "book_valuer_per_share": 15.71,
            "book_valuer_per_share_4q_avg": 15.58,
            "equity": 2021680,
            "current_ratio": 141.14,
            "debt_ratio": 49.87,
            "inventory_turnover_ratio": 1.4,
            "account_receivable_turnover_ratio": 1.4,
            "reinvestment_rate": 119.92,
            "research_to_sale_ratio": 5.91,
            "price_fair": 80.76,
            "eps_avg_yearly": 2.31,
            "eps_latest_yearly": 2.2,
            "eps_growth_yearly": 161.74
        },
        "20142": {
            "year_quarter": 20142,
            "year": 2014,
            "quarter": 2,
            "eps": 0.74,
            "eps_growth_year": 57.45,
            "eps_4q": 1.66,
            "eps_4q_growth_year": -11.68,
            "roe": 4.66,
            "roe_4q": 11.5,
            "gross_profit": 353610,
            "gross_margin": 26.67,
            "gross_margin_4q_avg": 25.32,
            "net_income": 95045,
            "net_income_4q": null,
            "revenue": 1325829,
            "revenue_4q": null,
            "common_shares": 1287168,
            "book_valuer_per_share": 15.88,
            "book_valuer_per_share_4q_avg": 15.35,
            "equity": 2061330,
            "current_ratio": 146.12,
            "debt_ratio": 52.38,
            "inventory_turnover_ratio": 1.21,
            "account_receivable_turnover_ratio": 1.51,
            "reinvestment_rate": 114.35,
            "research_to_sale_ratio": 5.95,
            "price_fair": 82.78,
            "eps_avg_yearly": 2.37,
            "eps_latest_yearly": 2.96,
            "eps_growth_yearly": 142.25
        },
        "20143": {
            "year_quarter": 20143,
            "year": 2014,
            "quarter": 3,
            "eps": 1.93,
            "eps_growth_year": 2312.5,
            "eps_4q": 3.49,
            "eps_4q_growth_year": 114.73,
            "roe": 12.01,
            "roe_4q": 22.94,
            "gross_profit": 367385,
            "gross_margin": 26,
            "gross_margin_4q_avg": 25.69,
            "net_income": 264278,
            "net_income_4q": null,
            "revenue": 1412966,
            "revenue_4q": null,
            "common_shares": 1368925,
            "book_valuer_per_share": 16.94,
            "book_valuer_per_share_4q_avg": 15.92,
            "equity": 2337966,
            "current_ratio": 159.79,
            "debt_ratio": 46.62,
            "inventory_turnover_ratio": 1.11,
            "account_receivable_turnover_ratio": 1.47,
            "reinvestment_rate": 97.34,
            "research_to_sale_ratio": 5.82,
            "price_fair": 91.61,
            "eps_avg_yearly": 2.62,
            "eps_latest_yearly": 7.72,
            "eps_growth_yearly": 162.35
        },
        "20144": {
            "year_quarter": 20144,
            "year": 2014,
            "quarter": 4,
            "eps": 0.42,
            "eps_growth_year": 2.32,
            "eps_4q": 3.5,
            "eps_4q_growth_year": 154.68,
            "roe": 2.42,
            "roe_4q": 22.63,
            "gross_profit": 344250,
            "gross_margin": 23.85,
            "gross_margin_4q_avg": 25.46,
            "net_income": 57757,
            "net_income_4q": null,
            "revenue": 1443244,
            "revenue_4q": null,
            "common_shares": 1380455,
            "book_valuer_per_share": 17.42,
            "book_valuer_per_share_4q_avg": 16.49,
            "equity": 2432964,
            "current_ratio": 157.67,
            "debt_ratio": 47.26,
            "inventory_turnover_ratio": 1.15,
            "account_receivable_turnover_ratio": 1.41,
            "reinvestment_rate": 87.34,
            "research_to_sale_ratio": 7.59,
            "price_fair": 91.44,
            "eps_avg_yearly": 2.61,
            "eps_latest_yearly": 1.68,
            "eps_growth_yearly": 155.84
        },
        "20151": {
            "year_quarter": 20151,
            "year": 2015,
            "quarter": 1,
            "eps": 0.02,
            "eps_growth_year": -96.36,
            "eps_4q": 2.98,
            "eps_4q_growth_year": 106.92,
            "roe": 0.09,
            "roe_4q": 19.18,
            "gross_profit": 309464,
            "gross_margin": 23.82,
            "gross_margin_4q_avg": 25.09,
            "net_income": 2122,
            "net_income_4q": null,
            "revenue": 1298918,
            "revenue_4q": null,
            "common_shares": 1390465,
            "book_valuer_per_share": 17.44,
            "book_valuer_per_share_4q_avg": 16.92,
            "equity": 2449305,
            "current_ratio": 155.72,
            "debt_ratio": 46.79,
            "inventory_turnover_ratio": 1.01,
            "account_receivable_turnover_ratio": 1.33,
            "reinvestment_rate": 104.08,
            "research_to_sale_ratio": 7.22,
            "price_fair": 84.53,
            "eps_avg_yearly": 2.42,
            "eps_latest_yearly": 0.08,
            "eps_growth_yearly": 111
        },
        "20152": {
            "year_quarter": 20152,
            "year": 2015,
            "quarter": 2,
            "eps": 0.31,
            "eps_growth_year": -58.11,
            "eps_4q": 2.62,
            "eps_4q_growth_year": 58.06,
            "roe": 1.82,
            "roe_4q": 16.34,
            "gross_profit": 367851,
            "gross_margin": 26.78,
            "gross_margin_4q_avg": 25.11,
            "net_income": 42521,
            "net_income_4q": null,
            "revenue": 1373580,
            "revenue_4q": null,
            "common_shares": 1398215,
            "book_valuer_per_share": 15.74,
            "book_valuer_per_share_4q_avg": 16.89,
            "equity": 2211055,
            "current_ratio": 135.87,
            "debt_ratio": 51.67,
            "inventory_turnover_ratio": 0.98,
            "account_receivable_turnover_ratio": 1.46,
            "reinvestment_rate": 104.62,
            "research_to_sale_ratio": 7.2,
            "price_fair": 77.35,
            "eps_avg_yearly": 2.21,
            "eps_latest_yearly": 1.24,
            "eps_growth_yearly": 463.63
        },
        "20153": {
            "year_quarter": 20153,
            "year": 2015,
            "quarter": 3,
            "eps": 0.51,
            "eps_growth_year": -73.58,
            "eps_4q": 1.24,
            "eps_4q_growth_year": -64.45,
            "roe": 3.19,
            "roe_4q": 7.52,
            "gross_profit": 320425,
            "gross_margin": 24.98,
            "gross_margin_4q_avg": 24.86,
            "net_income": 71903,
            "net_income_4q": null,
            "revenue": 1282861,
            "revenue_4q": null,
            "common_shares": 1398525,
            "book_valuer_per_share": 16.34,
            "book_valuer_per_share_4q_avg": 16.74,
            "equity": 2297270,
            "current_ratio": 144.42,
            "debt_ratio": 48.05,
            "inventory_turnover_ratio": 0.94,
            "account_receivable_turnover_ratio": 1.37,
            "reinvestment_rate": 105.53,
            "research_to_sale_ratio": 7.76,
            "price_fair": 76.13,
            "eps_avg_yearly": 2.18,
            "eps_latest_yearly": 2.04,
            "eps_growth_yearly": 490.38
        },
        "20154": {
            "year_quarter": 20154,
            "year": 2015,
            "quarter": 4,
            "eps": 0.56,
            "eps_growth_year": 35.79,
            "eps_4q": 1.4,
            "eps_4q_growth_year": -60.17,
            "roe": 3.33,
            "roe_4q": 8.43,
            "gross_profit": 414712,
            "gross_margin": 26.7,
            "gross_margin_4q_avg": 25.57,
            "net_income": 77878,
            "net_income_4q": null,
            "revenue": 1553071,
            "revenue_4q": null,
            "common_shares": 1401255,
            "book_valuer_per_share": 16.92,
            "book_valuer_per_share_4q_avg": 16.61,
            "equity": 2377364,
            "current_ratio": 144.2,
            "debt_ratio": 48.41,
            "inventory_turnover_ratio": 1.12,
            "account_receivable_turnover_ratio": 1.54,
            "reinvestment_rate": 106.65,
            "research_to_sale_ratio": 6.01,
            "price_fair": 75.86,
            "eps_avg_yearly": 2.17,
            "eps_latest_yearly": 2.24,
            "eps_growth_yearly": 495.14
        },
        "20161": {
            "year_quarter": 20161,
            "year": 2016,
            "quarter": 1,
            "eps": 0.31,
            "eps_growth_year": 1450,
            "eps_4q": 1.69,
            "eps_4q_growth_year": -43.46,
            "roe": 1.74,
            "roe_4q": 10.08,
            "gross_profit": 337435,
            "gross_margin": 26.49,
            "gross_margin_4q_avg": 26.24,
            "net_income": 41656,
            "net_income_4q": null,
            "revenue": 1273637,
            "revenue_4q": null,
            "common_shares": 1402625,
            "book_valuer_per_share": 17.22,
            "book_valuer_per_share_4q_avg": 16.56,
            "equity": 2419419,
            "current_ratio": 146.06,
            "debt_ratio": 47.3,
            "inventory_turnover_ratio": 0.9,
            "account_receivable_turnover_ratio": 1.29,
            "reinvestment_rate": 102.67,
            "research_to_sale_ratio": 7.62,
            "price_fair": 75.78,
            "eps_avg_yearly": 2.17,
            "eps_latest_yearly": 1.24,
            "eps_growth_yearly": 495.42
        },
        "20162": {
            "year_quarter": 20162,
            "year": 2016,
            "quarter": 2,
            "eps": 0.41,
            "eps_growth_year": 32.26,
            "eps_4q": 1.79,
            "eps_4q_growth_year": -31.58,
            "roe": 2.39,
            "roe_4q": 10.65,
            "gross_profit": 367081,
            "gross_margin": 26.12,
            "gross_margin_4q_avg": 26.07,
            "net_income": 56380,
            "net_income_4q": null,
            "revenue": 1405207,
            "revenue_4q": null,
            "common_shares": 1403285,
            "book_valuer_per_share": 16.41,
            "book_valuer_per_share_4q_avg": 16.72,
            "equity": 2306029,
            "current_ratio": 135.72,
            "debt_ratio": 50.13,
            "inventory_turnover_ratio": 0.97,
            "account_receivable_turnover_ratio": 1.5,
            "reinvestment_rate": 99.35,
            "research_to_sale_ratio": 7.13,
            "price_fair": 73.59,
            "eps_avg_yearly": 2.1,
            "eps_latest_yearly": 1.64,
            "eps_growth_yearly": 476.92
        },
        "20163": {
            "year_quarter": 20163,
            "year": 2016,
            "quarter": 3,
            "eps": 0.25,
            "eps_growth_year": -50.98,
            "eps_4q": 1.53,
            "eps_4q_growth_year": 23.2,
            "roe": 1.49,
            "roe_4q": 8.95,
            "gross_profit": 381994,
            "gross_margin": 24.09,
            "gross_margin_4q_avg": 25.85,
            "net_income": 34733,
            "net_income_4q": null,
            "revenue": 1585601,
            "revenue_4q": null,
            "common_shares": 1404505,
            "book_valuer_per_share": 16.64,
            "book_valuer_per_share_4q_avg": 16.8,
            "equity": 2342583,
            "current_ratio": 131.09,
            "debt_ratio": 53.08,
            "inventory_turnover_ratio": 1.02,
            "account_receivable_turnover_ratio": 1.49,
            "reinvestment_rate": 101.42,
            "research_to_sale_ratio": 6.43,
            "price_fair": 72.36,
            "eps_avg_yearly": 2.07,
            "eps_latest_yearly": 1,
            "eps_growth_yearly": 477.39
        },
        "20164": {
            "year_quarter": 20164,
            "year": 2016,
            "quarter": 4,
            "eps": 0.64,
            "eps_growth_year": 13.73,
            "eps_4q": 1.61,
            "eps_4q_growth_year": 15.16,
            "roe": 3.78,
            "roe_4q": 9.4,
            "gross_profit": 467090,
            "gross_margin": 25.37,
            "gross_margin_4q_avg": 25.52,
            "net_income": 90339,
            "net_income_4q": null,
            "revenue": 1841165,
            "revenue_4q": null,
            "common_shares": 1407715,
            "book_valuer_per_share": 17.27,
            "book_valuer_per_share_4q_avg": 16.89,
            "equity": 2431780,
            "current_ratio": 132.97,
            "debt_ratio": 53.56,
            "inventory_turnover_ratio": 1.05,
            "account_receivable_turnover_ratio": 1.43,
            "reinvestment_rate": 99.12,
            "research_to_sale_ratio": 6.46,
            "price_fair": 71.4,
            "eps_avg_yearly": 2.04,
            "eps_latest_yearly": 2.56,
            "eps_growth_yearly": 493.31
        },
        "20171": {
            "year_quarter": 20171,
            "year": 2017,
            "quarter": 1,
            "eps": -0.31,
            "eps_growth_year": -200,
            "eps_4q": 1,
            "eps_4q_growth_year": -40.95,
            "roe": -1.79,
            "roe_4q": 5.869999999999999,
            "gross_profit": 324330,
            "gross_margin": 22.59,
            "gross_margin_4q_avg": 24.54,
            "net_income": -43142,
            "net_income_4q": null,
            "revenue": 1435899,
            "revenue_4q": null,
            "common_shares": 1408465,
            "book_valuer_per_share": 16.9,
            "book_valuer_per_share_4q_avg": 16.81,
            "equity": 2385294,
            "current_ratio": 130.92,
            "debt_ratio": 53.25,
            "inventory_turnover_ratio": 0.82,
            "account_receivable_turnover_ratio": 1.13,
            "reinvestment_rate": 126.8,
            "research_to_sale_ratio": 7.71,
            "price_fair": 71.03,
            "eps_avg_yearly": 2.03,
            "eps_latest_yearly": 2.56,
            "eps_growth_yearly": 533.31
        },
        "20172": {
            "year_quarter": 20172,
            "year": 2017,
            "quarter": 2,
            "eps": 0.62,
            "eps_growth_year": 51.22,
            "eps_4q": 1.21,
            "eps_4q_growth_year": -32.7,
            "roe": 3.75,
            "roe_4q": 7.23,
            "gross_profit": 341949,
            "gross_margin": 22.46,
            "gross_margin_4q_avg": 23.63,
            "net_income": 87260,
            "net_income_4q": null,
            "revenue": 1522153,
            "revenue_4q": null,
            "common_shares": 1409195,
            "book_valuer_per_share": 16.03,
            "book_valuer_per_share_4q_avg": 16.71,
            "equity": 2273016,
            "current_ratio": 122.65,
            "debt_ratio": 56.98,
            "inventory_turnover_ratio": 0.84,
            "account_receivable_turnover_ratio": 1.29,
            "reinvestment_rate": -7.52,
            "research_to_sale_ratio": 7.86,
            "price_fair": 71.4,
            "eps_avg_yearly": 2.04,
            "eps_latest_yearly": 2.56,
            "eps_growth_yearly": 575.56
        },
        "20173": {
            "year_quarter": 20173,
            "year": 2017,
            "quarter": 3,
            "eps": 0.35,
            "eps_growth_year": 40,
            "eps_4q": 1.3,
            "eps_4q_growth_year": -14.75,
            "roe": 2.17,
            "roe_4q": 7.91,
            "gross_profit": 379570,
            "gross_margin": 22.38,
            "gross_margin_4q_avg": 23.2,
            "net_income": 49986,
            "net_income_4q": null,
            "revenue": 1696140,
            "revenue_4q": null,
            "common_shares": 1410085,
            "book_valuer_per_share": 16.39,
            "book_valuer_per_share_4q_avg": 16.65,
            "equity": 2329362,
            "current_ratio": 122.72,
            "debt_ratio": 57.42,
            "inventory_turnover_ratio": 0.86,
            "account_receivable_turnover_ratio": 1.27,
            "reinvestment_rate": -8.4,
            "research_to_sale_ratio": 8.2,
            "price_fair": 74.1,
            "eps_avg_yearly": 2.12,
            "eps_latest_yearly": 1.4,
            "eps_growth_yearly": 586.83
        },
        "20174": {
            "year_quarter": 20174,
            "year": 2017,
            "quarter": 4,
            "eps": 0.32,
            "eps_growth_year": -49.44,
            "eps_4q": 0.99,
            "eps_4q_growth_year": -38.57,
            "roe": 1.98,
            "roe_4q": 6.11,
            "gross_profit": 413650,
            "gross_margin": 24.19,
            "gross_margin_4q_avg": 22.91,
            "net_income": 46583,
            "net_income_4q": null,
            "revenue": 1710035,
            "revenue_4q": null,
            "common_shares": 1412265,
            "book_valuer_per_share": 16.7,
            "book_valuer_per_share_4q_avg": 16.51,
            "equity": 2381389,
            "current_ratio": 124.34,
            "debt_ratio": 56.18,
            "inventory_turnover_ratio": 0.79,
            "account_receivable_turnover_ratio": 1.26,
            "reinvestment_rate": -11.01,
            "research_to_sale_ratio": 8.06,
            "price_fair": 73.2,
            "eps_avg_yearly": 2.09,
            "eps_latest_yearly": 1.28,
            "eps_growth_yearly": 466.52
        },
        "20181": {
            "year_quarter": 20181,
            "year": 2018,
            "quarter": 1,
            "eps": 0.13,
            "eps_growth_year": null,
            "eps_4q": 1.42,
            "eps_4q_growth_year": 43.07,
            "roe": 0.68,
            "roe_4q": 8.58,
            "gross_profit": 278855,
            "gross_margin": 19.34,
            "gross_margin_4q_avg": 22.09,
            "net_income": 16316,
            "net_income_4q": null,
            "revenue": 1441586,
            "revenue_4q": null,
            "common_shares": 1412265,
            "book_valuer_per_share": 17.07,
            "book_valuer_per_share_4q_avg": 16.55,
            "equity": 2451853,
            "current_ratio": 124.42,
            "debt_ratio": 53.99,
            "inventory_turnover_ratio": 0.73,
            "account_receivable_turnover_ratio": 1.18,
            "reinvestment_rate": -17.24,
            "research_to_sale_ratio": 8.03,
            "price_fair": 69,
            "eps_avg_yearly": 1.97,
            "eps_latest_yearly": 0.52,
            "eps_growth_yearly": 439.8
        },
        "20182": {
            "year_quarter": 20182,
            "year": 2018,
            "quarter": 2,
            "eps": 0.31,
            "eps_growth_year": -50,
            "eps_4q": 1.11,
            "eps_4q_growth_year": -7.75,
            "roe": 1.72,
            "roe_4q": 6.55,
            "gross_profit": 316579,
            "gross_margin": 21.33,
            "gross_margin_4q_avg": 21.81,
            "net_income": 41568,
            "net_income_4q": null,
            "revenue": 1484249,
            "revenue_4q": null,
            "common_shares": 1412265,
            "book_valuer_per_share": 16.62,
            "book_valuer_per_share_4q_avg": 16.7,
            "equity": 2385254,
            "current_ratio": 118.19,
            "debt_ratio": 55.16,
            "inventory_turnover_ratio": 0.77,
            "account_receivable_turnover_ratio": 1.3,
            "reinvestment_rate": -12.05,
            "research_to_sale_ratio": 8.56,
            "price_fair": 64.7,
            "eps_avg_yearly": 1.85,
            "eps_latest_yearly": 1.24,
            "eps_growth_yearly": 469.49
        },
        "20183": {
            "year_quarter": 20183,
            "year": 2018,
            "quarter": 3,
            "eps": 0.22,
            "eps_growth_year": -37.14,
            "eps_4q": 0.99,
            "eps_4q_growth_year": -23.85,
            "roe": 1.25,
            "roe_4q": 5.63,
            "gross_profit": 395526,
            "gross_margin": 23.17,
            "gross_margin_4q_avg": 22.01,
            "net_income": 30043,
            "net_income_4q": null,
            "revenue": 1707123,
            "revenue_4q": null,
            "common_shares": 1412265,
            "book_valuer_per_share": 16.78,
            "book_valuer_per_share_4q_avg": 16.79,
            "equity": 2425572,
            "current_ratio": 113.03,
            "debt_ratio": 59.79,
            "inventory_turnover_ratio": 0.79,
            "account_receivable_turnover_ratio": 1.29,
            "reinvestment_rate": -9.84,
            "research_to_sale_ratio": 8.15,
            "price_fair": 47.6,
            "eps_avg_yearly": 1.36,
            "eps_latest_yearly": 0.88,
            "eps_growth_yearly": 415.25
        },
        "20184": {
            "year_quarter": 20184,
            "year": 2018,
            "quarter": 4,
            "eps": 0.54,
            "eps_growth_year": 65.76,
            "eps_4q": 1.21,
            "eps_4q_growth_year": 22.09,
            "roe": 2.87,
            "roe_4q": 6.52,
            "gross_profit": 453208,
            "gross_margin": 22.61,
            "gross_margin_4q_avg": 21.61,
            "net_income": 70894,
            "net_income_4q": null,
            "revenue": 2004681,
            "revenue_4q": null,
            "common_shares": 1412265,
            "book_valuer_per_share": 17.33,
            "book_valuer_per_share_4q_avg": 16.95,
            "equity": 2506632,
            "current_ratio": 112.67,
            "debt_ratio": 60.6,
            "inventory_turnover_ratio": 0.82,
            "account_receivable_turnover_ratio": 1.26,
            "reinvestment_rate": 2.14,
            "research_to_sale_ratio": 6.97,
            "price_fair": 48.8,
            "eps_avg_yearly": 1.39,
            "eps_latest_yearly": 2.16,
            "eps_growth_yearly": 479.16
        },
        "20191": {
            "year_quarter": 20191,
            "year": 2019,
            "quarter": 1,
            "eps": 0.34,
            "eps_growth_year": 161.54,
            "eps_4q": 1.41,
            "eps_4q_growth_year": -0.74,
            "roe": 1.53,
            "roe_4q": 7.37,
            "gross_profit": 383163,
            "gross_margin": 24.47,
            "gross_margin_4q_avg": 22.9,
            "net_income": 39105,
            "net_income_4q": null,
            "revenue": 1566135,
            "revenue_4q": null,
            "common_shares": 1412265,
            "book_valuer_per_share": 17.75,
            "book_valuer_per_share_4q_avg": 17.12,
            "equity": 2619980,
            "current_ratio": 116.29,
            "debt_ratio": 60.52,
            "inventory_turnover_ratio": 0.6,
            "account_receivable_turnover_ratio": 1.06,
            "reinvestment_rate": 2.41,
            "research_to_sale_ratio": 7.95,
            "price_fair": 52,
            "eps_avg_yearly": 1.49,
            "eps_latest_yearly": 1.36,
            "eps_growth_yearly": 495.79
        },
        "20192": {
            "year_quarter": 20192,
            "year": 2019,
            "quarter": 2,
            "eps": 0.5,
            "eps_growth_year": 61.29,
            "eps_4q": 1.6,
            "eps_4q_growth_year": 44.13,
            "roe": 2.39,
            "roe_4q": 8.04,
            "gross_profit": 435431,
            "gross_margin": 23.59,
            "gross_margin_4q_avg": 23.46,
            "net_income": 62341,
            "net_income_4q": null,
            "revenue": 1845822,
            "revenue_4q": null,
            "common_shares": 1412265,
            "book_valuer_per_share": 17.61,
            "book_valuer_per_share_4q_avg": 17.37,
            "equity": 2597781,
            "current_ratio": 111.93,
            "debt_ratio": 61.48,
            "inventory_turnover_ratio": 0.74,
            "account_receivable_turnover_ratio": 1.32,
            "reinvestment_rate": 9.53,
            "research_to_sale_ratio": 7.46,
            "price_fair": 53.9,
            "eps_avg_yearly": 1.54,
            "eps_latest_yearly": 2,
            "eps_growth_yearly": 94.95
        },
        "20193": {
            "year_quarter": 20193,
            "year": 2019,
            "quarter": 3,
            "eps": 0.31,
            "eps_growth_year": 40.91,
            "eps_4q": 1.69,
            "eps_4q_growth_year": 70.08,
            "roe": 1.65,
            "roe_4q": 8.440000000000001,
            "gross_profit": 441771,
            "gross_margin": 25.9,
            "gross_margin_4q_avg": 24.14,
            "net_income": 43350,
            "net_income_4q": null,
            "revenue": 1705388,
            "revenue_4q": null,
            "common_shares": 1412265,
            "book_valuer_per_share": 17.94,
            "book_valuer_per_share_4q_avg": 17.66,
            "equity": 2642307,
            "current_ratio": 109.74,
            "debt_ratio": 61.12,
            "inventory_turnover_ratio": 0.64,
            "account_receivable_turnover_ratio": 1.17,
            "reinvestment_rate": 8.65,
            "research_to_sale_ratio": 7.91,
            "price_fair": 51.9,
            "eps_avg_yearly": 1.48,
            "eps_latest_yearly": 1.24,
            "eps_growth_yearly": 65.66
        },
        "20194": {
            "year_quarter": 20194,
            "year": 2019,
            "quarter": 4,
            "eps": 0.46,
            "eps_growth_year": -14.24,
            "eps_4q": 1.61,
            "eps_4q_growth_year": 33.63,
            "roe": 2.54,
            "roe_4q": 8.11,
            "gross_profit": 538644,
            "gross_margin": 25.7,
            "gross_margin_4q_avg": 24.92,
            "net_income": 68177,
            "net_income_4q": null,
            "revenue": 2096063,
            "revenue_4q": null,
            "common_shares": 1412265,
            "book_valuer_per_share": 18.28,
            "book_valuer_per_share_4q_avg": 17.9,
            "equity": 2733206,
            "current_ratio": 112.39,
            "debt_ratio": 60.62,
            "inventory_turnover_ratio": 0.78,
            "account_receivable_turnover_ratio": 1.35,
            "reinvestment_rate": -1.7,
            "research_to_sale_ratio": 6.75,
            "price_fair": 50.9,
            "eps_avg_yearly": 1.45,
            "eps_latest_yearly": 1.84,
            "eps_growth_yearly": 76.68
        },
        "20201": {
            "year_quarter": 20201,
            "year": 2020,
            "quarter": 1,
            "eps": 0.12,
            "eps_growth_year": -64.71,
            "eps_4q": 1.39,
            "eps_4q_growth_year": -1.37,
            "roe": 0.46,
            "roe_4q": 7.040000000000001,
            "gross_profit": 357117,
            "gross_margin": 23.24,
            "gross_margin_4q_avg": 24.61,
            "net_income": 12565,
            "net_income_4q": null,
            "revenue": 1536661,
            "revenue_4q": null,
            "common_shares": 1412265,
            "book_valuer_per_share": 18.36,
            "book_valuer_per_share_4q_avg": 18.05,
            "equity": 2743666,
            "current_ratio": 114.9,
            "debt_ratio": 58.38,
            "inventory_turnover_ratio": 0.64,
            "account_receivable_turnover_ratio": 1.01,
            "reinvestment_rate": -3.88,
            "research_to_sale_ratio": 8.68,
            "price_fair": 49,
            "eps_avg_yearly": 1.4,
            "eps_latest_yearly": 0.48,
            "eps_growth_yearly": 68.32
        },
        "20202": {
            "year_quarter": 20202,
            "year": 2020,
            "quarter": 2,
            "eps": 0.24,
            "eps_growth_year": -52,
            "eps_4q": 1.13,
            "eps_4q_growth_year": -29.34,
            "roe": 1.65,
            "roe_4q": 6.300000000000001,
            "gross_profit": 399691,
            "gross_margin": 24.04,
            "gross_margin_4q_avg": 24.72,
            "net_income": 44852,
            "net_income_4q": null,
            "revenue": 1662393,
            "revenue_4q": null,
            "common_shares": 1412265,
            "book_valuer_per_share": 17.81,
            "book_valuer_per_share_4q_avg": 18.1,
            "equity": 2679008,
            "current_ratio": 113.41,
            "debt_ratio": 59.2,
            "inventory_turnover_ratio": 0.69,
            "account_receivable_turnover_ratio": 1.18,
            "reinvestment_rate": -5.13,
            "research_to_sale_ratio": 7.44,
            "price_fair": 47.3,
            "eps_avg_yearly": 1.35,
            "eps_latest_yearly": 0.96,
            "eps_growth_yearly": 87.67
        },
        "20203": {
            "year_quarter": 20203,
            "year": 2020,
            "quarter": 3,
            "eps": 0.28,
            "eps_growth_year": -9.68,
            "eps_4q": 1.11,
            "eps_4q_growth_year": -34.46,
            "roe": 1.59,
            "roe_4q": 6.24,
            "gross_profit": 413440,
            "gross_margin": 24.86,
            "gross_margin_4q_avg": 24.46,
            "net_income": 42819,
            "net_income_4q": null,
            "revenue": 1663122,
            "revenue_4q": null,
            "common_shares": 1412265,
            "book_valuer_per_share": 18.09,
            "book_valuer_per_share_4q_avg": 18.14,
            "equity": 2723538,
            "current_ratio": 115.79,
            "debt_ratio": 58.68,
            "inventory_turnover_ratio": 0.7,
            "account_receivable_turnover_ratio": 1.17,
            "reinvestment_rate": -3.98,
            "research_to_sale_ratio": 7.74,
            "price_fair": 47.6,
            "eps_avg_yearly": 1.36,
            "eps_latest_yearly": 1.12,
            "eps_growth_yearly": 103.59
        },
        "20204": {
            "year_quarter": 20204,
            "year": 2020,
            "quarter": 4,
            "eps": 0.42,
            "eps_growth_year": -9.39,
            "eps_4q": 1.06,
            "eps_4q_growth_year": -34.03,
            "roe": 3.08,
            "roe_4q": 6.78,
            "gross_profit": 450415,
            "gross_margin": 24.48,
            "gross_margin_4q_avg": 24.16,
            "net_income": 85308,
            "net_income_4q": null,
            "revenue": 1839718,
            "revenue_4q": null,
            "common_shares": 1412265,
            "book_valuer_per_share": 18.53,
            "book_valuer_per_share_4q_avg": 18.2,
            "equity": 2812347,
            "current_ratio": 118.66,
            "debt_ratio": 56.72,
            "inventory_turnover_ratio": 0.88,
            "account_receivable_turnover_ratio": 1.23,
            "reinvestment_rate": -1.74,
            "research_to_sale_ratio": 7.95,
            "price_fair": 45.4,
            "eps_avg_yearly": 1.3,
            "eps_latest_yearly": 1.68,
            "eps_growth_yearly": 73.3
        },
        "20211": {
            "year_quarter": 20211,
            "year": 2021,
            "quarter": 1,
            "eps": -0.24,
            "eps_growth_year": -300,
            "eps_4q": 0.7,
            "eps_4q_growth_year": -49.96,
            "roe": -1.28,
            "roe_4q": 5.04,
            "gross_profit": 291229,
            "gross_margin": 21.84,
            "gross_margin_4q_avg": 23.81,
            "net_income": -35756,
            "net_income_4q": null,
            "revenue": 1333227,
            "revenue_4q": null,
            "common_shares": 1412265,
            "book_valuer_per_share": 18.21,
            "book_valuer_per_share_4q_avg": 18.16,
            "equity": 2764950,
            "current_ratio": 117.85,
            "debt_ratio": 55.97,
            "inventory_turnover_ratio": 0.68,
            "account_receivable_turnover_ratio": 0.89,
            "reinvestment_rate": -2.79,
            "research_to_sale_ratio": 11.07,
            "price_fair": 45.4,
            "eps_avg_yearly": 1.3,
            "eps_latest_yearly": 1.68,
            "eps_growth_yearly": 73.3
        },
        "20212": {
            "year_quarter": 20212,
            "year": 2021,
            "quarter": 2,
            "eps": 0.09,
            "eps_growth_year": -62.5,
            "eps_4q": 0.54,
            "eps_4q_growth_year": -52.36,
            "roe": 0.86,
            "roe_4q": 4.25,
            "gross_profit": 340933,
            "gross_margin": 22.36,
            "gross_margin_4q_avg": 23.39,
            "net_income": 23754,
            "net_income_4q": null,
            "revenue": 1524593,
            "revenue_4q": null,
            "common_shares": 1412265,
            "book_valuer_per_share": 18.25,
            "book_valuer_per_share_4q_avg": 18.27,
            "equity": 2775786,
            "current_ratio": 114.8,
            "debt_ratio": 61.62,
            "inventory_turnover_ratio": 0.64,
            "account_receivable_turnover_ratio": 1.16,
            "reinvestment_rate": 1.36,
            "research_to_sale_ratio": 8.79,
            "price_fair": 45.4,
            "eps_avg_yearly": 1.3,
            "eps_latest_yearly": 1.68,
            "eps_growth_yearly": 73.3
        },
        "20213": {
            "year_quarter": 20213,
            "year": 2021,
            "quarter": 3,
            "eps": 0.56,
            "eps_growth_year": 100,
            "eps_4q": 0.82,
            "eps_4q_growth_year": -25.84,
            "roe": 3.43,
            "roe_4q": 6.09,
            "gross_profit": 446520,
            "gross_margin": 24.55,
            "gross_margin_4q_avg": 23.31,
            "net_income": 94342,
            "net_income_4q": null,
            "revenue": 1818737,
            "revenue_4q": null,
            "common_shares": 1412265,
            "book_valuer_per_share": 17.97,
            "book_valuer_per_share_4q_avg": 18.24,
            "equity": 2731460,
            "current_ratio": 113.34,
            "debt_ratio": 63.65,
            "inventory_turnover_ratio": 0.59,
            "account_receivable_turnover_ratio": 1.29,
            "reinvestment_rate": 2.58,
            "research_to_sale_ratio": 7.84,
            "price_fair": 47.5,
            "eps_avg_yearly": 1.36,
            "eps_latest_yearly": 2.24,
            "eps_growth_yearly": 234.95
        },
        "20214": {
            "year_quarter": 20214,
            "year": 2021,
            "quarter": 4,
            "eps": 0.6,
            "eps_growth_year": 43.65,
            "eps_4q": 1,
            "eps_4q_growth_year": -5.65,
            "roe": 3.49,
            "roe_4q": 6.5,
            "gross_profit": 486031,
            "gross_margin": 23.1,
            "gross_margin_4q_avg": 22.96,
            "net_income": 97081,
            "net_income_4q": null,
            "revenue": 2104023,
            "revenue_4q": null,
            "common_shares": 1412265,
            "book_valuer_per_share": 18.63,
            "book_valuer_per_share_4q_avg": 18.27,
            "equity": 2837626,
            "current_ratio": 115.1,
            "debt_ratio": 64.46,
            "inventory_turnover_ratio": 0.61,
            "account_receivable_turnover_ratio": 1.3,
            "reinvestment_rate": 1.88,
            "research_to_sale_ratio": 8.04,
            "price_fair": 50.3,
            "eps_avg_yearly": 1.44,
            "eps_latest_yearly": 2.4,
            "eps_growth_yearly": 239.44
        },
        "20221": {
            "year_quarter": 20221,
            "year": 2022,
            "quarter": 1,
            "eps": 0.66,
            "eps_growth_year": null,
            "eps_4q": 1.9,
            "eps_4q_growth_year": 172.92,
            "roe": 3.34,
            "roe_4q": 11.12,
            "gross_profit": 436817,
            "gross_margin": 25.32,
            "gross_margin_4q_avg": 23.83,
            "net_income": 96806,
            "net_income_4q": null,
            "revenue": 1725262,
            "revenue_4q": null,
            "common_shares": 1412265,
            "book_valuer_per_share": 19.4,
            "book_valuer_per_share_4q_avg": 18.56,
            "equity": 2964278,
            "current_ratio": 118.39,
            "debt_ratio": 63.59,
            "inventory_turnover_ratio": 0.45,
            "account_receivable_turnover_ratio": 1.06,
            "reinvestment_rate": 8.8,
            "research_to_sale_ratio": 8.08,
            "price_fair": 55.6,
            "eps_avg_yearly": 1.59,
            "eps_latest_yearly": 2.64,
            "eps_growth_yearly": 259.26
        },
        "20222": {
            "year_quarter": 20222,
            "year": 2022,
            "quarter": 2,
            "eps": 0.7,
            "eps_growth_year": 677.78,
            "eps_4q": 2.51,
            "eps_4q_growth_year": 365.41,
            "roe": 3.79,
            "roe_4q": 14.05,
            "gross_profit": 479530,
            "gross_margin": 24.1,
            "gross_margin_4q_avg": 24.27,
            "net_income": 111712,
            "net_income_4q": null,
            "revenue": 1989421,
            "revenue_4q": null,
            "common_shares": 1412265,
            "book_valuer_per_share": 19.12,
            "book_valuer_per_share_4q_avg": 18.78,
            "equity": 2931277,
            "current_ratio": 118.72,
            "debt_ratio": 64.56,
            "inventory_turnover_ratio": 0.51,
            "account_receivable_turnover_ratio": 1.24,
            "reinvestment_rate": -1.37,
            "research_to_sale_ratio": 6.94,
            "price_fair": 59.5,
            "eps_avg_yearly": 1.7,
            "eps_latest_yearly": 2.8,
            "eps_growth_yearly": 221.43
        },
        "20223": {
            "year_quarter": 20223,
            "year": 2022,
            "quarter": 3,
            "eps": 4.61,
            "eps_growth_year": 723.21,
            "eps_4q": 6.57,
            "eps_4q_growth_year": 700.94,
            "roe": 20.88,
            "roe_4q": 31.5,
            "gross_profit": 530924,
            "gross_margin": 25.7,
            "gross_margin_4q_avg": 24.56,
            "net_income": 667692,
            "net_income_4q": null,
            "revenue": 2065914,
            "revenue_4q": null,
            "common_shares": 1412265,
            "book_valuer_per_share": 23.84,
            "book_valuer_per_share_4q_avg": 20.25,
            "equity": 3465307,
            "current_ratio": 132.91,
            "debt_ratio": 60.29,
            "inventory_turnover_ratio": 0.59,
            "account_receivable_turnover_ratio": 1.11,
            "reinvestment_rate": -9.37,
            "research_to_sale_ratio": 6.57,
            "price_fair": 103.4,
            "eps_avg_yearly": 2.95,
            "eps_latest_yearly": 18.44,
            "eps_growth_yearly": 389.32
        },
        "20224": {
            "year_quarter": 20224,
            "year": 2022,
            "quarter": 4,
            "eps": 0.42,
            "eps_growth_year": -29.79,
            "eps_4q": 6.39,
            "eps_4q_growth_year": 537.39,
            "roe": 1.55,
            "roe_4q": 29.56,
            "gross_profit": 563411,
            "gross_margin": 26.38,
            "gross_margin_4q_avg": 25.38,
            "net_income": 54265,
            "net_income_4q": null,
            "revenue": 2136100,
            "revenue_4q": null,
            "common_shares": 1412265,
            "book_valuer_per_share": 24.37,
            "book_valuer_per_share_4q_avg": 21.68,
            "equity": 3536447,
            "current_ratio": 133.24,
            "debt_ratio": 60.01,
            "inventory_turnover_ratio": 0.68,
            "account_receivable_turnover_ratio": 1.08,
            "reinvestment_rate": -15.17,
            "research_to_sale_ratio": 6.48,
            "price_fair": 102.2,
            "eps_avg_yearly": 2.92,
            "eps_latest_yearly": 1.68,
            "eps_growth_yearly": 321.79
        },
        "20231": {
            "year_quarter": 20231,
            "year": 2023,
            "quarter": 1,
            "eps": 0.92,
            "eps_growth_year": 39.39,
            "eps_4q": 6.65,
            "eps_4q_growth_year": 249.13,
            "roe": 3.89,
            "roe_4q": 30.11,
            "gross_profit": 511172,
            "gross_margin": 30.72,
            "gross_margin_4q_avg": 26.73,
            "net_income": 140430,
            "net_income_4q": null,
            "revenue": 1663790,
            "revenue_4q": null,
            "common_shares": 1412265,
            "book_valuer_per_share": 25.19,
            "book_valuer_per_share_4q_avg": 23.13,
            "equity": 3678593,
            "current_ratio": 144.76,
            "debt_ratio": 54.64,
            "inventory_turnover_ratio": 0.49,
            "account_receivable_turnover_ratio": 0.96,
            "reinvestment_rate": -14.29,
            "research_to_sale_ratio": 8.32,
            "price_fair": 108,
            "eps_avg_yearly": 3.09,
            "eps_latest_yearly": 3.68,
            "eps_growth_yearly": 366.39
        },
        "20232": {
            "year_quarter": 20232,
            "year": 2023,
            "quarter": 2,
            "eps": 0.09,
            "eps_growth_year": -87.14,
            "eps_4q": 6.04,
            "eps_4q_growth_year": 140.12,
            "roe": 0.68,
            "roe_4q": 27,
            "gross_profit": 391796,
            "gross_margin": 26.86,
            "gross_margin_4q_avg": 27.42,
            "net_income": 23717,
            "net_income_4q": null,
            "revenue": 1458826,
            "revenue_4q": null,
            "common_shares": 1412265,
            "book_valuer_per_share": 22.42,
            "book_valuer_per_share_4q_avg": 23.96,
            "equity": 3286697,
            "current_ratio": 140.96,
            "debt_ratio": 57.19,
            "inventory_turnover_ratio": 0.5,
            "account_receivable_turnover_ratio": 1,
            "reinvestment_rate": -18.71,
            "research_to_sale_ratio": 10.41,
            "price_fair": 103.9,
            "eps_avg_yearly": 2.97,
            "eps_latest_yearly": 0.36,
            "eps_growth_yearly": 327.17
        },
        "20233": {
            "year_quarter": 20233,
            "year": 2023,
            "quarter": 3,
            "eps": 0.6,
            "eps_growth_year": -86.98,
            "eps_4q": 2.03,
            "eps_4q_growth_year": -69.12,
            "roe": 2.72,
            "roe_4q": 8.840000000000002,
            "gross_profit": 407525,
            "gross_margin": 29.1,
            "gross_margin_4q_avg": 28.27,
            "net_income": 91507,
            "net_income_4q": null,
            "revenue": 1400320,
            "revenue_4q": null,
            "common_shares": 1412265,
            "book_valuer_per_share": 23.39,
            "book_valuer_per_share_4q_avg": 23.84,
            "equity": 3429621,
            "current_ratio": 146.87,
            "debt_ratio": 55,
            "inventory_turnover_ratio": 0.5,
            "account_receivable_turnover_ratio": 1.03,
            "reinvestment_rate": -19.12,
            "research_to_sale_ratio": 10.39,
            "price_fair": 106.8,
            "eps_avg_yearly": 3.05,
            "eps_latest_yearly": 2.4,
            "eps_growth_yearly": 499.93
        },
        "20234": {
            "year_quarter": 20234,
            "year": 2023,
            "quarter": 4,
            "eps": -0.34,
            "eps_growth_year": -180.85,
            "eps_4q": 1.27,
            "eps_4q_growth_year": -80.18,
            "roe": -1.93,
            "roe_4q": 5.36,
            "gross_profit": 300188,
            "gross_margin": 24.16,
            "gross_margin_4q_avg": 27.71,
            "net_income": -65223,
            "net_income_4q": null,
            "revenue": 1242573,
            "revenue_4q": null,
            "common_shares": 1412265,
            "book_valuer_per_share": 22.69,
            "book_valuer_per_share_4q_avg": 23.42,
            "equity": 3313832,
            "current_ratio": 147.88,
            "debt_ratio": 52.36,
            "inventory_turnover_ratio": 0.52,
            "account_receivable_turnover_ratio": 1.09,
            "reinvestment_rate": -14.57,
            "research_to_sale_ratio": 12.02,
            "price_fair": 110.06,
            "eps_avg_yearly": 3.14,
            "eps_latest_yearly": 2.4,
            "eps_growth_yearly": 523.49
        }
    },
    "months": {
        "2004-09": {
            "month": "2004-09",
            "price": "11.43",
            "revenue": 58598
        },
        "2004-10": {
            "month": "2004-10",
            "price": "10.86",
            "revenue": 65009
        },
        "2004-11": {
            "month": "2004-11",
            "price": "9.65",
            "revenue": 80785
        },
        "2004-12": {
            "month": "2004-12",
            "price": "9.18",
            "revenue": 61926
        },
        "2005-01": {
            "month": "2005-01",
            "price": "7.95",
            "revenue": 61071
        },
        "2005-02": {
            "month": "2005-02",
            "price": "6.98",
            "revenue": 44361
        },
        "2005-03": {
            "month": "2005-03",
            "price": "6.91",
            "revenue": 95687
        },
        "2005-04": {
            "month": "2005-04",
            "price": "6.60",
            "revenue": 62132
        },
        "2005-05": {
            "month": "2005-05",
            "price": "9.02",
            "revenue": 85146
        },
        "2005-06": {
            "month": "2005-06",
            "price": "8.66",
            "revenue": 88510
        },
        "2005-07": {
            "month": "2005-07",
            "price": "7.87",
            "revenue": 63541
        },
        "2005-08": {
            "month": "2005-08",
            "price": "8.18",
            "revenue": 70910
        },
        "2005-09": {
            "month": "2005-09",
            "price": "8.81",
            "revenue": 131086
        },
        "2005-10": {
            "month": "2005-10",
            "price": "8.22",
            "revenue": 78867
        },
        "2005-11": {
            "month": "2005-11",
            "price": "8.01",
            "revenue": 124033
        },
        "2005-12": {
            "month": "2005-12",
            "price": "8.57",
            "revenue": 112047
        },
        "2006-01": {
            "month": "2006-01",
            "price": "10.90",
            "revenue": 93619
        },
        "2006-02": {
            "month": "2006-02",
            "price": "14.37",
            "revenue": 91561
        },
        "2006-03": {
            "month": "2006-03",
            "price": "16.87",
            "revenue": 140794
        },
        "2006-04": {
            "month": "2006-04",
            "price": "23.63",
            "revenue": 125683
        },
        "2006-05": {
            "month": "2006-05",
            "price": "26.77",
            "revenue": 106610
        },
        "2006-06": {
            "month": "2006-06",
            "price": "28.79",
            "revenue": 133172
        },
        "2006-07": {
            "month": "2006-07",
            "price": "30.19",
            "revenue": 113625
        },
        "2006-08": {
            "month": "2006-08",
            "price": "30.60",
            "revenue": 105920
        },
        "2006-09": {
            "month": "2006-09",
            "price": "28.36",
            "revenue": 121923
        },
        "2006-10": {
            "month": "2006-10",
            "price": "28.62",
            "revenue": 113447
        },
        "2006-11": {
            "month": "2006-11",
            "price": "30.05",
            "revenue": 121544
        },
        "2006-12": {
            "month": "2006-12",
            "price": "31.44",
            "revenue": 158081
        },
        "2007-01": {
            "month": "2007-01",
            "price": "41.16",
            "revenue": 93303
        },
        "2007-02": {
            "month": "2007-02",
            "price": "41.96",
            "revenue": 88614
        },
        "2007-03": {
            "month": "2007-03",
            "price": "44.56",
            "revenue": 148603
        },
        "2007-04": {
            "month": "2007-04",
            "price": "49.73",
            "revenue": 171146
        },
        "2007-05": {
            "month": "2007-05",
            "price": "57.91",
            "revenue": 195884
        },
        "2007-06": {
            "month": "2007-06",
            "price": "87.08",
            "revenue": 210304
        },
        "2007-07": {
            "month": "2007-07",
            "price": "99.65",
            "revenue": 179357
        },
        "2007-08": {
            "month": "2007-08",
            "price": "80.10",
            "revenue": 150780
        },
        "2007-09": {
            "month": "2007-09",
            "price": "69.41",
            "revenue": 150725
        },
        "2007-10": {
            "month": "2007-10",
            "price": "59.23",
            "revenue": 145685
        },
        "2007-11": {
            "month": "2007-11",
            "price": "49.32",
            "revenue": 177626
        },
        "2007-12": {
            "month": "2007-12",
            "price": "50.69",
            "revenue": 275282
        },
        "2008-01": {
            "month": "2008-01",
            "price": "50.58",
            "revenue": 150091
        },
        "2008-02": {
            "month": "2008-02",
            "price": "44.78",
            "revenue": 155674
        },
        "2008-03": {
            "month": "2008-03",
            "price": "49.00",
            "revenue": 206079
        },
        "2008-04": {
            "month": "2008-04",
            "price": "63.06",
            "revenue": 157270
        },
        "2008-05": {
            "month": "2008-05",
            "price": "57.24",
            "revenue": 147833
        },
        "2008-06": {
            "month": "2008-06",
            "price": "44.46",
            "revenue": 167321
        },
        "2008-07": {
            "month": "2008-07",
            "price": "36.43",
            "revenue": 186693
        },
        "2008-08": {
            "month": "2008-08",
            "price": "36.20",
            "revenue": 185969
        },
        "2008-09": {
            "month": "2008-09",
            "price": "22.95",
            "revenue": 175402
        },
        "2008-10": {
            "month": "2008-10",
            "price": "17.08",
            "revenue": 216808
        },
        "2008-11": {
            "month": "2008-11",
            "price": "14.03",
            "revenue": 119389
        },
        "2008-12": {
            "month": "2008-12",
            "price": "16.38",
            "revenue": 167309
        },
        "2009-01": {
            "month": "2009-01",
            "price": "16.42",
            "revenue": 107940
        },
        "2009-02": {
            "month": "2009-02",
            "price": "14.87",
            "revenue": 150266
        },
        "2009-03": {
            "month": "2009-03",
            "price": "17.39",
            "revenue": 132805
        },
        "2009-04": {
            "month": "2009-04",
            "price": "19.30",
            "revenue": 159381
        },
        "2009-05": {
            "month": "2009-05",
            "price": "21.29",
            "revenue": 107740
        },
        "2009-06": {
            "month": "2009-06",
            "price": "20.37",
            "revenue": 156764
        },
        "2009-07": {
            "month": "2009-07",
            "price": "23.00",
            "revenue": 130341
        },
        "2009-08": {
            "month": "2009-08",
            "price": "23.96",
            "revenue": 172752
        },
        "2009-09": {
            "month": "2009-09",
            "price": "23.72",
            "revenue": 165803
        },
        "2009-10": {
            "month": "2009-10",
            "price": "23.78",
            "revenue": 172387
        },
        "2009-11": {
            "month": "2009-11",
            "price": "22.51",
            "revenue": 146458
        },
        "2009-12": {
            "month": "2009-12",
            "price": "25.78",
            "revenue": 252888
        },
        "2010-01": {
            "month": "2010-01",
            "price": "31.81",
            "revenue": 115747
        },
        "2010-02": {
            "month": "2010-02",
            "price": "28.30",
            "revenue": 157604
        },
        "2010-03": {
            "month": "2010-03",
            "price": "29.98",
            "revenue": 223490
        },
        "2010-04": {
            "month": "2010-04",
            "price": "31.68",
            "revenue": 221964
        },
        "2010-05": {
            "month": "2010-05",
            "price": "26.36",
            "revenue": 210959
        },
        "2010-06": {
            "month": "2010-06",
            "price": "25.60",
            "revenue": 215168
        },
        "2010-07": {
            "month": "2010-07",
            "price": "26.20",
            "revenue": 209139
        },
        "2010-08": {
            "month": "2010-08",
            "price": "27.11",
            "revenue": 242378
        },
        "2010-09": {
            "month": "2010-09",
            "price": "25.06",
            "revenue": 236117
        },
        "2010-10": {
            "month": "2010-10",
            "price": "24.35",
            "revenue": 238260
        },
        "2010-11": {
            "month": "2010-11",
            "price": "24.31",
            "revenue": 251909
        },
        "2010-12": {
            "month": "2010-12",
            "price": "27.17",
            "revenue": 241043
        },
        "2011-01": {
            "month": "2011-01",
            "price": "26.48",
            "revenue": 202591
        },
        "2011-02": {
            "month": "2011-02",
            "price": "25.86",
            "revenue": 186041
        },
        "2011-03": {
            "month": "2011-03",
            "price": "25.50",
            "revenue": 311388
        },
        "2011-04": {
            "month": "2011-04",
            "price": "28.02",
            "revenue": 236533
        },
        "2011-05": {
            "month": "2011-05",
            "price": "30.05",
            "revenue": 320161
        },
        "2011-06": {
            "month": "2011-06",
            "price": "36.63",
            "revenue": 288530
        },
        "2011-07": {
            "month": "2011-07",
            "price": "37.17",
            "revenue": 244257
        },
        "2011-08": {
            "month": "2011-08",
            "price": "32.25",
            "revenue": 233540
        },
        "2011-09": {
            "month": "2011-09",
            "price": "29.39",
            "revenue": 274211
        },
        "2011-10": {
            "month": "2011-10",
            "price": "27.42",
            "revenue": 221084
        },
        "2011-11": {
            "month": "2011-11",
            "price": "24.56",
            "revenue": 262155
        },
        "2011-12": {
            "month": "2011-12",
            "price": "21.07",
            "revenue": 307809
        },
        "2012-01": {
            "month": "2012-01",
            "price": "25.65",
            "revenue": 193315
        },
        "2012-02": {
            "month": "2012-02",
            "price": "30.08",
            "revenue": 248994
        },
        "2012-03": {
            "month": "2012-03",
            "price": "32.19",
            "revenue": 280097
        },
        "2012-04": {
            "month": "2012-04",
            "price": "28.99",
            "revenue": 299780
        },
        "2012-05": {
            "month": "2012-05",
            "price": "26.54",
            "revenue": 315148
        },
        "2012-06": {
            "month": "2012-06",
            "price": "26.70",
            "revenue": 316093
        },
        "2012-07": {
            "month": "2012-07",
            "price": "27.31",
            "revenue": 321180
        },
        "2012-08": {
            "month": "2012-08",
            "price": "28.20",
            "revenue": 343114
        },
        "2012-09": {
            "month": "2012-09",
            "price": "27.12",
            "revenue": 306297
        },
        "2012-10": {
            "month": "2012-10",
            "price": "26.51",
            "revenue": 329390
        },
        "2012-11": {
            "month": "2012-11",
            "price": "24.13",
            "revenue": 363598
        },
        "2012-12": {
            "month": "2012-12",
            "price": "24.81",
            "revenue": 344646
        },
        "2013-01": {
            "month": "2013-01",
            "price": "24.85",
            "revenue": 349154
        },
        "2013-02": {
            "month": "2013-02",
            "price": "25.02",
            "revenue": 282537
        },
        "2013-03": {
            "month": "2013-03",
            "price": "25.44",
            "revenue": 358997
        },
        "2013-04": {
            "month": "2013-04",
            "price": "26.76",
            "revenue": 356799
        },
        "2013-05": {
            "month": "2013-05",
            "price": "27.15",
            "revenue": 349395
        },
        "2013-06": {
            "month": "2013-06",
            "price": "26.76",
            "revenue": 360589
        },
        "2013-07": {
            "month": "2013-07",
            "price": "26.49",
            "revenue": 296761
        },
        "2013-08": {
            "month": "2013-08",
            "price": "25.61",
            "revenue": 362703
        },
        "2013-09": {
            "month": "2013-09",
            "price": "23.02",
            "revenue": 313426
        },
        "2013-10": {
            "month": "2013-10",
            "price": "22.77",
            "revenue": 349333
        },
        "2013-11": {
            "month": "2013-11",
            "price": "21.34",
            "revenue": 428089
        },
        "2013-12": {
            "month": "2013-12",
            "price": "21.25",
            "revenue": 364110
        },
        "2014-01": {
            "month": "2014-01",
            "price": "24.38",
            "revenue": 360280
        },
        "2014-02": {
            "month": "2014-02",
            "price": "25.60",
            "revenue": 374874
        },
        "2014-03": {
            "month": "2014-03",
            "price": "25.54",
            "revenue": 468432
        },
        "2014-04": {
            "month": "2014-04",
            "price": "27.40",
            "revenue": 428440
        },
        "2014-05": {
            "month": "2014-05",
            "price": "27.77",
            "revenue": 474032
        },
        "2014-06": {
            "month": "2014-06",
            "price": "31.74",
            "revenue": 423357
        },
        "2014-07": {
            "month": "2014-07",
            "price": "35.78",
            "revenue": 400312
        },
        "2014-08": {
            "month": "2014-08",
            "price": "52.27",
            "revenue": 526950
        },
        "2014-09": {
            "month": "2014-09",
            "price": "59.07",
            "revenue": 485704
        },
        "2014-10": {
            "month": "2014-10",
            "price": "51.99",
            "revenue": 449930
        },
        "2014-11": {
            "month": "2014-11",
            "price": "49.09",
            "revenue": 437173
        },
        "2014-12": {
            "month": "2014-12",
            "price": "50.88",
            "revenue": 556302
        },
        "2015-01": {
            "month": "2015-01",
            "price": "54.20",
            "revenue": 432837
        },
        "2015-02": {
            "month": "2015-02",
            "price": "51.52",
            "revenue": 393653
        },
        "2015-03": {
            "month": "2015-03",
            "price": "52.95",
            "revenue": 472428
        },
        "2015-04": {
            "month": "2015-04",
            "price": "50.45",
            "revenue": 476518
        },
        "2015-05": {
            "month": "2015-05",
            "price": "39.76",
            "revenue": 455220
        },
        "2015-06": {
            "month": "2015-06",
            "price": "35.20",
            "revenue": 441842
        },
        "2015-07": {
            "month": "2015-07",
            "price": "34.00",
            "revenue": 424218
        },
        "2015-08": {
            "month": "2015-08",
            "price": "25.32",
            "revenue": 412050
        },
        "2015-09": {
            "month": "2015-09",
            "price": "25.77",
            "revenue": 446593
        },
        "2015-10": {
            "month": "2015-10",
            "price": "29.33",
            "revenue": 484542
        },
        "2015-11": {
            "month": "2015-11",
            "price": "29.53",
            "revenue": 518377
        },
        "2015-12": {
            "month": "2015-12",
            "price": "29.74",
            "revenue": 550153
        },
        "2016-01": {
            "month": "2016-01",
            "price": "27.30",
            "revenue": 448655
        },
        "2016-02": {
            "month": "2016-02",
            "price": "27.54",
            "revenue": 387110
        },
        "2016-03": {
            "month": "2016-03",
            "price": "28.19",
            "revenue": 437871
        },
        "2016-04": {
            "month": "2016-04",
            "price": "26.79",
            "revenue": 441208
        },
        "2016-05": {
            "month": "2016-05",
            "price": "25.76",
            "revenue": 433327
        },
        "2016-06": {
            "month": "2016-06",
            "price": "25.94",
            "revenue": 530671
        },
        "2016-07": {
            "month": "2016-07",
            "price": "28.73",
            "revenue": 488432
        },
        "2016-08": {
            "month": "2016-08",
            "price": "29.47",
            "revenue": 571328
        },
        "2016-09": {
            "month": "2016-09",
            "price": "34.26",
            "revenue": 525841
        },
        "2016-10": {
            "month": "2016-10",
            "price": "34.20",
            "revenue": 539220
        },
        "2016-11": {
            "month": "2016-11",
            "price": "29.96",
            "revenue": 583881
        },
        "2016-12": {
            "month": "2016-12",
            "price": "32.21",
            "revenue": 718064
        },
        "2017-01": {
            "month": "2017-01",
            "price": "33.85",
            "revenue": 411210
        },
        "2017-02": {
            "month": "2017-02",
            "price": "33.06",
            "revenue": 439567
        },
        "2017-03": {
            "month": "2017-03",
            "price": "32.38",
            "revenue": 585122
        },
        "2017-04": {
            "month": "2017-04",
            "price": "30.70",
            "revenue": 477020
        },
        "2017-05": {
            "month": "2017-05",
            "price": "28.60",
            "revenue": 486363
        },
        "2017-06": {
            "month": "2017-06",
            "price": "29.42",
            "revenue": 558770
        },
        "2017-07": {
            "month": "2017-07",
            "price": "28.84",
            "revenue": 508526
        },
        "2017-08": {
            "month": "2017-08",
            "price": "29.27",
            "revenue": 531102
        },
        "2017-09": {
            "month": "2017-09",
            "price": "31.40",
            "revenue": 656513
        },
        "2017-10": {
            "month": "2017-10",
            "price": "31.64",
            "revenue": 501777
        },
        "2017-11": {
            "month": "2017-11",
            "price": "32.43",
            "revenue": 623147
        },
        "2017-12": {
            "month": "2017-12",
            "price": "30.90",
            "revenue": 585110
        },
        "2018-01": {
            "month": "2018-01",
            "price": "32.52",
            "revenue": 553704
        },
        "2018-02": {
            "month": "2018-02",
            "price": "31.39",
            "revenue": 389007
        },
        "2018-03": {
            "month": "2018-03",
            "price": "30.34",
            "revenue": 498875
        },
        "2018-04": {
            "month": "2018-04",
            "price": "28.56",
            "revenue": 443149
        },
        "2018-05": {
            "month": "2018-05",
            "price": "27.20",
            "revenue": 568835
        },
        "2018-06": {
            "month": "2018-06",
            "price": "28.02",
            "revenue": 472265
        },
        "2018-07": {
            "month": "2018-07",
            "price": "26.11",
            "revenue": 478821
        },
        "2018-08": {
            "month": "2018-08",
            "price": "24.44",
            "revenue": 619958
        },
        "2018-09": {
            "month": "2018-09",
            "price": "23.99",
            "revenue": 608344
        },
        "2018-10": {
            "month": "2018-10",
            "price": "21.54",
            "revenue": 630522
        },
        "2018-11": {
            "month": "2018-11",
            "price": "20.30",
            "revenue": 672662
        },
        "2018-12": {
            "month": "2018-12",
            "price": "21.27",
            "revenue": 701497
        },
        "2019-01": {
            "month": "2019-01",
            "price": "22.11",
            "revenue": 589240
        },
        "2019-02": {
            "month": "2019-02",
            "price": "24.58",
            "revenue": 355438
        },
        "2019-03": {
            "month": "2019-03",
            "price": "23.98",
            "revenue": 621457
        },
        "2019-04": {
            "month": "2019-04",
            "price": "27.62",
            "revenue": 560705
        },
        "2019-05": {
            "month": "2019-05",
            "price": "26.89",
            "revenue": 683813
        },
        "2019-06": {
            "month": "2019-06",
            "price": "27.62",
            "revenue": 599325
        },
        "2019-07": {
            "month": "2019-07",
            "price": "29.58",
            "revenue": 582948
        },
        "2019-08": {
            "month": "2019-08",
            "price": "29.68",
            "revenue": 567742
        },
        "2019-09": {
            "month": "2019-09",
            "price": "29.27",
            "revenue": 554698
        },
        "2019-10": {
            "month": "2019-10",
            "price": "27.47",
            "revenue": 729039
        },
        "2019-11": {
            "month": "2019-11",
            "price": "27.53",
            "revenue": 654202
        },
        "2019-12": {
            "month": "2019-12",
            "price": "27.28",
            "revenue": 712869
        },
        "2020-01": {
            "month": "2020-01",
            "price": "26.70",
            "revenue": 551873
        },
        "2020-02": {
            "month": "2020-02",
            "price": "25.01",
            "revenue": 468273
        },
        "2020-03": {
            "month": "2020-03",
            "price": "21.04",
            "revenue": 516515
        },
        "2020-04": {
            "month": "2020-04",
            "price": "21.14",
            "revenue": 522181
        },
        "2020-05": {
            "month": "2020-05",
            "price": "22.28",
            "revenue": 535340
        },
        "2020-06": {
            "month": "2020-06",
            "price": "23.06",
            "revenue": 604872
        },
        "2020-07": {
            "month": "2020-07",
            "price": "24.16",
            "revenue": 584749
        },
        "2020-08": {
            "month": "2020-08",
            "price": "23.90",
            "revenue": 523005
        },
        "2020-09": {
            "month": "2020-09",
            "price": "23.81",
            "revenue": 555368
        },
        "2020-10": {
            "month": "2020-10",
            "price": "24.01",
            "revenue": 458662
        },
        "2020-11": {
            "month": "2020-11",
            "price": "23.34",
            "revenue": 703658
        },
        "2020-12": {
            "month": "2020-12",
            "price": "24.72",
            "revenue": 675203
        },
        "2021-01": {
            "month": "2021-01",
            "price": "24.84",
            "revenue": 477128
        },
        "2021-02": {
            "month": "2021-02",
            "price": "25.37",
            "revenue": 369149
        },
        "2021-03": {
            "month": "2021-03",
            "price": "25.47",
            "revenue": 486950
        },
        "2021-04": {
            "month": "2021-04",
            "price": "26.21",
            "revenue": 444858
        },
        "2021-05": {
            "month": "2021-05",
            "price": "23.91",
            "revenue": 460934
        },
        "2021-06": {
            "month": "2021-06",
            "price": "23.24",
            "revenue": 618801
        },
        "2021-07": {
            "month": "2021-07",
            "price": "23.05",
            "revenue": 517879
        },
        "2021-08": {
            "month": "2021-08",
            "price": "22.13",
            "revenue": 619233
        },
        "2021-09": {
            "month": "2021-09",
            "price": "22.72",
            "revenue": 681625
        },
        "2021-10": {
            "month": "2021-10",
            "price": "22.49",
            "revenue": 609175
        },
        "2021-11": {
            "month": "2021-11",
            "price": "23.40",
            "revenue": 739973
        },
        "2021-12": {
            "month": "2021-12",
            "price": "24.00",
            "revenue": 754875
        },
        "2022-01": {
            "month": "2022-01",
            "price": "26.13",
            "revenue": 541819
        },
        "2022-02": {
            "month": "2022-02",
            "price": "25.05",
            "revenue": 441538
        },
        "2022-03": {
            "month": "2022-03",
            "price": "23.13",
            "revenue": 741905
        },
        "2022-04": {
            "month": "2022-04",
            "price": "23.61",
            "revenue": 662936
        },
        "2022-05": {
            "month": "2022-05",
            "price": "24.37",
            "revenue": 598679
        },
        "2022-06": {
            "month": "2022-06",
            "price": "25.79",
            "revenue": 727806
        },
        "2022-07": {
            "month": "2022-07",
            "price": "30.97",
            "revenue": 654706
        },
        "2022-08": {
            "month": "2022-08",
            "price": "32.99",
            "revenue": 651982
        },
        "2022-09": {
            "month": "2022-09",
            "price": "30.43",
            "revenue": 759226
        },
        "2022-10": {
            "month": "2022-10",
            "price": "26.20",
            "revenue": 720449
        },
        "2022-11": {
            "month": "2022-11",
            "price": "29.25",
            "revenue": 762327
        },
        "2022-12": {
            "month": "2022-12",
            "price": "33.15",
            "revenue": 653324
        },
        "2023-01": {
            "month": "2023-01",
            "price": "32.82",
            "revenue": 544771
        },
        "2023-02": {
            "month": "2023-02",
            "price": "36.52",
            "revenue": 536986
        },
        "2023-03": {
            "month": "2023-03",
            "price": "42.35",
            "revenue": 582033
        },
        "2023-04": {
            "month": "2023-04",
            "price": "41.77",
            "revenue": 427505
        },
        "2023-05": {
            "month": "2023-05",
            "price": "39.90",
            "revenue": 555209
        },
        "2023-06": {
            "month": "2023-06",
            "price": "51.92",
            "revenue": 476112
        },
        "2023-07": {
            "month": "2023-07",
            "price": "58.60",
            "revenue": 428803
        },
        "2023-08": {
            "month": "2023-08",
            "price": "53.04",
            "revenue": 430300
        },
        "2023-09": {
            "month": "2023-09",
            "price": "49.63",
            "revenue": 541217
        },
        "2023-10": {
            "month": "2023-10",
            "price": "43.81",
            "revenue": 348826
        },
        "2023-11": {
            "month": "2023-11",
            "price": "44.38",
            "revenue": 431970
        },
        "2023-12": {
            "month": "2023-12",
            "price": "47.46",
            "revenue": 461777
        }
    }
}
