{
    "summary": {
        "stock_name": "華宏",
        "stock_id": "8240",
        "category": "光電",
        "main_business": "LCD膜片材料製造與銷售<br>BMC材料及成型品(汽車前車燈反射鏡、高鐵軌道預埋栓)<br>高機能工程塑膠材料及成型品",
        "website_url": "https://www.wahhong.com",
        "ceo": "葉清彬",
        "pe_ratio": 14,
        "report_year_from": 2001,
        "report_year_to": 2023,
        "age": 22,
        "eps_negative_percentage": 26,
        "eps_growth_avg": {
            "last_all": 10.25,
            "last_2y": 21.12,
            "last_4y": 40.62,
            "last_8y": 12.95,
            "last_12y": 5.71,
            "last_16y": -0.97,
            "last_20y": null,
            "at_2006_last_3y": null,
            "at_2007_last_3y": 25.18,
            "at_2008_last_3y": -21.03,
            "at_2009_last_3y": -21.03,
            "at_2010_last_3y": 7.84,
            "at_2011_last_3y": 21.74,
            "at_2012_last_3y": 34.5,
            "at_2013_last_3y": -8.76,
            "at_2014_last_3y": -5.32,
            "at_2015_last_3y": -26.58,
            "at_2016_last_3y": -43.14,
            "at_2017_last_3y": -33.17,
            "at_2018_last_3y": -33.17,
            "at_2019_last_3y": 13.25,
            "at_2020_last_3y": 48.16,
            "at_2021_last_3y": 60.55,
            "at_2022_last_3y": 25.77,
            "at_2023_last_3y": 25.77,
            "at_2006_last_all": 56.92,
            "at_2007_last_all": 25.18,
            "at_2008_last_all": 3.18,
            "at_2009_last_all": 19.32,
            "at_2010_last_all": 28.88,
            "at_2011_last_all": 23.46,
            "at_2012_last_all": 17.1,
            "at_2013_last_all": 8.09,
            "at_2014_last_all": 16.44,
            "at_2015_last_all": 6.78,
            "at_2016_last_all": -1.44,
            "at_2017_last_all": -1.44,
            "at_2018_last_all": 5.81,
            "at_2019_last_all": 8.07,
            "at_2020_last_all": 7.86,
            "at_2021_last_all": 13.15,
            "at_2022_last_all": 10.25,
            "at_2023_last_all": 10.25
        },
        "latest_eps": 2.02,
        "latest_price": 29.1,
        "latest_roe": 5.05,
        "latest_gross_margin": 9.68,
        "latest_equity": 4112981,
        "latest_revenue": 1614727,
        "latest_gross_profit": 156263,
        "latest_net_income": 4363,
        "latest_debt_ratio": 48.22,
        "latest_current_ratio": 181.13,
        "latest_account_receivable_turnover_ratio": 0.64,
        "latest_inventory_turnover_ratio": 1.59,
        "latest_reinvestment_rate": -43.51,
        "latest_research_to_sale_ratio": 3
    },
    "eps_dividends": {
        "2001": {
            "cash": 0,
            "stock": 0,
            "eps": 0
        },
        "2002": {
            "cash": 0,
            "stock": 0,
            "eps": 0
        },
        "2003": {
            "cash": 0,
            "stock": 0,
            "eps": 1.93
        },
        "2004": {
            "cash": 0,
            "stock": 2,
            "eps": 4.48
        },
        "2005": {
            "cash": 3,
            "stock": 1,
            "eps": 14.3
        },
        "2006": {
            "cash": 5,
            "stock": 1,
            "eps": 10.12
        },
        "2007": {
            "cash": 5,
            "stock": 1,
            "eps": 3.03
        },
        "2008": {
            "cash": 1,
            "stock": 0,
            "eps": 0.46
        },
        "2009": {
            "cash": 0,
            "stock": 0,
            "eps": 3.27
        },
        "2010": {
            "cash": 2,
            "stock": 0,
            "eps": 6.09
        },
        "2011": {
            "cash": 3,
            "stock": 0,
            "eps": 5.21
        },
        "2012": {
            "cash": 3,
            "stock": 0,
            "eps": 3.45
        },
        "2013": {
            "cash": 2,
            "stock": 0,
            "eps": 0.93
        },
        "2014": {
            "cash": 1,
            "stock": 0,
            "eps": 2.05
        },
        "2015": {
            "cash": 1,
            "stock": 0,
            "eps": 0.01
        },
        "2016": {
            "cash": 1,
            "stock": 0,
            "eps": -6.78
        },
        "2017": {
            "cash": 0,
            "stock": 0,
            "eps": 0.48
        },
        "2018": {
            "cash": 0,
            "stock": 0,
            "eps": 1.51
        },
        "2019": {
            "cash": 1,
            "stock": 0,
            "eps": 2.11
        },
        "2020": {
            "cash": 1,
            "stock": 0,
            "eps": 2.21
        },
        "2021": {
            "cash": 2,
            "stock": 0,
            "eps": 4.37
        },
        "2022": {
            "cash": 3,
            "stock": 0,
            "eps": 2.66
        },
        "2023": {
            "cash": 2,
            "stock": 0,
            "eps": 0.04
        }
    },
    "dividends": {
        "2004-03-19": {
            "cash": 0,
            "stock": 1.5
        },
        "2005-04-26": {
            "cash": 3,
            "stock": 1
        },
        "2006-04-18": {
            "cash": 5,
            "stock": 1.3
        },
        "2007-04-27": {
            "cash": 4.5,
            "stock": 0.5
        },
        "2008-04-24": {
            "cash": 1.23,
            "stock": 0.31
        },
        "2009-04-16": {
            "cash": 0.3,
            "stock": 0.2
        },
        "2010-04-20": {
            "cash": 1.8,
            "stock": 0
        },
        "2011-04-19": {
            "cash": 3.2,
            "stock": 0
        },
        "2012-06-06": {
            "cash": 2.7,
            "stock": 0
        },
        "2013-06-04": {
            "cash": 1.5,
            "stock": 0
        },
        "2014-08-15": {
            "cash": 1,
            "stock": 0
        },
        "2015-08-07": {
            "cash": 1.2,
            "stock": 0
        },
        "2016-08-05": {
            "cash": 0.5,
            "stock": 0
        },
        "2019-08-02": {
            "cash": 0.85,
            "stock": 0
        },
        "2020-08-05": {
            "cash": 1.3,
            "stock": 0
        },
        "2021-09-10": {
            "cash": 1.6,
            "stock": 0
        },
        "2022-07-13": {
            "cash": 2.5,
            "stock": 0
        },
        "2023-03-14": {
            "cash": 1.5,
            "stock": 0
        }
    },
    "prices": {
        "200101": "無",
        "200102": "無",
        "200103": "無",
        "200104": "無",
        "200105": "無",
        "200106": "無",
        "200107": "無",
        "200108": "無",
        "200109": "無",
        "200110": "無",
        "200111": "無",
        "200112": "無",
        "200201": "無",
        "200202": "無",
        "200203": "無",
        "200204": "無",
        "200205": "無",
        "200206": "無",
        "200207": "無",
        "200208": "無",
        "200209": "無",
        "200210": "無",
        "200211": "無",
        "200212": "無",
        "200301": "無",
        "200302": "無",
        "200303": "無",
        "200304": "無",
        "200305": "無",
        "200306": "無",
        "200307": "無",
        "200308": "無",
        "200309": "無",
        "200310": "無",
        "200311": "無",
        "200312": "無",
        "200401": "54.45",
        "200402": "59.39",
        "200403": "68.44",
        "200404": "69.39",
        "200405": "69.77",
        "200406": "70.25",
        "200407": "51.87",
        "200408": "45.45",
        "200409": "45.27",
        "200410": "49.07",
        "200411": "52.96",
        "200412": "53.55",
        "200501": "54.90",
        "200502": "64.40",
        "200503": "68.80",
        "200504": "81.55",
        "200505": "85.16",
        "200506": "96.90",
        "200507": "148.98",
        "200508": "166.77",
        "200509": "148.69",
        "200510": "142.65",
        "200511": "153.20",
        "200512": "186.39",
        "200601": "194.50",
        "200602": "227.24",
        "200603": "267.41",
        "200604": "266.34",
        "200605": "233.86",
        "200606": "182.30",
        "200607": "195.90",
        "200608": "210.02",
        "200609": "192.93",
        "200610": "170.08",
        "200611": "143.75",
        "200612": "149.38",
        "200701": "153.07",
        "200702": "148.88",
        "200703": "136.91",
        "200704": "152.92",
        "200705": "136.64",
        "200706": "137.88",
        "200707": "135.07",
        "200708": "104.82",
        "200709": "95.47",
        "200710": "100.24",
        "200711": "75.10",
        "200712": "63.02",
        "200801": "52.51",
        "200802": "43.38",
        "200803": "46.18",
        "200804": "51.72",
        "200805": "44.93",
        "200806": "36.67",
        "200807": "29.18",
        "200808": "33.52",
        "200809": "27.08",
        "200810": "20.93",
        "200811": "14.98",
        "200812": "13.80",
        "200901": "15.59",
        "200902": "18.01",
        "200903": "20.45",
        "200904": "30.15",
        "200905": "40.86",
        "200906": "38.67",
        "200907": "40.49",
        "200908": "43.52",
        "200909": "61.98",
        "200910": "62.07",
        "200911": "57.65",
        "200912": "71.73",
        "201001": "69.92",
        "201002": "63.21",
        "201003": "68.28",
        "201004": "72.61",
        "201005": "63.87",
        "201006": "61.54",
        "201007": "58.92",
        "201008": "66.00",
        "201009": "70.44",
        "201010": "76.11",
        "201011": "70.01",
        "201012": "74.16",
        "201101": "72.47",
        "201102": "71.70",
        "201103": "70.94",
        "201104": "72.17",
        "201105": "74.68",
        "201106": "78.16",
        "201107": "70.14",
        "201108": "56.62",
        "201109": "52.75",
        "201110": "49.96",
        "201111": "50.15",
        "201112": "40.02",
        "201201": "40.22",
        "201202": "49.52",
        "201203": "57.54",
        "201204": "49.94",
        "201205": "46.19",
        "201206": "44.80",
        "201207": "43.57",
        "201208": "45.40",
        "201209": "48.11",
        "201210": "45.41",
        "201211": "41.25",
        "201212": "44.05",
        "201301": "45.17",
        "201302": "43.97",
        "201303": "42.98",
        "201304": "42.31",
        "201305": "39.17",
        "201306": "34.93",
        "201307": "32.68",
        "201308": "31.62",
        "201309": "31.46",
        "201310": "31.61",
        "201311": "28.66",
        "201312": "28.87",
        "201401": "32.01",
        "201402": "33.37",
        "201403": "32.75",
        "201404": "31.78",
        "201405": "34.29",
        "201406": "35.99",
        "201407": "38.38",
        "201408": "38.14",
        "201409": "38.20",
        "201410": "32.82",
        "201411": "31.73",
        "201412": "32.40",
        "201501": "34.29",
        "201502": "33.15",
        "201503": "32.45",
        "201504": "29.95",
        "201505": "26.73",
        "201506": "23.57",
        "201507": "19.95",
        "201508": "16.93",
        "201509": "16.77",
        "201510": "19.70",
        "201511": "20.39",
        "201512": "19.34",
        "201601": "18.41",
        "201602": "19.02",
        "201603": "19.85",
        "201604": "18.96",
        "201605": "17.74",
        "201606": "17.78",
        "201607": "18.47",
        "201608": "19.37",
        "201609": "18.95",
        "201610": "20.29",
        "201611": "17.95",
        "201612": "17.91",
        "201701": "18.96",
        "201702": "20.83",
        "201703": "21.03",
        "201704": "19.57",
        "201705": "19.69",
        "201706": "20.48",
        "201707": "20.11",
        "201708": "18.88",
        "201709": "21.23",
        "201710": "20.98",
        "201711": "20.48",
        "201712": "19.63",
        "201801": "20.54",
        "201802": "19.30",
        "201803": "19.79",
        "201804": "18.97",
        "201805": "18.74",
        "201806": "18.81",
        "201807": "18.12",
        "201808": "18.69",
        "201809": "19.16",
        "201810": "17.58",
        "201811": "18.32",
        "201812": "19.76",
        "201901": "19.32",
        "201902": "20.03",
        "201903": "25.38",
        "201904": "28.46",
        "201905": "23.91",
        "201906": "24.84",
        "201907": "27.17",
        "201908": "25.15",
        "201909": "24.01",
        "201910": "24.43",
        "201911": "27.57",
        "201912": "28.63",
        "202001": "27.92",
        "202002": "25.59",
        "202003": "20.65",
        "202004": "21.79",
        "202005": "24.18",
        "202006": "25.08",
        "202007": "25.02",
        "202008": "26.22",
        "202009": "28.00",
        "202010": "30.69",
        "202011": "30.37",
        "202012": "37.14",
        "202101": "33.78",
        "202102": "33.92",
        "202103": "35.47",
        "202104": "38.51",
        "202105": "33.29",
        "202106": "33.85",
        "202107": "35.12",
        "202108": "31.90",
        "202109": "29.22",
        "202110": "27.20",
        "202111": "29.82",
        "202112": "31.52",
        "202201": "32.28",
        "202202": "32.24",
        "202203": "32.60",
        "202204": "32.93",
        "202205": "31.25",
        "202206": "29.69",
        "202207": "25.81",
        "202208": "27.52",
        "202209": "27.81",
        "202210": "27.20",
        "202211": "27.42",
        "202212": "28.65",
        "202301": "28.46",
        "202302": "28.68",
        "202303": "29.04",
        "202304": "29.77",
        "202305": "29.76"
    },
    "quarters": {
        "20011": {
            "year_quarter": 20011,
            "year": 2001,
            "quarter": 1,
            "eps": null,
            "eps_growth_year": null,
            "eps_4q": null,
            "eps_4q_growth_year": null,
            "roe": null,
            "gross_profit": null,
            "gross_margin": null,
            "net_income": null,
            "revenue": null,
            "common_shares": null,
            "equity": null,
            "current_ratio": null,
            "debt_ratio": null,
            "inventory_turnover_ratio": null,
            "account_receivable_turnover_ratio": null,
            "reinvestment_rate": null,
            "research_to_sale_ratio": null,
            "price_fair": 0,
            "eps_avg_yearly": 0,
            "eps_latest_yearly": 0,
            "eps_growth_yearly": 0
        },
        "20012": {
            "year_quarter": 20012,
            "year": 2001,
            "quarter": 2,
            "eps": null,
            "eps_growth_year": null,
            "eps_4q": null,
            "eps_4q_growth_year": null,
            "roe": null,
            "gross_profit": null,
            "gross_margin": null,
            "net_income": null,
            "revenue": null,
            "common_shares": null,
            "equity": null,
            "current_ratio": null,
            "debt_ratio": null,
            "inventory_turnover_ratio": null,
            "account_receivable_turnover_ratio": null,
            "reinvestment_rate": null,
            "research_to_sale_ratio": null,
            "price_fair": 0,
            "eps_avg_yearly": 0,
            "eps_latest_yearly": 0,
            "eps_growth_yearly": 0
        },
        "20013": {
            "year_quarter": 20013,
            "year": 2001,
            "quarter": 3,
            "eps": null,
            "eps_growth_year": null,
            "eps_4q": null,
            "eps_4q_growth_year": null,
            "roe": null,
            "gross_profit": null,
            "gross_margin": null,
            "net_income": null,
            "revenue": null,
            "common_shares": null,
            "equity": null,
            "current_ratio": null,
            "debt_ratio": null,
            "inventory_turnover_ratio": null,
            "account_receivable_turnover_ratio": null,
            "reinvestment_rate": null,
            "research_to_sale_ratio": null,
            "price_fair": 0,
            "eps_avg_yearly": 0,
            "eps_latest_yearly": 0,
            "eps_growth_yearly": 0
        },
        "20014": {
            "year_quarter": 20014,
            "year": 2001,
            "quarter": 4,
            "eps": null,
            "eps_growth_year": null,
            "eps_4q": null,
            "eps_4q_growth_year": null,
            "roe": null,
            "gross_profit": null,
            "gross_margin": null,
            "net_income": null,
            "revenue": null,
            "common_shares": 420000,
            "equity": 333573,
            "current_ratio": 80.36,
            "debt_ratio": 74.44,
            "inventory_turnover_ratio": null,
            "account_receivable_turnover_ratio": null,
            "reinvestment_rate": null,
            "research_to_sale_ratio": null,
            "price_fair": 0,
            "eps_avg_yearly": 0,
            "eps_latest_yearly": 0,
            "eps_growth_yearly": 0
        },
        "20021": {
            "year_quarter": 20021,
            "year": 2002,
            "quarter": 1,
            "eps": null,
            "eps_growth_year": null,
            "eps_4q": null,
            "eps_4q_growth_year": null,
            "roe": null,
            "gross_profit": null,
            "gross_margin": null,
            "net_income": null,
            "revenue": null,
            "common_shares": null,
            "equity": null,
            "current_ratio": null,
            "debt_ratio": null,
            "inventory_turnover_ratio": null,
            "account_receivable_turnover_ratio": null,
            "reinvestment_rate": null,
            "research_to_sale_ratio": null,
            "price_fair": 0,
            "eps_avg_yearly": 0,
            "eps_latest_yearly": 0,
            "eps_growth_yearly": 0
        },
        "20022": {
            "year_quarter": 20022,
            "year": 2002,
            "quarter": 2,
            "eps": null,
            "eps_growth_year": null,
            "eps_4q": null,
            "eps_4q_growth_year": null,
            "roe": null,
            "gross_profit": null,
            "gross_margin": null,
            "net_income": null,
            "revenue": null,
            "common_shares": null,
            "equity": null,
            "current_ratio": null,
            "debt_ratio": null,
            "inventory_turnover_ratio": null,
            "account_receivable_turnover_ratio": null,
            "reinvestment_rate": null,
            "research_to_sale_ratio": null,
            "price_fair": 0,
            "eps_avg_yearly": 0,
            "eps_latest_yearly": 0,
            "eps_growth_yearly": 0
        },
        "20023": {
            "year_quarter": 20023,
            "year": 2002,
            "quarter": 3,
            "eps": null,
            "eps_growth_year": null,
            "eps_4q": null,
            "eps_4q_growth_year": null,
            "roe": null,
            "gross_profit": null,
            "gross_margin": null,
            "net_income": null,
            "revenue": null,
            "common_shares": null,
            "equity": null,
            "current_ratio": null,
            "debt_ratio": null,
            "inventory_turnover_ratio": null,
            "account_receivable_turnover_ratio": null,
            "reinvestment_rate": null,
            "research_to_sale_ratio": null,
            "price_fair": 0,
            "eps_avg_yearly": 0,
            "eps_latest_yearly": 0,
            "eps_growth_yearly": 0
        },
        "20024": {
            "year_quarter": 20024,
            "year": 2002,
            "quarter": 4,
            "eps": null,
            "eps_growth_year": null,
            "eps_4q": null,
            "eps_4q_growth_year": null,
            "roe": null,
            "gross_profit": null,
            "gross_margin": null,
            "net_income": null,
            "revenue": null,
            "common_shares": 562000,
            "equity": 496842,
            "current_ratio": 88.45,
            "debt_ratio": 70.48,
            "inventory_turnover_ratio": null,
            "account_receivable_turnover_ratio": null,
            "reinvestment_rate": null,
            "research_to_sale_ratio": null,
            "price_fair": 0,
            "eps_avg_yearly": 0,
            "eps_latest_yearly": 0,
            "eps_growth_yearly": 0
        },
        "20031": {
            "year_quarter": 20031,
            "year": 2003,
            "quarter": 1,
            "eps": null,
            "eps_growth_year": null,
            "eps_4q": null,
            "eps_4q_growth_year": null,
            "roe": null,
            "gross_profit": null,
            "gross_margin": null,
            "net_income": null,
            "revenue": null,
            "common_shares": null,
            "equity": null,
            "current_ratio": null,
            "debt_ratio": null,
            "inventory_turnover_ratio": null,
            "account_receivable_turnover_ratio": null,
            "reinvestment_rate": null,
            "research_to_sale_ratio": null,
            "price_fair": 0,
            "eps_avg_yearly": 0,
            "eps_latest_yearly": 0,
            "eps_growth_yearly": 0
        },
        "20032": {
            "year_quarter": 20032,
            "year": 2003,
            "quarter": 2,
            "eps": null,
            "eps_growth_year": null,
            "eps_4q": null,
            "eps_4q_growth_year": null,
            "roe": null,
            "gross_profit": null,
            "gross_margin": null,
            "net_income": null,
            "revenue": null,
            "common_shares": null,
            "equity": null,
            "current_ratio": null,
            "debt_ratio": null,
            "inventory_turnover_ratio": null,
            "account_receivable_turnover_ratio": null,
            "reinvestment_rate": null,
            "research_to_sale_ratio": null,
            "price_fair": 0,
            "eps_avg_yearly": 0,
            "eps_latest_yearly": 0,
            "eps_growth_yearly": 0
        },
        "20033": {
            "year_quarter": 20033,
            "year": 2003,
            "quarter": 3,
            "eps": 1.07,
            "eps_growth_year": null,
            "eps_4q": null,
            "eps_4q_growth_year": null,
            "roe": 10.08,
            "gross_profit": 115572,
            "gross_margin": 23.82,
            "net_income": 29437,
            "revenue": 485240,
            "common_shares": 274800,
            "equity": 291891,
            "current_ratio": 100.95,
            "debt_ratio": 79.67,
            "inventory_turnover_ratio": 2.5,
            "account_receivable_turnover_ratio": null,
            "reinvestment_rate": null,
            "research_to_sale_ratio": null,
            "price_fair": 0,
            "eps_avg_yearly": 0,
            "eps_latest_yearly": 0,
            "eps_growth_yearly": 0
        },
        "20034": {
            "year_quarter": 20034,
            "year": 2003,
            "quarter": 4,
            "eps": 0.86,
            "eps_growth_year": null,
            "eps_4q": null,
            "eps_4q_growth_year": null,
            "roe": 9.8,
            "gross_profit": 117835,
            "gross_margin": 21.19,
            "net_income": 42939,
            "revenue": 555999,
            "common_shares": 399800,
            "equity": 584596,
            "current_ratio": 120.79,
            "debt_ratio": 62.65,
            "inventory_turnover_ratio": 3.1,
            "account_receivable_turnover_ratio": null,
            "reinvestment_rate": null,
            "research_to_sale_ratio": null,
            "price_fair": 10.32,
            "eps_avg_yearly": 3.44,
            "eps_latest_yearly": 3.44,
            "eps_growth_yearly": -78.5
        },
        "20041": {
            "year_quarter": 20041,
            "year": 2004,
            "quarter": 1,
            "eps": null,
            "eps_growth_year": null,
            "eps_4q": null,
            "eps_4q_growth_year": null,
            "roe": null,
            "gross_profit": null,
            "gross_margin": null,
            "net_income": null,
            "revenue": null,
            "common_shares": null,
            "equity": null,
            "current_ratio": null,
            "debt_ratio": null,
            "inventory_turnover_ratio": null,
            "account_receivable_turnover_ratio": null,
            "reinvestment_rate": null,
            "research_to_sale_ratio": null,
            "price_fair": 10.32,
            "eps_avg_yearly": 3.44,
            "eps_latest_yearly": 3.44,
            "eps_growth_yearly": -78.5
        },
        "20042": {
            "year_quarter": 20042,
            "year": 2004,
            "quarter": 2,
            "eps": null,
            "eps_growth_year": null,
            "eps_4q": null,
            "eps_4q_growth_year": null,
            "roe": null,
            "gross_profit": null,
            "gross_margin": null,
            "net_income": null,
            "revenue": null,
            "common_shares": null,
            "equity": null,
            "current_ratio": null,
            "debt_ratio": null,
            "inventory_turnover_ratio": null,
            "account_receivable_turnover_ratio": null,
            "reinvestment_rate": null,
            "research_to_sale_ratio": null,
            "price_fair": 10.32,
            "eps_avg_yearly": 3.44,
            "eps_latest_yearly": 3.44,
            "eps_growth_yearly": -78.5
        },
        "20043": {
            "year_quarter": 20043,
            "year": 2004,
            "quarter": 3,
            "eps": 2.62,
            "eps_growth_year": 144.86,
            "eps_4q": null,
            "eps_4q_growth_year": null,
            "roe": 13.73,
            "gross_profit": 131691,
            "gross_margin": 22.35,
            "net_income": 121468,
            "revenue": 589107,
            "common_shares": 463770,
            "equity": 884778,
            "current_ratio": 125.48,
            "debt_ratio": 54.42,
            "inventory_turnover_ratio": 2.31,
            "account_receivable_turnover_ratio": null,
            "reinvestment_rate": null,
            "research_to_sale_ratio": null,
            "price_fair": 10.32,
            "eps_avg_yearly": 3.44,
            "eps_latest_yearly": 3.44,
            "eps_growth_yearly": -78.5
        },
        "20044": {
            "year_quarter": 20044,
            "year": 2004,
            "quarter": 4,
            "eps": 1.86,
            "eps_growth_year": 116.28,
            "eps_4q": null,
            "eps_4q_growth_year": null,
            "roe": 9.38,
            "gross_profit": 114398,
            "gross_margin": 18.38,
            "net_income": 86293,
            "revenue": 622567,
            "common_shares": 463770,
            "equity": 954574,
            "current_ratio": 146.55,
            "debt_ratio": 54.48,
            "inventory_turnover_ratio": 1.72,
            "account_receivable_turnover_ratio": null,
            "reinvestment_rate": null,
            "research_to_sale_ratio": null,
            "price_fair": 16.32,
            "eps_avg_yearly": 5.44,
            "eps_latest_yearly": 7.44,
            "eps_growth_yearly": -97.27
        },
        "20051": {
            "year_quarter": 20051,
            "year": 2005,
            "quarter": 1,
            "eps": 2.65,
            "eps_growth_year": null,
            "eps_4q": null,
            "eps_4q_growth_year": null,
            "roe": 12.01,
            "gross_profit": 138283,
            "gross_margin": 20.78,
            "net_income": 122861,
            "revenue": 665543,
            "common_shares": 463770,
            "equity": 1091182,
            "current_ratio": 126.57,
            "debt_ratio": 50.67,
            "inventory_turnover_ratio": 1.72,
            "account_receivable_turnover_ratio": null,
            "reinvestment_rate": null,
            "research_to_sale_ratio": null,
            "price_fair": 21.48,
            "eps_avg_yearly": 7.16,
            "eps_latest_yearly": 10.6,
            "eps_growth_yearly": -8.21
        },
        "20052": {
            "year_quarter": 20052,
            "year": 2005,
            "quarter": 2,
            "eps": 3.16,
            "eps_growth_year": null,
            "eps_4q": 9.52,
            "eps_4q_growth_year": null,
            "roe": 15.07,
            "gross_profit": 167500,
            "gross_margin": 23.48,
            "net_income": 164326,
            "revenue": 713453,
            "common_shares": 463770,
            "equity": 1090314,
            "current_ratio": 119.74,
            "debt_ratio": 55.02,
            "inventory_turnover_ratio": 2.64,
            "account_receivable_turnover_ratio": null,
            "reinvestment_rate": null,
            "research_to_sale_ratio": null,
            "price_fair": 196.91,
            "eps_avg_yearly": 8.53,
            "eps_latest_yearly": 12.64,
            "eps_growth_yearly": 13.08
        },
        "20053": {
            "year_quarter": 20053,
            "year": 2005,
            "quarter": 3,
            "eps": 3.86,
            "eps_growth_year": 47.33,
            "eps_4q": 11.04,
            "eps_4q_growth_year": null,
            "roe": 16.6,
            "gross_profit": 207731,
            "gross_margin": 22.24,
            "net_income": 200669,
            "revenue": 934030,
            "common_shares": 520147,
            "equity": 1326899,
            "current_ratio": 112.9,
            "debt_ratio": 56.41,
            "inventory_turnover_ratio": 3.34,
            "account_receivable_turnover_ratio": null,
            "reinvestment_rate": null,
            "research_to_sale_ratio": null,
            "price_fair": 346.92,
            "eps_avg_yearly": 9.91,
            "eps_latest_yearly": 15.44,
            "eps_growth_yearly": 28.19
        },
        "20054": {
            "year_quarter": 20054,
            "year": 2005,
            "quarter": 4,
            "eps": 4.63,
            "eps_growth_year": 148.92,
            "eps_4q": 14,
            "eps_4q_growth_year": null,
            "roe": 16.65,
            "gross_profit": 239251,
            "gross_margin": 21.4,
            "net_income": 240989,
            "revenue": 1117988,
            "common_shares": 520147,
            "equity": 1567432,
            "current_ratio": 152.6,
            "debt_ratio": 55.6,
            "inventory_turnover_ratio": 2.78,
            "account_receivable_turnover_ratio": null,
            "reinvestment_rate": null,
            "research_to_sale_ratio": null,
            "price_fair": 397.13,
            "eps_avg_yearly": 11.35,
            "eps_latest_yearly": 18.52,
            "eps_growth_yearly": 36.79
        },
        "20061": {
            "year_quarter": 20061,
            "year": 2006,
            "quarter": 1,
            "eps": 3.83,
            "eps_growth_year": 44.53,
            "eps_4q": 14.31,
            "eps_4q_growth_year": null,
            "roe": 10.24,
            "gross_profit": 251624,
            "gross_margin": 21.33,
            "net_income": 221451,
            "revenue": 1179489,
            "common_shares": 588587,
            "equity": 2755810,
            "current_ratio": 232.32,
            "debt_ratio": 36,
            "inventory_turnover_ratio": 2.58,
            "account_receivable_turnover_ratio": null,
            "reinvestment_rate": null,
            "research_to_sale_ratio": null,
            "price_fair": 377.21,
            "eps_avg_yearly": 11.91,
            "eps_latest_yearly": 15.32,
            "eps_growth_yearly": 21.66
        },
        "20062": {
            "year_quarter": 20062,
            "year": 2006,
            "quarter": 2,
            "eps": 2.24,
            "eps_growth_year": -29.11,
            "eps_4q": 13.68,
            "eps_4q_growth_year": 43.76,
            "roe": 4.9,
            "gross_profit": 222716,
            "gross_margin": 18.6,
            "net_income": 129808,
            "revenue": 1197359,
            "common_shares": 588587,
            "equity": 2546615,
            "current_ratio": 174.19,
            "debt_ratio": 44.96,
            "inventory_turnover_ratio": 2.54,
            "account_receivable_turnover_ratio": null,
            "reinvestment_rate": null,
            "research_to_sale_ratio": null,
            "price_fair": 34.64,
            "eps_avg_yearly": 11.55,
            "eps_latest_yearly": 8.96,
            "eps_growth_yearly": -1.8
        },
        "20063": {
            "year_quarter": 20063,
            "year": 2006,
            "quarter": 3,
            "eps": 2.36,
            "eps_growth_year": -38.86,
            "eps_4q": 11.19,
            "eps_4q_growth_year": 1.29,
            "roe": 6,
            "gross_profit": 187684,
            "gross_margin": 15.8,
            "net_income": 158343,
            "revenue": 1187606,
            "common_shares": 675104,
            "equity": 2732951,
            "current_ratio": 245.68,
            "debt_ratio": 38.25,
            "inventory_turnover_ratio": 2.51,
            "account_receivable_turnover_ratio": null,
            "reinvestment_rate": null,
            "research_to_sale_ratio": null,
            "price_fair": 113.11,
            "eps_avg_yearly": 11.31,
            "eps_latest_yearly": 9.44,
            "eps_growth_yearly": 0.78
        },
        "20064": {
            "year_quarter": 20064,
            "year": 2006,
            "quarter": 4,
            "eps": 1.69,
            "eps_growth_year": -63.5,
            "eps_4q": 9.37,
            "eps_4q_growth_year": -33.1,
            "roe": 4.02,
            "gross_profit": 176479,
            "gross_margin": 14.22,
            "net_income": 112172,
            "revenue": 1240906,
            "common_shares": 675104,
            "equity": 2842018,
            "current_ratio": 237.16,
            "debt_ratio": 42.48,
            "inventory_turnover_ratio": 1.95,
            "account_receivable_turnover_ratio": null,
            "reinvestment_rate": null,
            "research_to_sale_ratio": null,
            "price_fair": 32.57,
            "eps_avg_yearly": 10.86,
            "eps_latest_yearly": 6.76,
            "eps_growth_yearly": -10.66
        },
        "20071": {
            "year_quarter": 20071,
            "year": 2007,
            "quarter": 1,
            "eps": 1.5,
            "eps_growth_year": -60.84,
            "eps_4q": 7.44,
            "eps_4q_growth_year": -48.04,
            "roe": 3.48,
            "gross_profit": 127676,
            "gross_margin": 13.53,
            "net_income": 101154,
            "revenue": 943626,
            "common_shares": 675104,
            "equity": 2967648,
            "current_ratio": 257.91,
            "debt_ratio": 34.67,
            "inventory_turnover_ratio": 1.52,
            "account_receivable_turnover_ratio": null,
            "reinvestment_rate": null,
            "research_to_sale_ratio": null,
            "price_fair": 31.24,
            "eps_avg_yearly": 10.41,
            "eps_latest_yearly": 6,
            "eps_growth_yearly": -13.78
        },
        "20072": {
            "year_quarter": 20072,
            "year": 2007,
            "quarter": 2,
            "eps": 0.73,
            "eps_growth_year": -67.41,
            "eps_4q": 5.9,
            "eps_4q_growth_year": -56.86,
            "roe": 1.86,
            "gross_profit": 104257,
            "gross_margin": 10.57,
            "net_income": 52445,
            "revenue": 986614,
            "common_shares": 675104,
            "equity": 2678777,
            "current_ratio": 186.23,
            "debt_ratio": 41.61,
            "inventory_turnover_ratio": 2.57,
            "account_receivable_turnover_ratio": null,
            "reinvestment_rate": null,
            "research_to_sale_ratio": null,
            "price_fair": 29.37,
            "eps_avg_yearly": 9.79,
            "eps_latest_yearly": 2.92,
            "eps_growth_yearly": -29.74
        },
        "20073": {
            "year_quarter": 20073,
            "year": 2007,
            "quarter": 3,
            "eps": 0.79,
            "eps_growth_year": -66.53,
            "eps_4q": 4.49,
            "eps_4q_growth_year": -59.82,
            "roe": 2.15,
            "gross_profit": 140182,
            "gross_margin": 10.72,
            "net_income": 56672,
            "revenue": 1307734,
            "common_shares": 718859,
            "equity": 2591721,
            "current_ratio": 141.37,
            "debt_ratio": 48.9,
            "inventory_turnover_ratio": 2.82,
            "account_receivable_turnover_ratio": null,
            "reinvestment_rate": null,
            "research_to_sale_ratio": null,
            "price_fair": 27.84,
            "eps_avg_yearly": 9.28,
            "eps_latest_yearly": 3.16,
            "eps_growth_yearly": -24.92
        },
        "20074": {
            "year_quarter": 20074,
            "year": 2007,
            "quarter": 4,
            "eps": 0.01,
            "eps_growth_year": -99.41,
            "eps_4q": 2.92,
            "eps_4q_growth_year": -68.79,
            "roe": 0.03,
            "gross_profit": 154237,
            "gross_margin": 11.27,
            "net_income": 692,
            "revenue": 1368343,
            "common_shares": 718859,
            "equity": 2636310,
            "current_ratio": 155.07,
            "debt_ratio": 53.96,
            "inventory_turnover_ratio": 1.75,
            "account_receivable_turnover_ratio": null,
            "reinvestment_rate": null,
            "research_to_sale_ratio": null,
            "price_fair": 27.06,
            "eps_avg_yearly": 9.02,
            "eps_latest_yearly": 0.04,
            "eps_growth_yearly": -49.26
        },
        "20081": {
            "year_quarter": 20081,
            "year": 2008,
            "quarter": 1,
            "eps": -0.66,
            "eps_growth_year": -144,
            "eps_4q": 0.93,
            "eps_4q_growth_year": -87.51,
            "roe": -1.73,
            "gross_profit": 116060,
            "gross_margin": 9.4,
            "net_income": -44975,
            "revenue": 1234821,
            "common_shares": 718859,
            "equity": 2550532,
            "current_ratio": 157.59,
            "debt_ratio": 51.25,
            "inventory_turnover_ratio": 1.34,
            "account_receivable_turnover_ratio": null,
            "reinvestment_rate": null,
            "research_to_sale_ratio": null,
            "price_fair": 27.06,
            "eps_avg_yearly": 9.02,
            "eps_latest_yearly": 0.04,
            "eps_growth_yearly": -49.26
        },
        "20082": {
            "year_quarter": 20082,
            "year": 2008,
            "quarter": 2,
            "eps": 0.44,
            "eps_growth_year": -39.73,
            "eps_4q": 0.57,
            "eps_4q_growth_year": -90.34,
            "roe": 1.28,
            "gross_profit": 158022,
            "gross_margin": 11.81,
            "net_income": 32451,
            "revenue": 1338566,
            "common_shares": 718859,
            "equity": 2500247,
            "current_ratio": 151.03,
            "debt_ratio": 52.89,
            "inventory_turnover_ratio": 1.47,
            "account_receivable_turnover_ratio": null,
            "reinvestment_rate": 109.83,
            "research_to_sale_ratio": null,
            "price_fair": 27.06,
            "eps_avg_yearly": 9.02,
            "eps_latest_yearly": 0.04,
            "eps_growth_yearly": -49.26
        },
        "20083": {
            "year_quarter": 20083,
            "year": 2008,
            "quarter": 3,
            "eps": 0.97,
            "eps_growth_year": 22.78,
            "eps_4q": 0.73,
            "eps_4q_growth_year": -83.84,
            "roe": 2.92,
            "gross_profit": 234244,
            "gross_margin": 14.35,
            "net_income": 74096,
            "revenue": 1631832,
            "common_shares": 746930,
            "equity": 2578516,
            "current_ratio": 132.83,
            "debt_ratio": 59.7,
            "inventory_turnover_ratio": 1.48,
            "account_receivable_turnover_ratio": null,
            "reinvestment_rate": 94.64,
            "research_to_sale_ratio": null,
            "price_fair": 25.95,
            "eps_avg_yearly": 8.65,
            "eps_latest_yearly": 3.88,
            "eps_growth_yearly": -11.33
        },
        "20084": {
            "year_quarter": 20084,
            "year": 2008,
            "quarter": 4,
            "eps": -0.29,
            "eps_growth_year": -3000,
            "eps_4q": 0.4,
            "eps_4q_growth_year": -86.23,
            "roe": -0.84,
            "gross_profit": 102730,
            "gross_margin": 9.3,
            "net_income": -21738,
            "revenue": 1104341,
            "common_shares": 746930,
            "equity": 2585020,
            "current_ratio": 123.62,
            "debt_ratio": 56.15,
            "inventory_turnover_ratio": 1.01,
            "account_receivable_turnover_ratio": 1.29,
            "reinvestment_rate": 91.43,
            "research_to_sale_ratio": null,
            "price_fair": 26.23,
            "eps_avg_yearly": 8.74,
            "eps_latest_yearly": 3.88,
            "eps_growth_yearly": -3.27
        },
        "20091": {
            "year_quarter": 20091,
            "year": 2009,
            "quarter": 1,
            "eps": -0.58,
            "eps_growth_year": null,
            "eps_4q": 0.52,
            "eps_4q_growth_year": -43.52,
            "roe": -1.82,
            "gross_profit": 61904,
            "gross_margin": 5.84,
            "net_income": -47091,
            "revenue": 1059092,
            "common_shares": 746930,
            "equity": 2577651,
            "current_ratio": 123.12,
            "debt_ratio": 54.09,
            "inventory_turnover_ratio": 1.03,
            "account_receivable_turnover_ratio": 0.69,
            "reinvestment_rate": 115.32,
            "research_to_sale_ratio": null,
            "price_fair": 25.77,
            "eps_avg_yearly": 8.59,
            "eps_latest_yearly": 3.88,
            "eps_growth_yearly": -17.71
        },
        "20092": {
            "year_quarter": 20092,
            "year": 2009,
            "quarter": 2,
            "eps": 1.32,
            "eps_growth_year": 200,
            "eps_4q": 1.4,
            "eps_4q_growth_year": 146.34,
            "roe": 3.75,
            "gross_profit": 237864,
            "gross_margin": 14.21,
            "net_income": 97440,
            "revenue": 1674447,
            "common_shares": 746930,
            "equity": 2623590,
            "current_ratio": 143.51,
            "debt_ratio": 55.53,
            "inventory_turnover_ratio": 1.63,
            "account_receivable_turnover_ratio": 1,
            "reinvestment_rate": 114.98,
            "research_to_sale_ratio": null,
            "price_fair": 24.67,
            "eps_avg_yearly": 8.22,
            "eps_latest_yearly": 3.88,
            "eps_growth_yearly": -26.31
        },
        "20093": {
            "year_quarter": 20093,
            "year": 2009,
            "quarter": 3,
            "eps": 1.46,
            "eps_growth_year": 50.52,
            "eps_4q": 1.92,
            "eps_4q_growth_year": 165.07,
            "roe": 3.98,
            "gross_profit": 324271,
            "gross_margin": 16.2,
            "net_income": 105818,
            "revenue": 2001414,
            "common_shares": 761145,
            "equity": 2697400,
            "current_ratio": 137.29,
            "debt_ratio": 58.88,
            "inventory_turnover_ratio": 2.09,
            "account_receivable_turnover_ratio": 0.87,
            "reinvestment_rate": 110.04,
            "research_to_sale_ratio": null,
            "price_fair": 22.05,
            "eps_avg_yearly": 7.35,
            "eps_latest_yearly": 5.84,
            "eps_growth_yearly": -30.51
        },
        "20094": {
            "year_quarter": 20094,
            "year": 2009,
            "quarter": 4,
            "eps": 1.07,
            "eps_growth_year": null,
            "eps_4q": 3.28,
            "eps_4q_growth_year": 714.45,
            "roe": 2.89,
            "gross_profit": 279875,
            "gross_margin": 14,
            "net_income": 78899,
            "revenue": 1998476,
            "common_shares": 761145,
            "equity": 2766508,
            "current_ratio": 130.69,
            "debt_ratio": 60.51,
            "inventory_turnover_ratio": 1.76,
            "account_receivable_turnover_ratio": 1.5,
            "reinvestment_rate": 107.8,
            "research_to_sale_ratio": null,
            "price_fair": 18.16,
            "eps_avg_yearly": 6.05,
            "eps_latest_yearly": 4.28,
            "eps_growth_yearly": -47.48
        },
        "20101": {
            "year_quarter": 20101,
            "year": 2010,
            "quarter": 1,
            "eps": 1.09,
            "eps_growth_year": null,
            "eps_4q": 4.94,
            "eps_4q_growth_year": 840.59,
            "roe": 2.84,
            "gross_profit": 283345,
            "gross_margin": 12.98,
            "net_income": 79676,
            "revenue": 2182644,
            "common_shares": 761145,
            "equity": 2842967,
            "current_ratio": 128.97,
            "debt_ratio": 63.36,
            "inventory_turnover_ratio": 1.55,
            "account_receivable_turnover_ratio": 0.77,
            "reinvestment_rate": 150.47,
            "research_to_sale_ratio": 2.59,
            "price_fair": 15.17,
            "eps_avg_yearly": 5.06,
            "eps_latest_yearly": 4.36,
            "eps_growth_yearly": -40.52
        },
        "20102": {
            "year_quarter": 20102,
            "year": 2010,
            "quarter": 2,
            "eps": 1.73,
            "eps_growth_year": 31.3,
            "eps_4q": 5.35,
            "eps_4q_growth_year": 280.69,
            "roe": 4.42,
            "gross_profit": 352611,
            "gross_margin": 14.39,
            "net_income": 126636,
            "revenue": 2450225,
            "common_shares": 761145,
            "equity": 2892090,
            "current_ratio": 130.5,
            "debt_ratio": 69.95,
            "inventory_turnover_ratio": 1.44,
            "account_receivable_turnover_ratio": 0.7,
            "reinvestment_rate": 160.81,
            "research_to_sale_ratio": 2.21,
            "price_fair": 14.62,
            "eps_avg_yearly": 4.87,
            "eps_latest_yearly": 6.92,
            "eps_growth_yearly": -4.07
        },
        "20103": {
            "year_quarter": 20103,
            "year": 2010,
            "quarter": 3,
            "eps": 2.17,
            "eps_growth_year": 48.29,
            "eps_4q": 6.05,
            "eps_4q_growth_year": 214.43,
            "roe": 5.38,
            "gross_profit": 423057,
            "gross_margin": 16.17,
            "net_income": 159020,
            "revenue": 2616068,
            "common_shares": 761145,
            "equity": 3022915,
            "current_ratio": 160.15,
            "debt_ratio": 66.45,
            "inventory_turnover_ratio": 1.36,
            "account_receivable_turnover_ratio": 0.68,
            "reinvestment_rate": 163.05,
            "research_to_sale_ratio": 2.29,
            "price_fair": 63.56,
            "eps_avg_yearly": 4.8,
            "eps_latest_yearly": 8.68,
            "eps_growth_yearly": 3.23
        },
        "20104": {
            "year_quarter": 20104,
            "year": 2010,
            "quarter": 4,
            "eps": 1.1,
            "eps_growth_year": 2.65,
            "eps_4q": 6.08,
            "eps_4q_growth_year": 85.54,
            "roe": 2.62,
            "gross_profit": 327384,
            "gross_margin": 14.46,
            "net_income": 78695,
            "revenue": 2263278,
            "common_shares": 744645,
            "equity": 2994610,
            "current_ratio": 157.76,
            "debt_ratio": 64.83,
            "inventory_turnover_ratio": 1.22,
            "account_receivable_turnover_ratio": 0.63,
            "reinvestment_rate": 90.79,
            "research_to_sale_ratio": 2.77,
            "price_fair": 13.77,
            "eps_avg_yearly": 4.59,
            "eps_latest_yearly": 4.4,
            "eps_growth_yearly": -4.38
        },
        "20111": {
            "year_quarter": 20111,
            "year": 2011,
            "quarter": 1,
            "eps": 1.53,
            "eps_growth_year": 40.37,
            "eps_4q": 6.53,
            "eps_4q_growth_year": 32.22,
            "roe": 3.63,
            "gross_profit": 351711,
            "gross_margin": 13.87,
            "net_income": 111409,
            "revenue": 2535850,
            "common_shares": 744645,
            "equity": 3141658,
            "current_ratio": 156.3,
            "debt_ratio": 66.27,
            "inventory_turnover_ratio": 1.41,
            "account_receivable_turnover_ratio": 0.71,
            "reinvestment_rate": 150.4,
            "research_to_sale_ratio": 1.81,
            "price_fair": 110.07,
            "eps_avg_yearly": 4.6,
            "eps_latest_yearly": 6.12,
            "eps_growth_yearly": 13.93
        },
        "20112": {
            "year_quarter": 20112,
            "year": 2011,
            "quarter": 2,
            "eps": 1.17,
            "eps_growth_year": -32.72,
            "eps_4q": 5.96,
            "eps_4q_growth_year": 11.4,
            "roe": 2.74,
            "gross_profit": 346170,
            "gross_margin": 12.99,
            "net_income": 83636,
            "revenue": 2663882,
            "common_shares": 744734,
            "equity": 2962865,
            "current_ratio": 128.38,
            "debt_ratio": 69,
            "inventory_turnover_ratio": 1.32,
            "account_receivable_turnover_ratio": 0.7,
            "reinvestment_rate": 164.03,
            "research_to_sale_ratio": 1.56,
            "price_fair": 162.02,
            "eps_avg_yearly": 4.76,
            "eps_latest_yearly": 4.68,
            "eps_growth_yearly": 24.04
        },
        "20113": {
            "year_quarter": 20113,
            "year": 2011,
            "quarter": 3,
            "eps": 1.72,
            "eps_growth_year": -20.33,
            "eps_4q": 4.96,
            "eps_4q_growth_year": -18.05,
            "roe": 4.25,
            "gross_profit": 296676,
            "gross_margin": 11.04,
            "net_income": 146481,
            "revenue": 2688168,
            "common_shares": 850044,
            "equity": 3933169,
            "current_ratio": 142.45,
            "debt_ratio": 62.28,
            "inventory_turnover_ratio": 1.29,
            "account_receivable_turnover_ratio": 0.67,
            "reinvestment_rate": 157.35,
            "research_to_sale_ratio": 1.65,
            "price_fair": 178.44,
            "eps_avg_yearly": 5.1,
            "eps_latest_yearly": 6.88,
            "eps_growth_yearly": 38.14
        },
        "20114": {
            "year_quarter": 20114,
            "year": 2011,
            "quarter": 4,
            "eps": 0.79,
            "eps_growth_year": -28.33,
            "eps_4q": 4.81,
            "eps_4q_growth_year": -20.91,
            "roe": 1.69,
            "gross_profit": 269404,
            "gross_margin": 11.13,
            "net_income": 66908,
            "revenue": 2421149,
            "common_shares": 850044,
            "equity": 3984164,
            "current_ratio": 148.13,
            "debt_ratio": 58.48,
            "inventory_turnover_ratio": 1.3,
            "account_receivable_turnover_ratio": 0.62,
            "reinvestment_rate": 75.58,
            "research_to_sale_ratio": 2.03,
            "price_fair": 188.36,
            "eps_avg_yearly": 5.38,
            "eps_latest_yearly": 3.16,
            "eps_growth_yearly": 54.38
        },
        "20121": {
            "year_quarter": 20121,
            "year": 2012,
            "quarter": 1,
            "eps": 0.99,
            "eps_growth_year": -35.29,
            "eps_4q": 4.5,
            "eps_4q_growth_year": -31.09,
            "roe": 2.12,
            "gross_profit": 282827,
            "gross_margin": 11.39,
            "net_income": 84970,
            "revenue": 2483293,
            "common_shares": 850044,
            "equity": 4036991,
            "current_ratio": 142.09,
            "debt_ratio": 60.03,
            "inventory_turnover_ratio": 1.39,
            "account_receivable_turnover_ratio": 0.65,
            "reinvestment_rate": 64.3,
            "research_to_sale_ratio": 2.25,
            "price_fair": 184.22,
            "eps_avg_yearly": 5.26,
            "eps_latest_yearly": 3.96,
            "eps_growth_yearly": 58.29
        },
        "20122": {
            "year_quarter": 20122,
            "year": 2012,
            "quarter": 2,
            "eps": 0.77,
            "eps_growth_year": -34.27,
            "eps_4q": 4.27,
            "eps_4q_growth_year": -28.35,
            "roe": 1.67,
            "gross_profit": 359891,
            "gross_margin": 13.19,
            "net_income": 66198,
            "revenue": 2727655,
            "common_shares": 850044,
            "equity": 3888199,
            "current_ratio": 133.9,
            "debt_ratio": 62.99,
            "inventory_turnover_ratio": 1.41,
            "account_receivable_turnover_ratio": 0.66,
            "reinvestment_rate": 62.06,
            "research_to_sale_ratio": 2.19,
            "price_fair": 178.34,
            "eps_avg_yearly": 5.1,
            "eps_latest_yearly": 3.08,
            "eps_growth_yearly": 46.97
        },
        "20123": {
            "year_quarter": 20123,
            "year": 2012,
            "quarter": 3,
            "eps": 0.98,
            "eps_growth_year": -43.4,
            "eps_4q": 3.52,
            "eps_4q_growth_year": -29.03,
            "roe": 2.16,
            "gross_profit": 380656,
            "gross_margin": 11.51,
            "net_income": 84222,
            "revenue": 3306007,
            "common_shares": 850044,
            "equity": 3916686,
            "current_ratio": 132.72,
            "debt_ratio": 64.41,
            "inventory_turnover_ratio": 1.66,
            "account_receivable_turnover_ratio": 0.71,
            "reinvestment_rate": 52.49,
            "research_to_sale_ratio": 1.98,
            "price_fair": 144.28,
            "eps_avg_yearly": 5.1,
            "eps_latest_yearly": 3.92,
            "eps_growth_yearly": 18.3
        },
        "20124": {
            "year_quarter": 20124,
            "year": 2012,
            "quarter": 4,
            "eps": 0.71,
            "eps_growth_year": -9.7,
            "eps_4q": 3.44,
            "eps_4q_growth_year": -28.41,
            "roe": 1.56,
            "gross_profit": 358431,
            "gross_margin": 11.89,
            "net_income": 61614,
            "revenue": 3014574,
            "common_shares": 850044,
            "equity": 3973459,
            "current_ratio": 131.03,
            "debt_ratio": 65.04,
            "inventory_turnover_ratio": 1.36,
            "account_receivable_turnover_ratio": 0.61,
            "reinvestment_rate": 45.17,
            "research_to_sale_ratio": 2.37,
            "price_fair": 94.4,
            "eps_avg_yearly": 4.94,
            "eps_latest_yearly": 2.84,
            "eps_growth_yearly": 9.12
        },
        "20131": {
            "year_quarter": 20131,
            "year": 2013,
            "quarter": 1,
            "eps": 0.09,
            "eps_growth_year": -90.91,
            "eps_4q": 2.17,
            "eps_4q_growth_year": -51.85,
            "roe": 0.19,
            "gross_profit": 225910,
            "gross_margin": 8.73,
            "net_income": 7989,
            "revenue": 2588591,
            "common_shares": 1000044,
            "equity": 4641647,
            "current_ratio": 145.93,
            "debt_ratio": 61.42,
            "inventory_turnover_ratio": 1.15,
            "account_receivable_turnover_ratio": 0.54,
            "reinvestment_rate": 46.82,
            "research_to_sale_ratio": 2.63,
            "price_fair": 13.9,
            "eps_avg_yearly": 4.63,
            "eps_latest_yearly": 0.36,
            "eps_growth_yearly": -14.77
        },
        "20132": {
            "year_quarter": 20132,
            "year": 2013,
            "quarter": 2,
            "eps": 0.39,
            "eps_growth_year": -49.12,
            "eps_4q": 1.9,
            "eps_4q_growth_year": -55.45,
            "roe": 0.87,
            "gross_profit": 276265,
            "gross_margin": 9.36,
            "net_income": 40219,
            "revenue": 2952077,
            "common_shares": 1000044,
            "equity": 4580784,
            "current_ratio": 145.82,
            "debt_ratio": 60.71,
            "inventory_turnover_ratio": 1.47,
            "account_receivable_turnover_ratio": 0.63,
            "reinvestment_rate": 55.89,
            "research_to_sale_ratio": 2.13,
            "price_fair": 155.4,
            "eps_avg_yearly": 4.44,
            "eps_latest_yearly": 1.56,
            "eps_growth_yearly": 69.48
        },
        "20133": {
            "year_quarter": 20133,
            "year": 2013,
            "quarter": 3,
            "eps": 0.6,
            "eps_growth_year": -38.54,
            "eps_4q": 1.67,
            "eps_4q_growth_year": -52.57,
            "roe": 1.31,
            "gross_profit": 315758,
            "gross_margin": 10.54,
            "net_income": 60070,
            "revenue": 2996418,
            "common_shares": 1000044,
            "equity": 4610838,
            "current_ratio": 155.27,
            "debt_ratio": 57.69,
            "inventory_turnover_ratio": 1.78,
            "account_receivable_turnover_ratio": 0.62,
            "reinvestment_rate": 68.45,
            "research_to_sale_ratio": 2.24,
            "price_fair": 147.88,
            "eps_avg_yearly": 4.23,
            "eps_latest_yearly": 2.4,
            "eps_growth_yearly": 80.29
        },
        "20134": {
            "year_quarter": 20134,
            "year": 2013,
            "quarter": 4,
            "eps": -0.15,
            "eps_growth_year": -120.81,
            "eps_4q": 0.92,
            "eps_4q_growth_year": -73.36,
            "roe": -0.32,
            "gross_profit": 226486,
            "gross_margin": 8.23,
            "net_income": -15022,
            "revenue": 2753156,
            "common_shares": 1000044,
            "equity": 4637607,
            "current_ratio": 158.95,
            "debt_ratio": 57.29,
            "inventory_turnover_ratio": 1.84,
            "account_receivable_turnover_ratio": 0.58,
            "reinvestment_rate": 58.22,
            "research_to_sale_ratio": 2.37,
            "price_fair": 147.75,
            "eps_avg_yearly": 4.22,
            "eps_latest_yearly": 2.4,
            "eps_growth_yearly": 92.77
        },
        "20141": {
            "year_quarter": 20141,
            "year": 2014,
            "quarter": 1,
            "eps": 0.76,
            "eps_growth_year": 744.44,
            "eps_4q": 1.6,
            "eps_4q_growth_year": -26.1,
            "roe": 1.63,
            "gross_profit": 351320,
            "gross_margin": 12.4,
            "net_income": 76339,
            "revenue": 2833221,
            "common_shares": 1000044,
            "equity": 4751430,
            "current_ratio": 160.31,
            "debt_ratio": 58.71,
            "inventory_turnover_ratio": 1.66,
            "account_receivable_turnover_ratio": 0.62,
            "reinvestment_rate": 60.65,
            "research_to_sale_ratio": 2.41,
            "price_fair": 147.4,
            "eps_avg_yearly": 4.21,
            "eps_latest_yearly": 2.4,
            "eps_growth_yearly": 98.86
        },
        "20142": {
            "year_quarter": 20142,
            "year": 2014,
            "quarter": 2,
            "eps": 0.75,
            "eps_growth_year": 92.31,
            "eps_4q": 1.96,
            "eps_4q_growth_year": 3.21,
            "roe": 1.6,
            "gross_profit": 413120,
            "gross_margin": 12.73,
            "net_income": 75562,
            "revenue": 3244392,
            "common_shares": 1000044,
            "equity": 4670998,
            "current_ratio": 166.39,
            "debt_ratio": 58.99,
            "inventory_turnover_ratio": 1.73,
            "account_receivable_turnover_ratio": 0.7,
            "reinvestment_rate": 47.8,
            "research_to_sale_ratio": 2.47,
            "price_fair": 137.6,
            "eps_avg_yearly": 3.93,
            "eps_latest_yearly": 3,
            "eps_growth_yearly": 81.71
        },
        "20143": {
            "year_quarter": 20143,
            "year": 2014,
            "quarter": 3,
            "eps": 0.68,
            "eps_growth_year": 13.33,
            "eps_4q": 2.05,
            "eps_4q_growth_year": 22.48,
            "roe": 1.43,
            "gross_profit": 387468,
            "gross_margin": 11.88,
            "net_income": 67527,
            "revenue": 3261882,
            "common_shares": 1000044,
            "equity": 4790551,
            "current_ratio": 171.48,
            "debt_ratio": 58.1,
            "inventory_turnover_ratio": 1.75,
            "account_receivable_turnover_ratio": 0.65,
            "reinvestment_rate": 47.83,
            "research_to_sale_ratio": 2.32,
            "price_fair": 122.7,
            "eps_avg_yearly": 3.51,
            "eps_latest_yearly": 2.72,
            "eps_growth_yearly": 71.78
        },
        "20144": {
            "year_quarter": 20144,
            "year": 2014,
            "quarter": 4,
            "eps": -0.14,
            "eps_growth_year": null,
            "eps_4q": 2.05,
            "eps_4q_growth_year": 123.5,
            "roe": -0.3,
            "gross_profit": 283014,
            "gross_margin": 9.77,
            "net_income": -14719,
            "revenue": 2898095,
            "common_shares": 1000044,
            "equity": 4907457,
            "current_ratio": 190.57,
            "debt_ratio": 54.62,
            "inventory_turnover_ratio": 1.72,
            "account_receivable_turnover_ratio": 0.58,
            "reinvestment_rate": 62.34,
            "research_to_sale_ratio": 2.77,
            "price_fair": 120.29,
            "eps_avg_yearly": 3.44,
            "eps_latest_yearly": 2.72,
            "eps_growth_yearly": 92.47
        },
        "20151": {
            "year_quarter": 20151,
            "year": 2015,
            "quarter": 1,
            "eps": 0.09,
            "eps_growth_year": -88.16,
            "eps_4q": 1.38,
            "eps_4q_growth_year": -13.75,
            "roe": 0.23,
            "gross_profit": 245365,
            "gross_margin": 10.27,
            "net_income": 11108,
            "revenue": 2389372,
            "common_shares": 1000044,
            "equity": 4868008,
            "current_ratio": 202.56,
            "debt_ratio": 50.72,
            "inventory_turnover_ratio": 1.56,
            "account_receivable_turnover_ratio": 0.54,
            "reinvestment_rate": 72.07,
            "research_to_sale_ratio": 3.15,
            "price_fair": 112.47,
            "eps_avg_yearly": 3.21,
            "eps_latest_yearly": 2.72,
            "eps_growth_yearly": 87.14
        },
        "20152": {
            "year_quarter": 20152,
            "year": 2015,
            "quarter": 2,
            "eps": -0.49,
            "eps_growth_year": -165.33,
            "eps_4q": 0.14,
            "eps_4q_growth_year": -93.06,
            "roe": -0.98,
            "gross_profit": 182915,
            "gross_margin": 8.14,
            "net_income": -46763,
            "revenue": 2247680,
            "common_shares": 1000044,
            "equity": 4671076,
            "current_ratio": 214.87,
            "debt_ratio": 48.88,
            "inventory_turnover_ratio": 1.71,
            "account_receivable_turnover_ratio": 0.6,
            "reinvestment_rate": 50.4,
            "research_to_sale_ratio": 3.18,
            "price_fair": 107.8,
            "eps_avg_yearly": 3.08,
            "eps_latest_yearly": 2.72,
            "eps_growth_yearly": 103.62
        },
        "20153": {
            "year_quarter": 20153,
            "year": 2015,
            "quarter": 3,
            "eps": 0.07,
            "eps_growth_year": -89.71,
            "eps_4q": -0.47,
            "eps_4q_growth_year": -122.98,
            "roe": 0.21,
            "gross_profit": 245393,
            "gross_margin": 9.9,
            "net_income": 9786,
            "revenue": 2478418,
            "common_shares": 1000044,
            "equity": 4737384,
            "current_ratio": 214.76,
            "debt_ratio": 49.13,
            "inventory_turnover_ratio": 2.02,
            "account_receivable_turnover_ratio": 0.68,
            "reinvestment_rate": 40.81,
            "research_to_sale_ratio": 3.2,
            "price_fair": 94.5,
            "eps_avg_yearly": 2.7,
            "eps_latest_yearly": 2.72,
            "eps_growth_yearly": 95.18
        },
        "20154": {
            "year_quarter": 20154,
            "year": 2015,
            "quarter": 4,
            "eps": 0.34,
            "eps_growth_year": null,
            "eps_4q": 0.01,
            "eps_4q_growth_year": -99.37,
            "roe": 0.73,
            "gross_profit": 283414,
            "gross_margin": 11.32,
            "net_income": 34547,
            "revenue": 2504101,
            "common_shares": 1000044,
            "equity": 4700248,
            "current_ratio": 199.97,
            "debt_ratio": 51.5,
            "inventory_turnover_ratio": 1.97,
            "account_receivable_turnover_ratio": 0.65,
            "reinvestment_rate": 13.75,
            "research_to_sale_ratio": 2.98,
            "price_fair": 88.2,
            "eps_avg_yearly": 2.52,
            "eps_latest_yearly": 1.36,
            "eps_growth_yearly": 271.09
        },
        "20161": {
            "year_quarter": 20161,
            "year": 2016,
            "quarter": 1,
            "eps": -0.47,
            "eps_growth_year": -622.22,
            "eps_4q": -0.54,
            "eps_4q_growth_year": -139.45,
            "roe": -0.98,
            "gross_profit": 173750,
            "gross_margin": 8.35,
            "net_income": -45638,
            "revenue": 2080441,
            "common_shares": 1000044,
            "equity": 4613424,
            "current_ratio": 219.89,
            "debt_ratio": 47.64,
            "inventory_turnover_ratio": 1.68,
            "account_receivable_turnover_ratio": 0.55,
            "reinvestment_rate": 4.31,
            "research_to_sale_ratio": 2.91,
            "price_fair": 82.6,
            "eps_avg_yearly": 2.36,
            "eps_latest_yearly": 1.36,
            "eps_growth_yearly": 289.96
        },
        "20162": {
            "year_quarter": 20162,
            "year": 2016,
            "quarter": 2,
            "eps": -1.28,
            "eps_growth_year": null,
            "eps_4q": -1.33,
            "eps_4q_growth_year": -1073.26,
            "roe": -2.82,
            "gross_profit": 80244,
            "gross_margin": 3.74,
            "net_income": -126804,
            "revenue": 2147613,
            "common_shares": 1000044,
            "equity": 4378705,
            "current_ratio": 207.78,
            "debt_ratio": 48.31,
            "inventory_turnover_ratio": 1.95,
            "account_receivable_turnover_ratio": 0.62,
            "reinvestment_rate": -37.76,
            "research_to_sale_ratio": 2.99,
            "price_fair": 79.45,
            "eps_avg_yearly": 2.27,
            "eps_latest_yearly": 1.36,
            "eps_growth_yearly": 337.32
        },
        "20163": {
            "year_quarter": 20163,
            "year": 2016,
            "quarter": 3,
            "eps": -0.92,
            "eps_growth_year": -1414.29,
            "eps_4q": -2.32,
            "eps_4q_growth_year": null,
            "roe": -2.11,
            "gross_profit": 137938,
            "gross_margin": 5.6,
            "net_income": -90422,
            "revenue": 2464365,
            "common_shares": 1000044,
            "equity": 4184385,
            "current_ratio": 189.2,
            "debt_ratio": 51.75,
            "inventory_turnover_ratio": 2.24,
            "account_receivable_turnover_ratio": 0.7,
            "reinvestment_rate": -358.16,
            "research_to_sale_ratio": 2.3,
            "price_fair": 71.2,
            "eps_avg_yearly": 2.03,
            "eps_latest_yearly": 1.36,
            "eps_growth_yearly": 369.93
        },
        "20164": {
            "year_quarter": 20164,
            "year": 2016,
            "quarter": 4,
            "eps": -4.11,
            "eps_growth_year": -1306.49,
            "eps_4q": -6.76,
            "eps_4q_growth_year": -52366.03,
            "roe": -10.32,
            "gross_profit": 218552,
            "gross_margin": 9.81,
            "net_income": -408743,
            "revenue": 2228301,
            "common_shares": 1000044,
            "equity": 3733860,
            "current_ratio": 176.68,
            "debt_ratio": 56.16,
            "inventory_turnover_ratio": 1.92,
            "account_receivable_turnover_ratio": 0.6,
            "reinvestment_rate": null,
            "research_to_sale_ratio": 3.11,
            "price_fair": 66.5,
            "eps_avg_yearly": 1.9,
            "eps_latest_yearly": 1.36,
            "eps_growth_yearly": 449.95
        },
        "20171": {
            "year_quarter": 20171,
            "year": 2017,
            "quarter": 1,
            "eps": 0.02,
            "eps_growth_year": null,
            "eps_4q": -6.32,
            "eps_4q_growth_year": null,
            "roe": 0.1,
            "gross_profit": 212074,
            "gross_margin": 10.49,
            "net_income": 3527,
            "revenue": 2021084,
            "common_shares": 1000044,
            "equity": 3570944,
            "current_ratio": 184.66,
            "debt_ratio": 54.01,
            "inventory_turnover_ratio": 1.93,
            "account_receivable_turnover_ratio": 0.59,
            "reinvestment_rate": null,
            "research_to_sale_ratio": 2.72,
            "price_fair": 77.28,
            "eps_avg_yearly": 2.21,
            "eps_latest_yearly": 1.36,
            "eps_growth_yearly": 609.8
        },
        "20172": {
            "year_quarter": 20172,
            "year": 2017,
            "quarter": 2,
            "eps": -0.53,
            "eps_growth_year": null,
            "eps_4q": -5.57,
            "eps_4q_growth_year": null,
            "roe": -1.48,
            "gross_profit": 146741,
            "gross_margin": 7.54,
            "net_income": -52819,
            "revenue": 1945919,
            "common_shares": 1000044,
            "equity": 3575294,
            "current_ratio": 177.62,
            "debt_ratio": 54.55,
            "inventory_turnover_ratio": 2.09,
            "account_receivable_turnover_ratio": 0.62,
            "reinvestment_rate": null,
            "research_to_sale_ratio": 3.42,
            "price_fair": 82.95,
            "eps_avg_yearly": 2.37,
            "eps_latest_yearly": 1.36,
            "eps_growth_yearly": 428.91
        },
        "20173": {
            "year_quarter": 20173,
            "year": 2017,
            "quarter": 3,
            "eps": 0.2,
            "eps_growth_year": null,
            "eps_4q": -4.45,
            "eps_4q_growth_year": null,
            "roe": 0.6,
            "gross_profit": 222030,
            "gross_margin": 9.67,
            "net_income": 21459,
            "revenue": 2295115,
            "common_shares": 1000044,
            "equity": 3636287,
            "current_ratio": 173.34,
            "debt_ratio": 54.55,
            "inventory_turnover_ratio": 2.5,
            "account_receivable_turnover_ratio": 0.72,
            "reinvestment_rate": null,
            "research_to_sale_ratio": 2.85,
            "price_fair": 82.6,
            "eps_avg_yearly": 2.36,
            "eps_latest_yearly": 1.36,
            "eps_growth_yearly": 500.09
        },
        "20174": {
            "year_quarter": 20174,
            "year": 2017,
            "quarter": 4,
            "eps": 0.79,
            "eps_growth_year": null,
            "eps_4q": 0.47,
            "eps_4q_growth_year": null,
            "roe": 2.18,
            "gross_profit": 190342,
            "gross_margin": 9.68,
            "net_income": 80201,
            "revenue": 1967113,
            "common_shares": 1000044,
            "equity": 3709757,
            "current_ratio": 179.22,
            "debt_ratio": 53.09,
            "inventory_turnover_ratio": 2.18,
            "account_receivable_turnover_ratio": 0.62,
            "reinvestment_rate": null,
            "research_to_sale_ratio": 3.42,
            "price_fair": 89.6,
            "eps_avg_yearly": 2.56,
            "eps_latest_yearly": 3.16,
            "eps_growth_yearly": 670.07
        },
        "20181": {
            "year_quarter": 20181,
            "year": 2018,
            "quarter": 1,
            "eps": -0.05,
            "eps_growth_year": -350,
            "eps_4q": 0.4,
            "eps_4q_growth_year": null,
            "roe": -0.12,
            "gross_profit": 172601,
            "gross_margin": 9.61,
            "net_income": -4450,
            "revenue": 1795824,
            "common_shares": 1000044,
            "equity": 3749043,
            "current_ratio": 189.81,
            "debt_ratio": 50.51,
            "inventory_turnover_ratio": 1.9,
            "account_receivable_turnover_ratio": 0.64,
            "reinvestment_rate": null,
            "research_to_sale_ratio": 3.13,
            "price_fair": 89.6,
            "eps_avg_yearly": 2.56,
            "eps_latest_yearly": 3.16,
            "eps_growth_yearly": 670.07
        },
        "20182": {
            "year_quarter": 20182,
            "year": 2018,
            "quarter": 2,
            "eps": 0.84,
            "eps_growth_year": null,
            "eps_4q": 1.78,
            "eps_4q_growth_year": null,
            "roe": 2.27,
            "gross_profit": 176487,
            "gross_margin": 9.83,
            "net_income": 85978,
            "revenue": 1796210,
            "common_shares": 1000044,
            "equity": 3821096,
            "current_ratio": 180.37,
            "debt_ratio": 51.04,
            "inventory_turnover_ratio": 1.84,
            "account_receivable_turnover_ratio": 0.67,
            "reinvestment_rate": null,
            "research_to_sale_ratio": 3.64,
            "price_fair": 84.47,
            "eps_avg_yearly": 2.41,
            "eps_latest_yearly": 3.16,
            "eps_growth_yearly": 895.17
        },
        "20183": {
            "year_quarter": 20183,
            "year": 2018,
            "quarter": 3,
            "eps": 0.65,
            "eps_growth_year": 225,
            "eps_4q": 2.23,
            "eps_4q_growth_year": null,
            "roe": 1.79,
            "gross_profit": 288131,
            "gross_margin": 13.59,
            "net_income": 67906,
            "revenue": 2120451,
            "common_shares": 1000044,
            "equity": 3777882,
            "current_ratio": 171.94,
            "debt_ratio": 53.36,
            "inventory_turnover_ratio": 1.94,
            "account_receivable_turnover_ratio": 0.74,
            "reinvestment_rate": null,
            "research_to_sale_ratio": 2.92,
            "price_fair": 83.07,
            "eps_avg_yearly": 2.37,
            "eps_latest_yearly": 2.6,
            "eps_growth_yearly": 877.46
        },
        "20184": {
            "year_quarter": 20184,
            "year": 2018,
            "quarter": 4,
            "eps": 0.07,
            "eps_growth_year": -90.56,
            "eps_4q": 1.51,
            "eps_4q_growth_year": 221.57,
            "roe": 0.24,
            "gross_profit": 192743,
            "gross_margin": 9.45,
            "net_income": 8911,
            "revenue": 2038890,
            "common_shares": 1000044,
            "equity": 3799758,
            "current_ratio": 174.66,
            "debt_ratio": 53.55,
            "inventory_turnover_ratio": 1.82,
            "account_receivable_turnover_ratio": 0.66,
            "reinvestment_rate": null,
            "research_to_sale_ratio": 2.96,
            "price_fair": 64.75,
            "eps_avg_yearly": 1.85,
            "eps_latest_yearly": 0.28,
            "eps_growth_yearly": 568.86
        },
        "20191": {
            "year_quarter": 20191,
            "year": 2019,
            "quarter": 1,
            "eps": 0.08,
            "eps_growth_year": null,
            "eps_4q": 1.64,
            "eps_4q_growth_year": 310.03,
            "roe": 0.25,
            "gross_profit": 209789,
            "gross_margin": 10.05,
            "net_income": 9480,
            "revenue": 2088394,
            "common_shares": 1000044,
            "equity": 3873012,
            "current_ratio": 174.12,
            "debt_ratio": 53.72,
            "inventory_turnover_ratio": 1.78,
            "account_receivable_turnover_ratio": 0.66,
            "reinvestment_rate": null,
            "research_to_sale_ratio": 2.5,
            "price_fair": 54.04,
            "eps_avg_yearly": 1.54,
            "eps_latest_yearly": 0.32,
            "eps_growth_yearly": 466.52
        },
        "20192": {
            "year_quarter": 20192,
            "year": 2019,
            "quarter": 2,
            "eps": 0.32,
            "eps_growth_year": -61.9,
            "eps_4q": 1.12,
            "eps_4q_growth_year": -36.92,
            "roe": 1.03,
            "gross_profit": 238467,
            "gross_margin": 9.49,
            "net_income": 39699,
            "revenue": 2512442,
            "common_shares": 1000044,
            "equity": 3833052,
            "current_ratio": 166.22,
            "debt_ratio": 55.76,
            "inventory_turnover_ratio": 2.11,
            "account_receivable_turnover_ratio": 0.75,
            "reinvestment_rate": null,
            "research_to_sale_ratio": 2.4,
            "price_fair": 52.5,
            "eps_avg_yearly": 1.5,
            "eps_latest_yearly": 1.28,
            "eps_growth_yearly": 588.77
        },
        "20193": {
            "year_quarter": 20193,
            "year": 2019,
            "quarter": 3,
            "eps": 1.01,
            "eps_growth_year": 55.38,
            "eps_4q": 1.48,
            "eps_4q_growth_year": -33.53,
            "roe": 3.16,
            "gross_profit": 337234,
            "gross_margin": 12.97,
            "net_income": 122109,
            "revenue": 2599306,
            "common_shares": 1000044,
            "equity": 3886257,
            "current_ratio": 175.05,
            "debt_ratio": 53.36,
            "inventory_turnover_ratio": 2.2,
            "account_receivable_turnover_ratio": 0.75,
            "reinvestment_rate": null,
            "research_to_sale_ratio": 2.13,
            "price_fair": 65.2,
            "eps_avg_yearly": 1.86,
            "eps_latest_yearly": 4.04,
            "eps_growth_yearly": 627.87
        },
        "20194": {
            "year_quarter": 20194,
            "year": 2019,
            "quarter": 4,
            "eps": 0.7,
            "eps_growth_year": 840.67,
            "eps_4q": 2.13,
            "eps_4q_growth_year": 40.54,
            "roe": 2.1,
            "gross_profit": 338369,
            "gross_margin": 12.95,
            "net_income": 81139,
            "revenue": 2613173,
            "common_shares": 1000044,
            "equity": 3858352,
            "current_ratio": 174.54,
            "debt_ratio": 53.39,
            "inventory_turnover_ratio": 2.15,
            "account_receivable_turnover_ratio": 0.76,
            "reinvestment_rate": null,
            "research_to_sale_ratio": 2.25,
            "price_fair": 72.4,
            "eps_avg_yearly": 2.07,
            "eps_latest_yearly": 2.8,
            "eps_growth_yearly": 389.92
        },
        "20201": {
            "year_quarter": 20201,
            "year": 2020,
            "quarter": 1,
            "eps": 0.35,
            "eps_growth_year": 337.5,
            "eps_4q": 2.4,
            "eps_4q_growth_year": 46.4,
            "roe": 0.95,
            "gross_profit": 224902,
            "gross_margin": 10.36,
            "net_income": 36546,
            "revenue": 2171441,
            "common_shares": 1000044,
            "equity": 3859850,
            "current_ratio": 182.29,
            "debt_ratio": 51.56,
            "inventory_turnover_ratio": 1.68,
            "account_receivable_turnover_ratio": 0.68,
            "reinvestment_rate": null,
            "research_to_sale_ratio": 1.9,
            "price_fair": 69.48,
            "eps_avg_yearly": 1.99,
            "eps_latest_yearly": 1.4,
            "eps_growth_yearly": 316.18
        },
        "20202": {
            "year_quarter": 20202,
            "year": 2020,
            "quarter": 2,
            "eps": 0.42,
            "eps_growth_year": 31.25,
            "eps_4q": 2.5,
            "eps_4q_growth_year": 123.37,
            "roe": 1.32,
            "gross_profit": 271346,
            "gross_margin": 10.9,
            "net_income": 50114,
            "revenue": 2489687,
            "common_shares": 1000044,
            "equity": 3734177,
            "current_ratio": 171.68,
            "debt_ratio": 53.76,
            "inventory_turnover_ratio": 1.95,
            "account_receivable_turnover_ratio": 0.81,
            "reinvestment_rate": null,
            "research_to_sale_ratio": 2.19,
            "price_fair": 68.29,
            "eps_avg_yearly": 1.95,
            "eps_latest_yearly": 1.68,
            "eps_growth_yearly": 289.94
        },
        "20203": {
            "year_quarter": 20203,
            "year": 2020,
            "quarter": 3,
            "eps": 0.7,
            "eps_growth_year": -30.69,
            "eps_4q": 2.17,
            "eps_4q_growth_year": 46.35,
            "roe": 1.95,
            "gross_profit": 312731,
            "gross_margin": 10.79,
            "net_income": 74082,
            "revenue": 2898082,
            "common_shares": 1000044,
            "equity": 3859772,
            "current_ratio": 165.76,
            "debt_ratio": 55.52,
            "inventory_turnover_ratio": 2.22,
            "account_receivable_turnover_ratio": 0.85,
            "reinvestment_rate": -475.45,
            "research_to_sale_ratio": 1.96,
            "price_fair": 71.26,
            "eps_avg_yearly": 2.04,
            "eps_latest_yearly": 2.8,
            "eps_growth_yearly": 287.61
        },
        "20204": {
            "year_quarter": 20204,
            "year": 2020,
            "quarter": 4,
            "eps": 0.74,
            "eps_growth_year": 5.87,
            "eps_4q": 2.21,
            "eps_4q_growth_year": 3.8,
            "roe": 2.1,
            "gross_profit": 288572,
            "gross_margin": 10.48,
            "net_income": 82393,
            "revenue": 2753220,
            "common_shares": 1000044,
            "equity": 4003269,
            "current_ratio": 168.86,
            "debt_ratio": 54.44,
            "inventory_turnover_ratio": 2.02,
            "account_receivable_turnover_ratio": 0.75,
            "reinvestment_rate": -68.74,
            "research_to_sale_ratio": 2.22,
            "price_fair": 74.2,
            "eps_avg_yearly": 2.12,
            "eps_latest_yearly": 2.96,
            "eps_growth_yearly": 263.55
        },
        "20211": {
            "year_quarter": 20211,
            "year": 2021,
            "quarter": 1,
            "eps": 0.98,
            "eps_growth_year": 180,
            "eps_4q": 2.84,
            "eps_4q_growth_year": 18.09,
            "roe": 2.56,
            "gross_profit": 327344,
            "gross_margin": 12.12,
            "net_income": 103646,
            "revenue": 2700549,
            "common_shares": 1000044,
            "equity": 4083931,
            "current_ratio": 166.81,
            "debt_ratio": 55.37,
            "inventory_turnover_ratio": 1.86,
            "account_receivable_turnover_ratio": 0.73,
            "reinvestment_rate": -52.01,
            "research_to_sale_ratio": 2.14,
            "price_fair": 79.45,
            "eps_avg_yearly": 2.27,
            "eps_latest_yearly": 3.92,
            "eps_growth_yearly": 252.39
        },
        "20212": {
            "year_quarter": 20212,
            "year": 2021,
            "quarter": 2,
            "eps": 0.19,
            "eps_growth_year": -54.76,
            "eps_4q": 2.61,
            "eps_4q_growth_year": 4.41,
            "roe": 0.58,
            "gross_profit": 263581,
            "gross_margin": 9.9,
            "net_income": 23522,
            "revenue": 2661474,
            "common_shares": 1000044,
            "equity": 4035280,
            "current_ratio": 166.77,
            "debt_ratio": 55.04,
            "inventory_turnover_ratio": 1.82,
            "account_receivable_turnover_ratio": 0.75,
            "reinvestment_rate": -54.59,
            "research_to_sale_ratio": 2.04,
            "price_fair": 75.38,
            "eps_avg_yearly": 2.15,
            "eps_latest_yearly": 0.76,
            "eps_growth_yearly": 208.18
        },
        "20213": {
            "year_quarter": 20213,
            "year": 2021,
            "quarter": 3,
            "eps": 0.83,
            "eps_growth_year": 18.57,
            "eps_4q": 2.73,
            "eps_4q_growth_year": 26.04,
            "roe": 2.22,
            "gross_profit": 343272,
            "gross_margin": 12.14,
            "net_income": 88986,
            "revenue": 2827350,
            "common_shares": 1000044,
            "equity": 3963809,
            "current_ratio": 161.51,
            "debt_ratio": 56.29,
            "inventory_turnover_ratio": 1.93,
            "account_receivable_turnover_ratio": 0.77,
            "reinvestment_rate": -51.55,
            "research_to_sale_ratio": 1.74,
            "price_fair": 78.3,
            "eps_avg_yearly": 2.24,
            "eps_latest_yearly": 3.32,
            "eps_growth_yearly": 289.55
        },
        "20214": {
            "year_quarter": 20214,
            "year": 2021,
            "quarter": 4,
            "eps": 2.37,
            "eps_growth_year": 219.9,
            "eps_4q": 4.37,
            "eps_4q_growth_year": 97.68,
            "roe": 5.88,
            "gross_profit": 311220,
            "gross_margin": 11.2,
            "net_income": 241625,
            "revenue": 2779793,
            "common_shares": 1000044,
            "equity": 4256498,
            "current_ratio": 166.36,
            "debt_ratio": 55.3,
            "inventory_turnover_ratio": 1.89,
            "account_receivable_turnover_ratio": 0.71,
            "reinvestment_rate": -51.12,
            "research_to_sale_ratio": 2.19,
            "price_fair": 94.1,
            "eps_avg_yearly": 2.69,
            "eps_latest_yearly": 9.48,
            "eps_growth_yearly": 258.27
        },
        "20221": {
            "year_quarter": 20221,
            "year": 2022,
            "quarter": 1,
            "eps": 0.69,
            "eps_growth_year": -29.59,
            "eps_4q": 4.08,
            "eps_4q_growth_year": 43.77,
            "roe": 1.66,
            "gross_profit": 340309,
            "gross_margin": 12.74,
            "net_income": 72389,
            "revenue": 2671137,
            "common_shares": 1000044,
            "equity": 4454245,
            "current_ratio": 170.3,
            "debt_ratio": 53.88,
            "inventory_turnover_ratio": 1.81,
            "account_receivable_turnover_ratio": 0.69,
            "reinvestment_rate": -46.62,
            "research_to_sale_ratio": 1.91,
            "price_fair": 94.27,
            "eps_avg_yearly": 2.69,
            "eps_latest_yearly": 2.76,
            "eps_growth_yearly": 222.15
        },
        "20222": {
            "year_quarter": 20222,
            "year": 2022,
            "quarter": 2,
            "eps": 0.98,
            "eps_growth_year": 415.79,
            "eps_4q": 4.87,
            "eps_4q_growth_year": 86.66,
            "roe": 2.37,
            "gross_profit": 323114,
            "gross_margin": 13.77,
            "net_income": 101927,
            "revenue": 2346597,
            "common_shares": 1000044,
            "equity": 4140210,
            "current_ratio": 159.55,
            "debt_ratio": 55.85,
            "inventory_turnover_ratio": 1.63,
            "account_receivable_turnover_ratio": 0.64,
            "reinvestment_rate": -48.28,
            "research_to_sale_ratio": 2.22,
            "price_fair": 96.95,
            "eps_avg_yearly": 2.77,
            "eps_latest_yearly": 3.92,
            "eps_growth_yearly": 218.77
        },
        "20223": {
            "year_quarter": 20223,
            "year": 2022,
            "quarter": 3,
            "eps": 0.62,
            "eps_growth_year": -25.3,
            "eps_4q": 4.67,
            "eps_4q_growth_year": 70.76,
            "roe": 1.6,
            "gross_profit": 255526,
            "gross_margin": 11.78,
            "net_income": 67003,
            "revenue": 2169422,
            "common_shares": 1000044,
            "equity": 4216050,
            "current_ratio": 169.99,
            "debt_ratio": 52,
            "inventory_turnover_ratio": 1.63,
            "account_receivable_turnover_ratio": 0.67,
            "reinvestment_rate": -43.92,
            "research_to_sale_ratio": 2.51,
            "price_fair": 96.69,
            "eps_avg_yearly": 2.76,
            "eps_latest_yearly": 2.48,
            "eps_growth_yearly": 215.25
        },
        "20224": {
            "year_quarter": 20224,
            "year": 2022,
            "quarter": 4,
            "eps": 0.37,
            "eps_growth_year": -84.48,
            "eps_4q": 2.66,
            "eps_4q_growth_year": -39.01,
            "roe": 1.01,
            "gross_profit": 258250,
            "gross_margin": 12.94,
            "net_income": 42852,
            "revenue": 1995936,
            "common_shares": 1000044,
            "equity": 4233116,
            "current_ratio": 174.09,
            "debt_ratio": 50.4,
            "inventory_turnover_ratio": 1.62,
            "account_receivable_turnover_ratio": 0.7,
            "reinvestment_rate": -42.24,
            "research_to_sale_ratio": 2.85,
            "price_fair": 99.31,
            "eps_avg_yearly": 2.84,
            "eps_latest_yearly": 1.48,
            "eps_growth_yearly": 227.47
        },
        "20231": {
            "year_quarter": 20231,
            "year": 2023,
            "quarter": 1,
            "eps": 0.04,
            "eps_growth_year": -94.2,
            "eps_4q": 2.02,
            "eps_4q_growth_year": -50.57,
            "roe": 0.1,
            "gross_profit": 156263,
            "gross_margin": 9.68,
            "net_income": 4363,
            "revenue": 1614727,
            "common_shares": 1000044,
            "equity": 4112981,
            "current_ratio": 181.13,
            "debt_ratio": 48.22,
            "inventory_turnover_ratio": 1.59,
            "account_receivable_turnover_ratio": 0.64,
            "reinvestment_rate": -43.51,
            "research_to_sale_ratio": 3,
            "price_fair": 98.96,
            "eps_avg_yearly": 2.83,
            "eps_latest_yearly": 0.16,
            "eps_growth_yearly": 201.6
        }
    },
    "months": {
        "2004-01": {
            "month": "2004-01",
            "price": "54.45",
            "revenue": 166213
        },
        "2004-02": {
            "month": "2004-02",
            "price": "59.39",
            "revenue": 189183
        },
        "2004-03": {
            "month": "2004-03",
            "price": "68.44",
            "revenue": 167116
        },
        "2004-04": {
            "month": "2004-04",
            "price": "69.39",
            "revenue": 170901
        },
        "2004-05": {
            "month": "2004-05",
            "price": "69.77",
            "revenue": 192625
        },
        "2004-06": {
            "month": "2004-06",
            "price": "70.25",
            "revenue": 183258
        },
        "2004-07": {
            "month": "2004-07",
            "price": "51.87",
            "revenue": 171688
        },
        "2004-08": {
            "month": "2004-08",
            "price": "45.45",
            "revenue": 210000
        },
        "2004-09": {
            "month": "2004-09",
            "price": "45.27",
            "revenue": 205774
        },
        "2004-10": {
            "month": "2004-10",
            "price": "49.07",
            "revenue": 234579
        },
        "2004-11": {
            "month": "2004-11",
            "price": "52.96",
            "revenue": 202419
        },
        "2004-12": {
            "month": "2004-12",
            "price": "53.55",
            "revenue": 186566
        },
        "2005-01": {
            "month": "2005-01",
            "price": "54.90",
            "revenue": 246186
        },
        "2005-02": {
            "month": "2005-02",
            "price": "64.40",
            "revenue": 209856
        },
        "2005-03": {
            "month": "2005-03",
            "price": "68.80",
            "revenue": 209311
        },
        "2005-04": {
            "month": "2005-04",
            "price": "81.55",
            "revenue": 230158
        },
        "2005-05": {
            "month": "2005-05",
            "price": "85.16",
            "revenue": 231618
        },
        "2005-06": {
            "month": "2005-06",
            "price": "96.90",
            "revenue": 257131
        },
        "2005-07": {
            "month": "2005-07",
            "price": "148.98",
            "revenue": 275553
        },
        "2005-08": {
            "month": "2005-08",
            "price": "166.77",
            "revenue": 321805
        },
        "2005-09": {
            "month": "2005-09",
            "price": "148.69",
            "revenue": 336804
        },
        "2005-10": {
            "month": "2005-10",
            "price": "142.65",
            "revenue": 366945
        },
        "2005-11": {
            "month": "2005-11",
            "price": "153.20",
            "revenue": 371075
        },
        "2005-12": {
            "month": "2005-12",
            "price": "186.39",
            "revenue": 378149
        },
        "2006-01": {
            "month": "2006-01",
            "price": "194.50",
            "revenue": 419424
        },
        "2006-02": {
            "month": "2006-02",
            "price": "227.24",
            "revenue": 362769
        },
        "2006-03": {
            "month": "2006-03",
            "price": "267.41",
            "revenue": 420110
        },
        "2006-04": {
            "month": "2006-04",
            "price": "266.34",
            "revenue": 443924
        },
        "2006-05": {
            "month": "2006-05",
            "price": "233.86",
            "revenue": 389405
        },
        "2006-06": {
            "month": "2006-06",
            "price": "182.30",
            "revenue": 325834
        },
        "2006-07": {
            "month": "2006-07",
            "price": "195.90",
            "revenue": 384844
        },
        "2006-08": {
            "month": "2006-08",
            "price": "210.02",
            "revenue": 474536
        },
        "2006-09": {
            "month": "2006-09",
            "price": "192.93",
            "revenue": 515009
        },
        "2006-10": {
            "month": "2006-10",
            "price": "170.08",
            "revenue": 493445
        },
        "2006-11": {
            "month": "2006-11",
            "price": "143.75",
            "revenue": 433042
        },
        "2006-12": {
            "month": "2006-12",
            "price": "149.38",
            "revenue": 331821
        },
        "2007-01": {
            "month": "2007-01",
            "price": "153.07",
            "revenue": 403521
        },
        "2007-02": {
            "month": "2007-02",
            "price": "148.88",
            "revenue": 313822
        },
        "2007-03": {
            "month": "2007-03",
            "price": "136.91",
            "revenue": 398587
        },
        "2007-04": {
            "month": "2007-04",
            "price": "152.92",
            "revenue": 404356
        },
        "2007-05": {
            "month": "2007-05",
            "price": "136.64",
            "revenue": 366845
        },
        "2007-06": {
            "month": "2007-06",
            "price": "137.88",
            "revenue": 376675
        },
        "2007-07": {
            "month": "2007-07",
            "price": "135.07",
            "revenue": 415286
        },
        "2007-08": {
            "month": "2007-08",
            "price": "104.82",
            "revenue": 482979
        },
        "2007-09": {
            "month": "2007-09",
            "price": "95.47",
            "revenue": 500601
        },
        "2007-10": {
            "month": "2007-10",
            "price": "100.24",
            "revenue": 519122
        },
        "2007-11": {
            "month": "2007-11",
            "price": "75.10",
            "revenue": 509855
        },
        "2007-12": {
            "month": "2007-12",
            "price": "63.02",
            "revenue": 440730
        },
        "2008-01": {
            "month": "2008-01",
            "price": "52.51",
            "revenue": 460114
        },
        "2008-02": {
            "month": "2008-02",
            "price": "43.38",
            "revenue": 362663
        },
        "2008-03": {
            "month": "2008-03",
            "price": "46.18",
            "revenue": 424796
        },
        "2008-04": {
            "month": "2008-04",
            "price": "51.72",
            "revenue": 421403
        },
        "2008-05": {
            "month": "2008-05",
            "price": "44.93",
            "revenue": 466317
        },
        "2008-06": {
            "month": "2008-06",
            "price": "36.67",
            "revenue": 452976
        },
        "2008-07": {
            "month": "2008-07",
            "price": "29.18",
            "revenue": 482070
        },
        "2008-08": {
            "month": "2008-08",
            "price": "33.52",
            "revenue": 525925
        },
        "2008-09": {
            "month": "2008-09",
            "price": "27.08",
            "revenue": 616710
        },
        "2008-10": {
            "month": "2008-10",
            "price": "20.93",
            "revenue": 520217
        },
        "2008-11": {
            "month": "2008-11",
            "price": "14.98",
            "revenue": 323938
        },
        "2008-12": {
            "month": "2008-12",
            "price": "13.80",
            "revenue": 260060
        },
        "2009-01": {
            "month": "2009-01",
            "price": "15.59",
            "revenue": 286314
        },
        "2009-02": {
            "month": "2009-02",
            "price": "18.01",
            "revenue": 332513
        },
        "2009-03": {
            "month": "2009-03",
            "price": "20.45",
            "revenue": 437758
        },
        "2009-04": {
            "month": "2009-04",
            "price": "30.15",
            "revenue": 510304
        },
        "2009-05": {
            "month": "2009-05",
            "price": "40.86",
            "revenue": 541399
        },
        "2009-06": {
            "month": "2009-06",
            "price": "38.67",
            "revenue": 613482
        },
        "2009-07": {
            "month": "2009-07",
            "price": "40.49",
            "revenue": 637337
        },
        "2009-08": {
            "month": "2009-08",
            "price": "43.52",
            "revenue": 662624
        },
        "2009-09": {
            "month": "2009-09",
            "price": "61.98",
            "revenue": 696503
        },
        "2009-10": {
            "month": "2009-10",
            "price": "62.07",
            "revenue": 651279
        },
        "2009-11": {
            "month": "2009-11",
            "price": "57.65",
            "revenue": 645080
        },
        "2009-12": {
            "month": "2009-12",
            "price": "71.73",
            "revenue": 666409
        },
        "2010-01": {
            "month": "2010-01",
            "price": "69.92",
            "revenue": 742614
        },
        "2010-02": {
            "month": "2010-02",
            "price": "63.21",
            "revenue": 694820
        },
        "2010-03": {
            "month": "2010-03",
            "price": "68.28",
            "revenue": 746182
        },
        "2010-04": {
            "month": "2010-04",
            "price": "72.61",
            "revenue": 837428
        },
        "2010-05": {
            "month": "2010-05",
            "price": "63.87",
            "revenue": 816115
        },
        "2010-06": {
            "month": "2010-06",
            "price": "61.54",
            "revenue": 803516
        },
        "2010-07": {
            "month": "2010-07",
            "price": "58.92",
            "revenue": 870539
        },
        "2010-08": {
            "month": "2010-08",
            "price": "66.00",
            "revenue": 903340
        },
        "2010-09": {
            "month": "2010-09",
            "price": "70.44",
            "revenue": 849733
        },
        "2010-10": {
            "month": "2010-10",
            "price": "76.11",
            "revenue": 788572
        },
        "2010-11": {
            "month": "2010-11",
            "price": "70.01",
            "revenue": 814733
        },
        "2010-12": {
            "month": "2010-12",
            "price": "74.16",
            "revenue": 854175
        },
        "2011-01": {
            "month": "2011-01",
            "price": "72.47",
            "revenue": 875131
        },
        "2011-02": {
            "month": "2011-02",
            "price": "71.70",
            "revenue": 765537
        },
        "2011-03": {
            "month": "2011-03",
            "price": "70.94",
            "revenue": 912689
        },
        "2011-04": {
            "month": "2011-04",
            "price": "72.17",
            "revenue": 890336
        },
        "2011-05": {
            "month": "2011-05",
            "price": "74.68",
            "revenue": 920272
        },
        "2011-06": {
            "month": "2011-06",
            "price": "78.16",
            "revenue": 867102
        },
        "2011-07": {
            "month": "2011-07",
            "price": "70.14",
            "revenue": 901131
        },
        "2011-08": {
            "month": "2011-08",
            "price": "56.62",
            "revenue": 935406
        },
        "2011-09": {
            "month": "2011-09",
            "price": "52.75",
            "revenue": 849509
        },
        "2011-10": {
            "month": "2011-10",
            "price": "49.96",
            "revenue": 801404
        },
        "2011-11": {
            "month": "2011-11",
            "price": "50.15",
            "revenue": 859118
        },
        "2011-12": {
            "month": "2011-12",
            "price": "40.02",
            "revenue": 730726
        },
        "2012-01": {
            "month": "2012-01",
            "price": "40.22",
            "revenue": 732675
        },
        "2012-02": {
            "month": "2012-02",
            "price": "49.52",
            "revenue": 801121
        },
        "2012-03": {
            "month": "2012-03",
            "price": "57.54",
            "revenue": 925433
        },
        "2012-04": {
            "month": "2012-04",
            "price": "49.94",
            "revenue": 904278
        },
        "2012-05": {
            "month": "2012-05",
            "price": "46.19",
            "revenue": 921080
        },
        "2012-06": {
            "month": "2012-06",
            "price": "44.80",
            "revenue": 892601
        },
        "2012-07": {
            "month": "2012-07",
            "price": "43.57",
            "revenue": 1020634
        },
        "2012-08": {
            "month": "2012-08",
            "price": "45.40",
            "revenue": 1114964
        },
        "2012-09": {
            "month": "2012-09",
            "price": "48.11",
            "revenue": 1140509
        },
        "2012-10": {
            "month": "2012-10",
            "price": "45.41",
            "revenue": 1058397
        },
        "2012-11": {
            "month": "2012-11",
            "price": "41.25",
            "revenue": 1023241
        },
        "2012-12": {
            "month": "2012-12",
            "price": "44.05",
            "revenue": 971370
        },
        "2013-01": {
            "month": "2013-01",
            "price": "45.17",
            "revenue": 984682
        },
        "2013-02": {
            "month": "2013-02",
            "price": "43.97",
            "revenue": 658400
        },
        "2013-03": {
            "month": "2013-03",
            "price": "42.98",
            "revenue": 943937
        },
        "2013-04": {
            "month": "2013-04",
            "price": "42.31",
            "revenue": 1043050
        },
        "2013-05": {
            "month": "2013-05",
            "price": "39.17",
            "revenue": 971398
        },
        "2013-06": {
            "month": "2013-06",
            "price": "34.93",
            "revenue": 937146
        },
        "2013-07": {
            "month": "2013-07",
            "price": "32.68",
            "revenue": 971153
        },
        "2013-08": {
            "month": "2013-08",
            "price": "31.62",
            "revenue": 1019328
        },
        "2013-09": {
            "month": "2013-09",
            "price": "31.46",
            "revenue": 1004508
        },
        "2013-10": {
            "month": "2013-10",
            "price": "31.61",
            "revenue": 896463
        },
        "2013-11": {
            "month": "2013-11",
            "price": "28.66",
            "revenue": 953894
        },
        "2013-12": {
            "month": "2013-12",
            "price": "28.87",
            "revenue": 924557
        },
        "2014-01": {
            "month": "2014-01",
            "price": "32.01",
            "revenue": 964721
        },
        "2014-02": {
            "month": "2014-02",
            "price": "33.37",
            "revenue": 828862
        },
        "2014-03": {
            "month": "2014-03",
            "price": "32.75",
            "revenue": 1048321
        },
        "2014-04": {
            "month": "2014-04",
            "price": "31.78",
            "revenue": 1094570
        },
        "2014-05": {
            "month": "2014-05",
            "price": "34.29",
            "revenue": 1084018
        },
        "2014-06": {
            "month": "2014-06",
            "price": "35.99",
            "revenue": 1054615
        },
        "2014-07": {
            "month": "2014-07",
            "price": "38.38",
            "revenue": 1088947
        },
        "2014-08": {
            "month": "2014-08",
            "price": "38.14",
            "revenue": 1110246
        },
        "2014-09": {
            "month": "2014-09",
            "price": "38.20",
            "revenue": 1060431
        },
        "2014-10": {
            "month": "2014-10",
            "price": "32.82",
            "revenue": 1080743
        },
        "2014-11": {
            "month": "2014-11",
            "price": "31.73",
            "revenue": 907696
        },
        "2014-12": {
            "month": "2014-12",
            "price": "32.40",
            "revenue": 933214
        },
        "2015-01": {
            "month": "2015-01",
            "price": "34.29",
            "revenue": 905438
        },
        "2015-02": {
            "month": "2015-02",
            "price": "33.15",
            "revenue": 679226
        },
        "2015-03": {
            "month": "2015-03",
            "price": "32.45",
            "revenue": 804702
        },
        "2015-04": {
            "month": "2015-04",
            "price": "29.95",
            "revenue": 809468
        },
        "2015-05": {
            "month": "2015-05",
            "price": "26.73",
            "revenue": 737947
        },
        "2015-06": {
            "month": "2015-06",
            "price": "23.57",
            "revenue": 700105
        },
        "2015-07": {
            "month": "2015-07",
            "price": "19.95",
            "revenue": 767242
        },
        "2015-08": {
            "month": "2015-08",
            "price": "16.93",
            "revenue": 808341
        },
        "2015-09": {
            "month": "2015-09",
            "price": "16.77",
            "revenue": 902533
        },
        "2015-10": {
            "month": "2015-10",
            "price": "19.70",
            "revenue": 855070
        },
        "2015-11": {
            "month": "2015-11",
            "price": "20.39",
            "revenue": 853802
        },
        "2015-12": {
            "month": "2015-12",
            "price": "19.34",
            "revenue": 795665
        },
        "2016-01": {
            "month": "2016-01",
            "price": "18.41",
            "revenue": 866399
        },
        "2016-02": {
            "month": "2016-02",
            "price": "19.02",
            "revenue": 477042
        },
        "2016-03": {
            "month": "2016-03",
            "price": "19.85",
            "revenue": 742053
        },
        "2016-04": {
            "month": "2016-04",
            "price": "18.96",
            "revenue": 733036
        },
        "2016-05": {
            "month": "2016-05",
            "price": "17.74",
            "revenue": 722606
        },
        "2016-06": {
            "month": "2016-06",
            "price": "17.78",
            "revenue": 691652
        },
        "2016-07": {
            "month": "2016-07",
            "price": "18.47",
            "revenue": 774992
        },
        "2016-08": {
            "month": "2016-08",
            "price": "19.37",
            "revenue": 857132
        },
        "2016-09": {
            "month": "2016-09",
            "price": "18.95",
            "revenue": 828098
        },
        "2016-10": {
            "month": "2016-10",
            "price": "20.29",
            "revenue": 788672
        },
        "2016-11": {
            "month": "2016-11",
            "price": "17.95",
            "revenue": 743733
        },
        "2016-12": {
            "month": "2016-12",
            "price": "17.91",
            "revenue": 690574
        },
        "2017-01": {
            "month": "2017-01",
            "price": "18.96",
            "revenue": 652971
        },
        "2017-02": {
            "month": "2017-02",
            "price": "20.83",
            "revenue": 621313
        },
        "2017-03": {
            "month": "2017-03",
            "price": "21.03",
            "revenue": 741541
        },
        "2017-04": {
            "month": "2017-04",
            "price": "19.57",
            "revenue": 638006
        },
        "2017-05": {
            "month": "2017-05",
            "price": "19.69",
            "revenue": 644256
        },
        "2017-06": {
            "month": "2017-06",
            "price": "20.48",
            "revenue": 663670
        },
        "2017-07": {
            "month": "2017-07",
            "price": "20.11",
            "revenue": 706122
        },
        "2017-08": {
            "month": "2017-08",
            "price": "18.88",
            "revenue": 803739
        },
        "2017-09": {
            "month": "2017-09",
            "price": "21.23",
            "revenue": 782275
        },
        "2017-10": {
            "month": "2017-10",
            "price": "20.98",
            "revenue": 677458
        },
        "2017-11": {
            "month": "2017-11",
            "price": "20.48",
            "revenue": 658998
        },
        "2017-12": {
            "month": "2017-12",
            "price": "19.63",
            "revenue": 622257
        },
        "2018-01": {
            "month": "2018-01",
            "price": "20.54",
            "revenue": 714096
        },
        "2018-02": {
            "month": "2018-02",
            "price": "19.30",
            "revenue": 475732
        },
        "2018-03": {
            "month": "2018-03",
            "price": "19.79",
            "revenue": 604641
        },
        "2018-04": {
            "month": "2018-04",
            "price": "18.97",
            "revenue": 595015
        },
        "2018-05": {
            "month": "2018-05",
            "price": "18.74",
            "revenue": 632164
        },
        "2018-06": {
            "month": "2018-06",
            "price": "18.81",
            "revenue": 569125
        },
        "2018-07": {
            "month": "2018-07",
            "price": "18.12",
            "revenue": 651411
        },
        "2018-08": {
            "month": "2018-08",
            "price": "18.69",
            "revenue": 724207
        },
        "2018-09": {
            "month": "2018-09",
            "price": "19.16",
            "revenue": 743932
        },
        "2018-10": {
            "month": "2018-10",
            "price": "17.58",
            "revenue": 683605
        },
        "2018-11": {
            "month": "2018-11",
            "price": "18.32",
            "revenue": 759753
        },
        "2018-12": {
            "month": "2018-12",
            "price": "19.76",
            "revenue": 597506
        },
        "2019-01": {
            "month": "2019-01",
            "price": "19.32",
            "revenue": 693445
        },
        "2019-02": {
            "month": "2019-02",
            "price": "20.03",
            "revenue": 589947
        },
        "2019-03": {
            "month": "2019-03",
            "price": "25.38",
            "revenue": 803209
        },
        "2019-04": {
            "month": "2019-04",
            "price": "28.46",
            "revenue": 832106
        },
        "2019-05": {
            "month": "2019-05",
            "price": "23.91",
            "revenue": 854246
        },
        "2019-06": {
            "month": "2019-06",
            "price": "24.84",
            "revenue": 830857
        },
        "2019-07": {
            "month": "2019-07",
            "price": "27.17",
            "revenue": 839632
        },
        "2019-08": {
            "month": "2019-08",
            "price": "25.15",
            "revenue": 836827
        },
        "2019-09": {
            "month": "2019-09",
            "price": "24.01",
            "revenue": 919045
        },
        "2019-10": {
            "month": "2019-10",
            "price": "24.43",
            "revenue": 914803
        },
        "2019-11": {
            "month": "2019-11",
            "price": "27.57",
            "revenue": 884489
        },
        "2019-12": {
            "month": "2019-12",
            "price": "28.63",
            "revenue": 819590
        },
        "2020-01": {
            "month": "2020-01",
            "price": "27.92",
            "revenue": 789313
        },
        "2020-02": {
            "month": "2020-02",
            "price": "25.59",
            "revenue": 580901
        },
        "2020-03": {
            "month": "2020-03",
            "price": "20.65",
            "revenue": 801783
        },
        "2020-04": {
            "month": "2020-04",
            "price": "21.79",
            "revenue": 862687
        },
        "2020-05": {
            "month": "2020-05",
            "price": "24.18",
            "revenue": 822891
        },
        "2020-06": {
            "month": "2020-06",
            "price": "25.08",
            "revenue": 802626
        },
        "2020-07": {
            "month": "2020-07",
            "price": "25.02",
            "revenue": 903519
        },
        "2020-08": {
            "month": "2020-08",
            "price": "26.22",
            "revenue": 965820
        },
        "2020-09": {
            "month": "2020-09",
            "price": "28.00",
            "revenue": 1031612
        },
        "2020-10": {
            "month": "2020-10",
            "price": "30.69",
            "revenue": 910235
        },
        "2020-11": {
            "month": "2020-11",
            "price": "30.37",
            "revenue": 933132
        },
        "2020-12": {
            "month": "2020-12",
            "price": "37.14",
            "revenue": 910095
        },
        "2021-01": {
            "month": "2021-01",
            "price": "33.78",
            "revenue": 993397
        },
        "2021-02": {
            "month": "2021-02",
            "price": "33.92",
            "revenue": 758158
        },
        "2021-03": {
            "month": "2021-03",
            "price": "35.47",
            "revenue": 948824
        },
        "2021-04": {
            "month": "2021-04",
            "price": "38.51",
            "revenue": 883049
        },
        "2021-05": {
            "month": "2021-05",
            "price": "33.29",
            "revenue": 876256
        },
        "2021-06": {
            "month": "2021-06",
            "price": "33.85",
            "revenue": 902199
        },
        "2021-07": {
            "month": "2021-07",
            "price": "35.12",
            "revenue": 927375
        },
        "2021-08": {
            "month": "2021-08",
            "price": "31.90",
            "revenue": 938118
        },
        "2021-09": {
            "month": "2021-09",
            "price": "29.22",
            "revenue": 961771
        },
        "2021-10": {
            "month": "2021-10",
            "price": "27.20",
            "revenue": 899834
        },
        "2021-11": {
            "month": "2021-11",
            "price": "29.82",
            "revenue": 952577
        },
        "2021-12": {
            "month": "2021-12",
            "price": "31.52",
            "revenue": 927454
        },
        "2022-01": {
            "month": "2022-01",
            "price": "32.28",
            "revenue": 914477
        },
        "2022-02": {
            "month": "2022-02",
            "price": "32.24",
            "revenue": 790116
        },
        "2022-03": {
            "month": "2022-03",
            "price": "32.60",
            "revenue": 966792
        },
        "2022-04": {
            "month": "2022-04",
            "price": "32.93",
            "revenue": 839834
        },
        "2022-05": {
            "month": "2022-05",
            "price": "31.25",
            "revenue": 755013
        },
        "2022-06": {
            "month": "2022-06",
            "price": "29.69",
            "revenue": 753454
        },
        "2022-07": {
            "month": "2022-07",
            "price": "25.81",
            "revenue": 758410
        },
        "2022-08": {
            "month": "2022-08",
            "price": "27.52",
            "revenue": 720577
        },
        "2022-09": {
            "month": "2022-09",
            "price": "27.81",
            "revenue": 689990
        },
        "2022-10": {
            "month": "2022-10",
            "price": "27.20",
            "revenue": 691048
        },
        "2022-11": {
            "month": "2022-11",
            "price": "27.42",
            "revenue": 742935
        },
        "2022-12": {
            "month": "2022-12",
            "price": "28.65",
            "revenue": 562066
        },
        "2023-01": {
            "month": "2023-01",
            "price": "28.46",
            "revenue": 489167
        },
        "2023-02": {
            "month": "2023-02",
            "price": "28.68",
            "revenue": 475036
        },
        "2023-03": {
            "month": "2023-03",
            "price": "29.04",
            "revenue": 651186
        },
        "2023-04": {
            "month": "2023-04",
            "price": "29.77",
            "revenue": 621499
        }
    }
}
