{
    "summary": {
        "stock_name": "菱光",
        "stock_id": "8249",
        "category": "電子零組件",
        "main_business": "電子零組件製造業<br>資料儲存及處理設備製造業<br>有線通信機械器材製造業",
        "website_url": "http://www.csi-sensor.com.tw",
        "ceo": "楊其昶(代理)",
        "pe_ratio": 17,
        "report_year_from": 2001,
        "report_year_to": 2023,
        "age": 23,
        "eps_negative_percentage": 0,
        "eps_growth_avg": {
            "last_all": 9.98,
            "last_2y": 24.26,
            "last_4y": 13.13,
            "last_8y": 3.12,
            "last_12y": 6.32,
            "last_16y": 9.44,
            "last_20y": null,
            "at_2006_last_3y": null,
            "at_2007_last_3y": 6.9,
            "at_2008_last_3y": -19,
            "at_2009_last_3y": -10.69,
            "at_2010_last_3y": 19.61,
            "at_2011_last_3y": 10.26,
            "at_2012_last_3y": 38.16,
            "at_2013_last_3y": 19.73,
            "at_2014_last_3y": 13.51,
            "at_2015_last_3y": 24.57,
            "at_2016_last_3y": 17.98,
            "at_2017_last_3y": 6.83,
            "at_2018_last_3y": -9.4,
            "at_2019_last_3y": -10.74,
            "at_2020_last_3y": -6.82,
            "at_2021_last_3y": -0.41,
            "at_2022_last_3y": 24.43,
            "at_2023_last_3y": 18.88,
            "at_2024_last_3y": 18.88,
            "at_2006_last_all": 12.99,
            "at_2007_last_all": 6.9,
            "at_2008_last_all": -14.11,
            "at_2009_last_all": 4.91,
            "at_2010_last_all": 16.77,
            "at_2011_last_all": 8.58,
            "at_2012_last_all": 9.12,
            "at_2013_last_all": 10.84,
            "at_2014_last_all": 15.59,
            "at_2015_last_all": 13.91,
            "at_2016_last_all": 11.85,
            "at_2017_last_all": 9.69,
            "at_2018_last_all": 8.92,
            "at_2019_last_all": 7.75,
            "at_2020_last_all": 7.45,
            "at_2021_last_all": 7.45,
            "at_2022_last_all": 12.19,
            "at_2023_last_all": 9.98,
            "at_2024_last_all": 9.98
        },
        "latest_eps": 1.79,
        "latest_price": 31.05,
        "latest_roe": 5.47,
        "latest_gross_margin": 18.52,
        "latest_equity": 5465874,
        "latest_revenue": 733594,
        "latest_gross_profit": 135844,
        "latest_net_income": 144278,
        "latest_debt_ratio": 28.78,
        "latest_current_ratio": 164.44,
        "latest_account_receivable_turnover_ratio": 1.27,
        "latest_inventory_turnover_ratio": 2.17,
        "latest_reinvestment_rate": 39.63,
        "latest_research_to_sale_ratio": 2.85
    },
    "eps_dividends": {
        "2001": {
            "cash": 0,
            "stock": 0,
            "eps": 0
        },
        "2002": {
            "cash": 0,
            "stock": 0,
            "eps": 0
        },
        "2003": {
            "cash": 0,
            "stock": 0,
            "eps": 3.68
        },
        "2004": {
            "cash": 2,
            "stock": 1,
            "eps": 3.88
        },
        "2005": {
            "cash": 2.2,
            "stock": 1,
            "eps": 6.47
        },
        "2006": {
            "cash": 1,
            "stock": 1.99,
            "eps": 4.32
        },
        "2007": {
            "cash": 3.17,
            "stock": 0,
            "eps": 3.83
        },
        "2008": {
            "cash": 2.6,
            "stock": 0.1,
            "eps": 0.07
        },
        "2009": {
            "cash": 0.2,
            "stock": 0,
            "eps": 1.08
        },
        "2010": {
            "cash": 1,
            "stock": 0,
            "eps": 2.03
        },
        "2011": {
            "cash": 2.5,
            "stock": 0,
            "eps": 1.04
        },
        "2012": {
            "cash": 0,
            "stock": 0,
            "eps": 1.18
        },
        "2013": {
            "cash": 0.9,
            "stock": 0,
            "eps": 1.49
        },
        "2014": {
            "cash": 1.2,
            "stock": 0,
            "eps": 2.43
        },
        "2015": {
            "cash": 1.9,
            "stock": 0,
            "eps": 2.32
        },
        "2016": {
            "cash": 1.8,
            "stock": 0,
            "eps": 2.02
        },
        "2017": {
            "cash": 1.6,
            "stock": 0,
            "eps": 1.65
        },
        "2018": {
            "cash": 1.6,
            "stock": 0,
            "eps": 1.62
        },
        "2019": {
            "cash": 1.3,
            "stock": 0,
            "eps": 1.46
        },
        "2020": {
            "cash": 1.2,
            "stock": 0,
            "eps": 1.5
        },
        "2021": {
            "cash": 1.3,
            "stock": 0,
            "eps": 1.61
        },
        "2022": {
            "cash": 1.3,
            "stock": 0,
            "eps": 3.18
        },
        "2023": {
            "cash": 1.9,
            "stock": 0,
            "eps": 2.16
        }
    },
    "dividends": {
        "2004-03-29": {
            "cash": 2,
            "stock": 1
        },
        "2005-03-14": {
            "cash": 2.2,
            "stock": 1
        },
        "2006-03-01": {
            "cash": 1,
            "stock": 1.99
        },
        "2007-04-02": {
            "cash": 3.17,
            "stock": 0
        },
        "2008-03-24": {
            "cash": 2.6,
            "stock": 0.1
        },
        "2009-03-20": {
            "cash": 0.2,
            "stock": 0
        },
        "2010-03-25": {
            "cash": 1,
            "stock": 0
        },
        "2011-01-01": {
            "cash": 0.8,
            "stock": 0
        },
        "2011-03-17": {
            "cash": 1.7,
            "stock": 0
        },
        "2013-03-19": {
            "cash": 0.9,
            "stock": 0
        },
        "2014-06-12": {
            "cash": 1.2,
            "stock": 0
        },
        "2015-08-14": {
            "cash": 1.9,
            "stock": 0
        },
        "2016-07-27": {
            "cash": 1.8,
            "stock": 0
        },
        "2017-07-31": {
            "cash": 1.6,
            "stock": 0
        },
        "2018-08-16": {
            "cash": 1.6,
            "stock": 0
        },
        "2019-08-16": {
            "cash": 1.3,
            "stock": 0
        },
        "2020-07-31": {
            "cash": 1.2,
            "stock": 0
        },
        "2021-08-25": {
            "cash": 1.3,
            "stock": 0
        },
        "2022-08-05": {
            "cash": 1.3,
            "stock": 0
        },
        "2023-06-21": {
            "cash": 1.9,
            "stock": 0
        }
    },
    "prices": {
        "200101": "無",
        "200102": "無",
        "200103": "無",
        "200104": "無",
        "200105": "無",
        "200106": "無",
        "200107": "無",
        "200108": "無",
        "200109": "無",
        "200110": "無",
        "200111": "無",
        "200112": "無",
        "200201": "無",
        "200202": "無",
        "200203": "無",
        "200204": "無",
        "200205": "無",
        "200206": "無",
        "200207": "無",
        "200208": "無",
        "200209": "無",
        "200210": "無",
        "200211": "無",
        "200212": "無",
        "200301": "無",
        "200302": "無",
        "200303": "無",
        "200304": "無",
        "200305": "無",
        "200306": "無",
        "200307": "無",
        "200308": "無",
        "200309": "無",
        "200310": "無",
        "200311": "無",
        "200312": "無",
        "200401": "無",
        "200402": "無",
        "200403": "無",
        "200404": "66.36",
        "200405": "62.72",
        "200406": "56.24",
        "200407": "41.56",
        "200408": "38.95",
        "200409": "41.43",
        "200410": "42.07",
        "200411": "38.34",
        "200412": "38.41",
        "200501": "33.60",
        "200502": "37.40",
        "200503": "41.34",
        "200504": "44.75",
        "200505": "46.11",
        "200506": "52.46",
        "200507": "52.62",
        "200508": "56.00",
        "200509": "49.72",
        "200510": "50.25",
        "200511": "53.06",
        "200512": "62.96",
        "200601": "72.63",
        "200602": "64.67",
        "200603": "59.20",
        "200604": "57.27",
        "200605": "48.24",
        "200606": "40.81",
        "200607": "40.99",
        "200608": "41.64",
        "200609": "41.25",
        "200610": "40.42",
        "200611": "45.72",
        "200612": "44.25",
        "200701": "51.28",
        "200702": "53.33",
        "200703": "51.53",
        "200704": "49.55",
        "200705": "49.32",
        "200706": "51.77",
        "200707": "54.13",
        "200708": "47.02",
        "200709": "44.48",
        "200710": "41.81",
        "200711": "36.13",
        "200712": "33.95",
        "200801": "30.67",
        "200802": "27.86",
        "200803": "28.20",
        "200804": "29.48",
        "200805": "28.23",
        "200806": "23.25",
        "200807": "19.28",
        "200808": "16.42",
        "200809": "11.63",
        "200810": "9.80",
        "200811": "8.27",
        "200812": "7.76",
        "200901": "7.93",
        "200902": "10.01",
        "200903": "12.20",
        "200904": "12.59",
        "200905": "12.65",
        "200906": "13.03",
        "200907": "15.86",
        "200908": "17.70",
        "200909": "20.97",
        "200910": "20.67",
        "200911": "20.51",
        "200912": "23.51",
        "201001": "26.13",
        "201002": "29.15",
        "201003": "30.73",
        "201004": "28.54",
        "201005": "24.20",
        "201006": "25.15",
        "201007": "27.42",
        "201008": "26.02",
        "201009": "25.40",
        "201010": "25.63",
        "201011": "25.80",
        "201012": "28.36",
        "201101": "29.03",
        "201102": "26.10",
        "201103": "24.10",
        "201104": "24.66",
        "201105": "23.31",
        "201106": "23.68",
        "201107": "20.39",
        "201108": "15.80",
        "201109": "16.41",
        "201110": "17.10",
        "201111": "18.09",
        "201112": "14.67",
        "201201": "14.25",
        "201202": "17.53",
        "201203": "18.34",
        "201204": "16.42",
        "201205": "15.08",
        "201206": "15.86",
        "201207": "15.15",
        "201208": "15.59",
        "201209": "16.27",
        "201210": "14.74",
        "201211": "14.65",
        "201212": "14.89",
        "201301": "15.16",
        "201302": "15.07",
        "201303": "15.01",
        "201304": "14.60",
        "201305": "15.04",
        "201306": "15.79",
        "201307": "15.33",
        "201308": "14.87",
        "201309": "16.24",
        "201310": "17.05",
        "201311": "17.93",
        "201312": "20.91",
        "201401": "20.70",
        "201402": "21.67",
        "201403": "24.06",
        "201404": "26.69",
        "201405": "25.98",
        "201406": "26.96",
        "201407": "25.77",
        "201408": "25.15",
        "201409": "26.13",
        "201410": "23.66",
        "201411": "23.56",
        "201412": "24.29",
        "201501": "24.56",
        "201502": "25.08",
        "201503": "26.04",
        "201504": "26.10",
        "201505": "25.30",
        "201506": "23.48",
        "201507": "21.30",
        "201508": "19.23",
        "201509": "21.46",
        "201510": "22.94",
        "201511": "22.98",
        "201512": "22.38",
        "201601": "20.82",
        "201602": "21.74",
        "201603": "22.93",
        "201604": "21.34",
        "201605": "19.61",
        "201606": "20.39",
        "201607": "18.96",
        "201608": "19.67",
        "201609": "19.66",
        "201610": "19.72",
        "201611": "20.30",
        "201612": "20.93",
        "201701": "22.19",
        "201702": "23.71",
        "201703": "23.82",
        "201704": "22.92",
        "201705": "24.05",
        "201706": "23.84",
        "201707": "22.26",
        "201708": "23.08",
        "201709": "24.67",
        "201710": "26.29",
        "201711": "25.60",
        "201712": "25.92",
        "201801": "25.70",
        "201802": "25.30",
        "201803": "26.54",
        "201804": "25.51",
        "201805": "23.48",
        "201806": "24.61",
        "201807": "23.76",
        "201808": "22.65",
        "201809": "21.68",
        "201810": "19.14",
        "201811": "19.04",
        "201812": "19.94",
        "201901": "20.38",
        "201902": "21.57",
        "201903": "21.97",
        "201904": "22.42",
        "201905": "21.81",
        "201906": "22.12",
        "201907": "22.42",
        "201908": "21.30",
        "201909": "21.87",
        "201910": "21.38",
        "201911": "21.51",
        "201912": "22.00",
        "202001": "22.82",
        "202002": "21.27",
        "202003": "18.16",
        "202004": "17.95",
        "202005": "18.46",
        "202006": "18.52",
        "202007": "17.67",
        "202008": "17.12",
        "202009": "17.22",
        "202010": "17.11",
        "202011": "18.10",
        "202012": "19.60",
        "202101": "19.29",
        "202102": "19.56",
        "202103": "21.53",
        "202104": "24.60",
        "202105": "22.14",
        "202106": "24.75",
        "202107": "28.74",
        "202108": "28.81",
        "202109": "28.58",
        "202110": "26.31",
        "202111": "26.48",
        "202112": "24.98",
        "202201": "24.01",
        "202202": "23.38",
        "202203": "22.90",
        "202204": "21.62",
        "202205": "21.68",
        "202206": "22.61",
        "202207": "21.14",
        "202208": "21.49",
        "202209": "21.71",
        "202210": "21.25",
        "202211": "26.66",
        "202212": "27.48",
        "202301": "28.70",
        "202302": "28.05",
        "202303": "29.35",
        "202304": "30.86",
        "202305": "30.27",
        "202306": "30.45",
        "202307": "32.64",
        "202308": "30.24",
        "202309": "29.16",
        "202310": "28.99",
        "202311": "29.22",
        "202312": "29.53"
    },
    "quarters": {
        "20011": {
            "year_quarter": 20011,
            "year": 2001,
            "quarter": 1,
            "eps": null,
            "eps_growth_year": null,
            "eps_4q": null,
            "eps_4q_growth_year": null,
            "roe": null,
            "roe_4q": 0,
            "gross_profit": null,
            "gross_margin": null,
            "gross_margin_4q_avg": 0,
            "net_income": null,
            "net_income_4q": null,
            "revenue": null,
            "revenue_4q": null,
            "common_shares": null,
            "book_valuer_per_share": null,
            "book_valuer_per_share_4q_avg": 0,
            "equity": null,
            "current_ratio": null,
            "debt_ratio": null,
            "inventory_turnover_ratio": null,
            "account_receivable_turnover_ratio": null,
            "reinvestment_rate": null,
            "research_to_sale_ratio": null,
            "price_fair": 0,
            "eps_avg_yearly": 0,
            "eps_latest_yearly": 0,
            "eps_growth_yearly": 0
        },
        "20012": {
            "year_quarter": 20012,
            "year": 2001,
            "quarter": 2,
            "eps": null,
            "eps_growth_year": null,
            "eps_4q": null,
            "eps_4q_growth_year": null,
            "roe": null,
            "roe_4q": 0,
            "gross_profit": null,
            "gross_margin": null,
            "gross_margin_4q_avg": 0,
            "net_income": null,
            "net_income_4q": null,
            "revenue": null,
            "revenue_4q": null,
            "common_shares": null,
            "book_valuer_per_share": null,
            "book_valuer_per_share_4q_avg": 0,
            "equity": null,
            "current_ratio": null,
            "debt_ratio": null,
            "inventory_turnover_ratio": null,
            "account_receivable_turnover_ratio": null,
            "reinvestment_rate": null,
            "research_to_sale_ratio": null,
            "price_fair": 0,
            "eps_avg_yearly": 0,
            "eps_latest_yearly": 0,
            "eps_growth_yearly": 0
        },
        "20013": {
            "year_quarter": 20013,
            "year": 2001,
            "quarter": 3,
            "eps": null,
            "eps_growth_year": null,
            "eps_4q": null,
            "eps_4q_growth_year": null,
            "roe": null,
            "roe_4q": 0,
            "gross_profit": null,
            "gross_margin": null,
            "gross_margin_4q_avg": 0,
            "net_income": null,
            "net_income_4q": null,
            "revenue": null,
            "revenue_4q": null,
            "common_shares": null,
            "book_valuer_per_share": null,
            "book_valuer_per_share_4q_avg": 0,
            "equity": null,
            "current_ratio": null,
            "debt_ratio": null,
            "inventory_turnover_ratio": null,
            "account_receivable_turnover_ratio": null,
            "reinvestment_rate": null,
            "research_to_sale_ratio": null,
            "price_fair": 0,
            "eps_avg_yearly": 0,
            "eps_latest_yearly": 0,
            "eps_growth_yearly": 0
        },
        "20014": {
            "year_quarter": 20014,
            "year": 2001,
            "quarter": 4,
            "eps": null,
            "eps_growth_year": null,
            "eps_4q": null,
            "eps_4q_growth_year": null,
            "roe": null,
            "roe_4q": 0,
            "gross_profit": null,
            "gross_margin": null,
            "gross_margin_4q_avg": 0,
            "net_income": null,
            "net_income_4q": null,
            "revenue": null,
            "revenue_4q": null,
            "common_shares": 360000,
            "book_valuer_per_share": 6.89,
            "book_valuer_per_share_4q_avg": 1.72,
            "equity": 247970,
            "current_ratio": 154.47,
            "debt_ratio": 44.95,
            "inventory_turnover_ratio": null,
            "account_receivable_turnover_ratio": null,
            "reinvestment_rate": null,
            "research_to_sale_ratio": null,
            "price_fair": 0,
            "eps_avg_yearly": 0,
            "eps_latest_yearly": 0,
            "eps_growth_yearly": 0
        },
        "20021": {
            "year_quarter": 20021,
            "year": 2002,
            "quarter": 1,
            "eps": null,
            "eps_growth_year": null,
            "eps_4q": null,
            "eps_4q_growth_year": null,
            "roe": null,
            "roe_4q": 0,
            "gross_profit": null,
            "gross_margin": null,
            "gross_margin_4q_avg": 0,
            "net_income": null,
            "net_income_4q": null,
            "revenue": null,
            "revenue_4q": null,
            "common_shares": null,
            "book_valuer_per_share": null,
            "book_valuer_per_share_4q_avg": 1.72,
            "equity": null,
            "current_ratio": null,
            "debt_ratio": null,
            "inventory_turnover_ratio": null,
            "account_receivable_turnover_ratio": null,
            "reinvestment_rate": null,
            "research_to_sale_ratio": null,
            "price_fair": 0,
            "eps_avg_yearly": 0,
            "eps_latest_yearly": 0,
            "eps_growth_yearly": 0
        },
        "20022": {
            "year_quarter": 20022,
            "year": 2002,
            "quarter": 2,
            "eps": null,
            "eps_growth_year": null,
            "eps_4q": null,
            "eps_4q_growth_year": null,
            "roe": null,
            "roe_4q": 0,
            "gross_profit": null,
            "gross_margin": null,
            "gross_margin_4q_avg": 0,
            "net_income": null,
            "net_income_4q": null,
            "revenue": null,
            "revenue_4q": null,
            "common_shares": null,
            "book_valuer_per_share": null,
            "book_valuer_per_share_4q_avg": 1.72,
            "equity": null,
            "current_ratio": null,
            "debt_ratio": null,
            "inventory_turnover_ratio": null,
            "account_receivable_turnover_ratio": null,
            "reinvestment_rate": null,
            "research_to_sale_ratio": null,
            "price_fair": 0,
            "eps_avg_yearly": 0,
            "eps_latest_yearly": 0,
            "eps_growth_yearly": 0
        },
        "20023": {
            "year_quarter": 20023,
            "year": 2002,
            "quarter": 3,
            "eps": null,
            "eps_growth_year": null,
            "eps_4q": null,
            "eps_4q_growth_year": null,
            "roe": null,
            "roe_4q": 0,
            "gross_profit": null,
            "gross_margin": null,
            "gross_margin_4q_avg": 0,
            "net_income": null,
            "net_income_4q": null,
            "revenue": null,
            "revenue_4q": null,
            "common_shares": null,
            "book_valuer_per_share": null,
            "book_valuer_per_share_4q_avg": 1.72,
            "equity": null,
            "current_ratio": null,
            "debt_ratio": null,
            "inventory_turnover_ratio": null,
            "account_receivable_turnover_ratio": null,
            "reinvestment_rate": null,
            "research_to_sale_ratio": null,
            "price_fair": 0,
            "eps_avg_yearly": 0,
            "eps_latest_yearly": 0,
            "eps_growth_yearly": 0
        },
        "20024": {
            "year_quarter": 20024,
            "year": 2002,
            "quarter": 4,
            "eps": null,
            "eps_growth_year": null,
            "eps_4q": null,
            "eps_4q_growth_year": null,
            "roe": null,
            "roe_4q": 0,
            "gross_profit": null,
            "gross_margin": null,
            "gross_margin_4q_avg": 0,
            "net_income": null,
            "net_income_4q": null,
            "revenue": null,
            "revenue_4q": null,
            "common_shares": 700000,
            "book_valuer_per_share": 12.2,
            "book_valuer_per_share_4q_avg": 3.05,
            "equity": 854279,
            "current_ratio": 222.86,
            "debt_ratio": 34.65,
            "inventory_turnover_ratio": null,
            "account_receivable_turnover_ratio": null,
            "reinvestment_rate": null,
            "research_to_sale_ratio": null,
            "price_fair": 0,
            "eps_avg_yearly": 0,
            "eps_latest_yearly": 0,
            "eps_growth_yearly": 0
        },
        "20031": {
            "year_quarter": 20031,
            "year": 2003,
            "quarter": 1,
            "eps": null,
            "eps_growth_year": null,
            "eps_4q": null,
            "eps_4q_growth_year": null,
            "roe": null,
            "roe_4q": 0,
            "gross_profit": null,
            "gross_margin": null,
            "gross_margin_4q_avg": 0,
            "net_income": null,
            "net_income_4q": null,
            "revenue": null,
            "revenue_4q": null,
            "common_shares": null,
            "book_valuer_per_share": null,
            "book_valuer_per_share_4q_avg": 3.05,
            "equity": null,
            "current_ratio": null,
            "debt_ratio": null,
            "inventory_turnover_ratio": null,
            "account_receivable_turnover_ratio": null,
            "reinvestment_rate": null,
            "research_to_sale_ratio": null,
            "price_fair": 0,
            "eps_avg_yearly": 0,
            "eps_latest_yearly": 0,
            "eps_growth_yearly": 0
        },
        "20032": {
            "year_quarter": 20032,
            "year": 2003,
            "quarter": 2,
            "eps": null,
            "eps_growth_year": null,
            "eps_4q": null,
            "eps_4q_growth_year": null,
            "roe": null,
            "roe_4q": 0,
            "gross_profit": null,
            "gross_margin": null,
            "gross_margin_4q_avg": 0,
            "net_income": null,
            "net_income_4q": null,
            "revenue": null,
            "revenue_4q": null,
            "common_shares": null,
            "book_valuer_per_share": null,
            "book_valuer_per_share_4q_avg": 3.05,
            "equity": null,
            "current_ratio": null,
            "debt_ratio": null,
            "inventory_turnover_ratio": null,
            "account_receivable_turnover_ratio": null,
            "reinvestment_rate": null,
            "research_to_sale_ratio": null,
            "price_fair": 0,
            "eps_avg_yearly": 0,
            "eps_latest_yearly": 0,
            "eps_growth_yearly": 0
        },
        "20033": {
            "year_quarter": 20033,
            "year": 2003,
            "quarter": 3,
            "eps": 1.81,
            "eps_growth_year": null,
            "eps_4q": null,
            "eps_4q_growth_year": null,
            "roe": 11.21,
            "roe_4q": 11.21,
            "gross_profit": 225757,
            "gross_margin": 21.46,
            "gross_margin_4q_avg": 5.37,
            "net_income": 126522,
            "net_income_4q": null,
            "revenue": 1052053,
            "revenue_4q": null,
            "common_shares": 700000,
            "book_valuer_per_share": 16.12,
            "book_valuer_per_share_4q_avg": 7.08,
            "equity": 1128396,
            "current_ratio": 144.7,
            "debt_ratio": 52.63,
            "inventory_turnover_ratio": 2.16,
            "account_receivable_turnover_ratio": null,
            "reinvestment_rate": null,
            "research_to_sale_ratio": null,
            "price_fair": 0,
            "eps_avg_yearly": 0,
            "eps_latest_yearly": 0,
            "eps_growth_yearly": 0
        },
        "20034": {
            "year_quarter": 20034,
            "year": 2003,
            "quarter": 4,
            "eps": 1.87,
            "eps_growth_year": null,
            "eps_4q": null,
            "eps_4q_growth_year": null,
            "roe": 10.98,
            "roe_4q": 22.19,
            "gross_profit": 231349,
            "gross_margin": 21.59,
            "gross_margin_4q_avg": 10.76,
            "net_income": 131159,
            "net_income_4q": null,
            "revenue": 1071476,
            "revenue_4q": null,
            "common_shares": 700000,
            "book_valuer_per_share": 18.02,
            "book_valuer_per_share_4q_avg": 8.54,
            "equity": 1261179,
            "current_ratio": 148.28,
            "debt_ratio": 50.44,
            "inventory_turnover_ratio": 2.32,
            "account_receivable_turnover_ratio": null,
            "reinvestment_rate": null,
            "research_to_sale_ratio": null,
            "price_fair": 173.98,
            "eps_avg_yearly": 7.48,
            "eps_latest_yearly": 7.48,
            "eps_growth_yearly": 13.26
        },
        "20041": {
            "year_quarter": 20041,
            "year": 2004,
            "quarter": 1,
            "eps": null,
            "eps_growth_year": null,
            "eps_4q": null,
            "eps_4q_growth_year": null,
            "roe": null,
            "roe_4q": 22.19,
            "gross_profit": null,
            "gross_margin": null,
            "gross_margin_4q_avg": 10.76,
            "net_income": null,
            "net_income_4q": null,
            "revenue": null,
            "revenue_4q": null,
            "common_shares": null,
            "book_valuer_per_share": null,
            "book_valuer_per_share_4q_avg": 8.54,
            "equity": null,
            "current_ratio": null,
            "debt_ratio": null,
            "inventory_turnover_ratio": null,
            "account_receivable_turnover_ratio": null,
            "reinvestment_rate": null,
            "research_to_sale_ratio": null,
            "price_fair": 173.98,
            "eps_avg_yearly": 7.48,
            "eps_latest_yearly": 7.48,
            "eps_growth_yearly": 13.26
        },
        "20042": {
            "year_quarter": 20042,
            "year": 2004,
            "quarter": 2,
            "eps": null,
            "eps_growth_year": null,
            "eps_4q": null,
            "eps_4q_growth_year": null,
            "roe": null,
            "roe_4q": 22.19,
            "gross_profit": null,
            "gross_margin": null,
            "gross_margin_4q_avg": 10.76,
            "net_income": null,
            "net_income_4q": null,
            "revenue": null,
            "revenue_4q": null,
            "common_shares": null,
            "book_valuer_per_share": null,
            "book_valuer_per_share_4q_avg": 8.54,
            "equity": null,
            "current_ratio": null,
            "debt_ratio": null,
            "inventory_turnover_ratio": null,
            "account_receivable_turnover_ratio": null,
            "reinvestment_rate": null,
            "research_to_sale_ratio": null,
            "price_fair": 173.98,
            "eps_avg_yearly": 7.48,
            "eps_latest_yearly": 7.48,
            "eps_growth_yearly": 13.26
        },
        "20043": {
            "year_quarter": 20043,
            "year": 2004,
            "quarter": 3,
            "eps": 3.14,
            "eps_growth_year": 73.48,
            "eps_4q": null,
            "eps_4q_growth_year": null,
            "roe": 16.15,
            "roe_4q": 27.13,
            "gross_profit": 297079,
            "gross_margin": 16.55,
            "gross_margin_4q_avg": 9.54,
            "net_income": 245301,
            "net_income_4q": null,
            "revenue": 1794640,
            "revenue_4q": null,
            "common_shares": 782390,
            "book_valuer_per_share": 19.41,
            "book_valuer_per_share_4q_avg": 9.36,
            "equity": 1518658,
            "current_ratio": 128.53,
            "debt_ratio": 58.82,
            "inventory_turnover_ratio": 3.76,
            "account_receivable_turnover_ratio": null,
            "reinvestment_rate": null,
            "research_to_sale_ratio": null,
            "price_fair": 173.98,
            "eps_avg_yearly": 7.48,
            "eps_latest_yearly": 7.48,
            "eps_growth_yearly": 13.26
        },
        "20044": {
            "year_quarter": 20044,
            "year": 2004,
            "quarter": 4,
            "eps": 0.74,
            "eps_growth_year": -60.43,
            "eps_4q": null,
            "eps_4q_growth_year": null,
            "roe": 3.8,
            "roe_4q": 19.95,
            "gross_profit": 166568,
            "gross_margin": 15.76,
            "gross_margin_4q_avg": 8.08,
            "net_income": 58129,
            "net_income_4q": null,
            "revenue": 1056798,
            "revenue_4q": null,
            "common_shares": 782390,
            "book_valuer_per_share": 19.66,
            "book_valuer_per_share_4q_avg": 9.77,
            "equity": 1538518,
            "current_ratio": 149.02,
            "debt_ratio": 41.38,
            "inventory_turnover_ratio": 2.53,
            "account_receivable_turnover_ratio": null,
            "reinvestment_rate": null,
            "research_to_sale_ratio": null,
            "price_fair": 15.66,
            "eps_avg_yearly": 5.22,
            "eps_latest_yearly": 2.96,
            "eps_growth_yearly": -146.24
        },
        "20051": {
            "year_quarter": 20051,
            "year": 2005,
            "quarter": 1,
            "eps": 1.57,
            "eps_growth_year": null,
            "eps_4q": null,
            "eps_4q_growth_year": null,
            "roe": 7.67,
            "roe_4q": 27.619999999999997,
            "gross_profit": 151283,
            "gross_margin": 15.83,
            "gross_margin_4q_avg": 12.04,
            "net_income": 122574,
            "net_income_4q": null,
            "revenue": 955751,
            "revenue_4q": null,
            "common_shares": 782390,
            "book_valuer_per_share": 21.21,
            "book_valuer_per_share_4q_avg": 15.07,
            "equity": 1659270,
            "current_ratio": 157.56,
            "debt_ratio": 44.04,
            "inventory_turnover_ratio": 2.81,
            "account_receivable_turnover_ratio": null,
            "reinvestment_rate": null,
            "research_to_sale_ratio": null,
            "price_fair": 195.07,
            "eps_avg_yearly": 5.57,
            "eps_latest_yearly": 6.28,
            "eps_growth_yearly": 52.06
        },
        "20052": {
            "year_quarter": 20052,
            "year": 2005,
            "quarter": 2,
            "eps": 1.42,
            "eps_growth_year": null,
            "eps_4q": 6.28,
            "eps_4q_growth_year": null,
            "roe": 7.71,
            "roe_4q": 35.33,
            "gross_profit": 179799,
            "gross_margin": 13.88,
            "gross_margin_4q_avg": 15.51,
            "net_income": 124362,
            "net_income_4q": null,
            "revenue": 1295493,
            "revenue_4q": null,
            "common_shares": 782390,
            "book_valuer_per_share": 20.04,
            "book_valuer_per_share_4q_avg": 20.08,
            "equity": 1568272,
            "current_ratio": 131.87,
            "debt_ratio": 57.67,
            "inventory_turnover_ratio": 3.49,
            "account_receivable_turnover_ratio": null,
            "reinvestment_rate": null,
            "research_to_sale_ratio": null,
            "price_fair": 196,
            "eps_avg_yearly": 5.6,
            "eps_latest_yearly": 5.68,
            "eps_growth_yearly": 29.49
        },
        "20053": {
            "year_quarter": 20053,
            "year": 2005,
            "quarter": 3,
            "eps": 2,
            "eps_growth_year": -36.31,
            "eps_4q": 5.5,
            "eps_4q_growth_year": null,
            "roe": 10.38,
            "roe_4q": 29.56,
            "gross_profit": 177834,
            "gross_margin": 10.75,
            "gross_margin_4q_avg": 14.06,
            "net_income": 174506,
            "net_income_4q": null,
            "revenue": 1654462,
            "revenue_4q": null,
            "common_shares": 873316,
            "book_valuer_per_share": 20.53,
            "book_valuer_per_share_4q_avg": 20.36,
            "equity": 1792855,
            "current_ratio": 140.99,
            "debt_ratio": 53.05,
            "inventory_turnover_ratio": 4.01,
            "account_receivable_turnover_ratio": null,
            "reinvestment_rate": null,
            "research_to_sale_ratio": null,
            "price_fair": 212.8,
            "eps_avg_yearly": 6.08,
            "eps_latest_yearly": 8,
            "eps_growth_yearly": 56.27
        },
        "20054": {
            "year_quarter": 20054,
            "year": 2005,
            "quarter": 4,
            "eps": 1.48,
            "eps_growth_year": 100,
            "eps_4q": 6.3,
            "eps_4q_growth_year": null,
            "roe": 6.29,
            "roe_4q": 32.050000000000004,
            "gross_profit": 157047,
            "gross_margin": 11.03,
            "gross_margin_4q_avg": 12.87,
            "net_income": 129470,
            "net_income_4q": null,
            "revenue": 1423575,
            "revenue_4q": null,
            "common_shares": 873316,
            "book_valuer_per_share": 26.65,
            "book_valuer_per_share_4q_avg": 22.11,
            "equity": 2326959,
            "current_ratio": 214.38,
            "debt_ratio": 43.56,
            "inventory_turnover_ratio": 4.05,
            "account_receivable_turnover_ratio": null,
            "reinvestment_rate": null,
            "research_to_sale_ratio": null,
            "price_fair": 211.87,
            "eps_avg_yearly": 6.05,
            "eps_latest_yearly": 5.92,
            "eps_growth_yearly": 29.56
        },
        "20061": {
            "year_quarter": 20061,
            "year": 2006,
            "quarter": 1,
            "eps": 0.82,
            "eps_growth_year": -47.77,
            "eps_4q": 5.15,
            "eps_4q_growth_year": null,
            "roe": 3.33,
            "roe_4q": 27.71,
            "gross_profit": 105367,
            "gross_margin": 8.57,
            "gross_margin_4q_avg": 11.06,
            "net_income": 81096,
            "net_income_4q": null,
            "revenue": 1229266,
            "revenue_4q": null,
            "common_shares": 998216,
            "book_valuer_per_share": 25.43,
            "book_valuer_per_share_4q_avg": 23.16,
            "equity": 2538312,
            "current_ratio": 231.66,
            "debt_ratio": 37.74,
            "inventory_turnover_ratio": 4.46,
            "account_receivable_turnover_ratio": null,
            "reinvestment_rate": null,
            "research_to_sale_ratio": null,
            "price_fair": 16.97,
            "eps_avg_yearly": 5.66,
            "eps_latest_yearly": 3.28,
            "eps_growth_yearly": -0.15
        },
        "20062": {
            "year_quarter": 20062,
            "year": 2006,
            "quarter": 2,
            "eps": 1.27,
            "eps_growth_year": -10.56,
            "eps_4q": 4.41,
            "eps_4q_growth_year": -29.81,
            "roe": 6.11,
            "roe_4q": 26.11,
            "gross_profit": 160274,
            "gross_margin": 11.5,
            "gross_margin_4q_avg": 10.46,
            "net_income": 155690,
            "net_income_4q": null,
            "revenue": 1393155,
            "revenue_4q": null,
            "common_shares": 998216,
            "book_valuer_per_share": 25.6,
            "book_valuer_per_share_4q_avg": 24.55,
            "equity": 2555704,
            "current_ratio": 203.32,
            "debt_ratio": 40.55,
            "inventory_turnover_ratio": 5.58,
            "account_receivable_turnover_ratio": null,
            "reinvestment_rate": null,
            "research_to_sale_ratio": null,
            "price_fair": 195.48,
            "eps_avg_yearly": 5.59,
            "eps_latest_yearly": 5.08,
            "eps_growth_yearly": 27.31
        },
        "20063": {
            "year_quarter": 20063,
            "year": 2006,
            "quarter": 3,
            "eps": 1.18,
            "eps_growth_year": -41,
            "eps_4q": 4.16,
            "eps_4q_growth_year": -24.23,
            "roe": 5.52,
            "roe_4q": 21.25,
            "gross_profit": 157354,
            "gross_margin": 9.63,
            "gross_margin_4q_avg": 10.18,
            "net_income": 144810,
            "net_income_4q": null,
            "revenue": 1633376,
            "revenue_4q": null,
            "common_shares": 1230277,
            "book_valuer_per_share": 21.84,
            "book_valuer_per_share_4q_avg": 24.88,
            "equity": 2687429,
            "current_ratio": 208.94,
            "debt_ratio": 39.35,
            "inventory_turnover_ratio": 7.09,
            "account_receivable_turnover_ratio": null,
            "reinvestment_rate": null,
            "research_to_sale_ratio": null,
            "price_fair": 170.84,
            "eps_avg_yearly": 5.49,
            "eps_latest_yearly": 4.72,
            "eps_growth_yearly": 21.13
        },
        "20064": {
            "year_quarter": 20064,
            "year": 2006,
            "quarter": 4,
            "eps": 1.05,
            "eps_growth_year": -29.05,
            "eps_4q": 4.18,
            "eps_4q_growth_year": -33.6,
            "roe": 4.63,
            "roe_4q": 19.589999999999996,
            "gross_profit": 132113,
            "gross_margin": 8.8,
            "gross_margin_4q_avg": 9.63,
            "net_income": 127943,
            "net_income_4q": null,
            "revenue": 1502016,
            "revenue_4q": null,
            "common_shares": 1235603,
            "book_valuer_per_share": 22.94,
            "book_valuer_per_share_4q_avg": 23.95,
            "equity": 2834592,
            "current_ratio": 243.29,
            "debt_ratio": 37.88,
            "inventory_turnover_ratio": 6.09,
            "account_receivable_turnover_ratio": null,
            "reinvestment_rate": null,
            "research_to_sale_ratio": null,
            "price_fair": 131.89,
            "eps_avg_yearly": 5.36,
            "eps_latest_yearly": 4.2,
            "eps_growth_yearly": 14.61
        },
        "20071": {
            "year_quarter": 20071,
            "year": 2007,
            "quarter": 1,
            "eps": 0.82,
            "eps_growth_year": 0,
            "eps_4q": 4.28,
            "eps_4q_growth_year": -16.95,
            "roe": 3.44,
            "roe_4q": 19.7,
            "gross_profit": 73487,
            "gross_margin": 5.96,
            "gross_margin_4q_avg": 8.97,
            "net_income": 101600,
            "net_income_4q": null,
            "revenue": 1232470,
            "revenue_4q": null,
            "common_shares": 1266627,
            "book_valuer_per_share": 24.31,
            "book_valuer_per_share_4q_avg": 23.67,
            "equity": 3079352,
            "current_ratio": 239.68,
            "debt_ratio": 31.11,
            "inventory_turnover_ratio": 5.68,
            "account_receivable_turnover_ratio": null,
            "reinvestment_rate": null,
            "research_to_sale_ratio": null,
            "price_fair": 79.18,
            "eps_avg_yearly": 5.17,
            "eps_latest_yearly": 3.28,
            "eps_growth_yearly": 5.31
        },
        "20072": {
            "year_quarter": 20072,
            "year": 2007,
            "quarter": 2,
            "eps": 1.23,
            "eps_growth_year": -3.15,
            "eps_4q": 4.23,
            "eps_4q_growth_year": -4.2,
            "roe": 5.26,
            "roe_4q": 18.849999999999998,
            "gross_profit": 111840,
            "gross_margin": 7.82,
            "gross_margin_4q_avg": 8.05,
            "net_income": 153695,
            "net_income_4q": null,
            "revenue": 1430944,
            "revenue_4q": null,
            "common_shares": 1266820,
            "book_valuer_per_share": 21.86,
            "book_valuer_per_share_4q_avg": 22.74,
            "equity": 2769816,
            "current_ratio": 165.94,
            "debt_ratio": 40.63,
            "inventory_turnover_ratio": 12.96,
            "account_receivable_turnover_ratio": null,
            "reinvestment_rate": null,
            "research_to_sale_ratio": null,
            "price_fair": 162.41,
            "eps_avg_yearly": 5.15,
            "eps_latest_yearly": 4.92,
            "eps_growth_yearly": 21.54
        },
        "20073": {
            "year_quarter": 20073,
            "year": 2007,
            "quarter": 3,
            "eps": 0.92,
            "eps_growth_year": -22.03,
            "eps_4q": 3.97,
            "eps_4q_growth_year": -4.78,
            "roe": 4.06,
            "roe_4q": 17.39,
            "gross_profit": 144086,
            "gross_margin": 8.88,
            "gross_margin_4q_avg": 7.87,
            "net_income": 115774,
            "net_income_4q": null,
            "revenue": 1621940,
            "revenue_4q": null,
            "common_shares": 1266820,
            "book_valuer_per_share": 23.17,
            "book_valuer_per_share_4q_avg": 23.07,
            "equity": 2935402,
            "current_ratio": 188.28,
            "debt_ratio": 35.24,
            "inventory_turnover_ratio": 53.23,
            "account_receivable_turnover_ratio": null,
            "reinvestment_rate": null,
            "research_to_sale_ratio": null,
            "price_fair": 111.44,
            "eps_avg_yearly": 5.04,
            "eps_latest_yearly": 3.68,
            "eps_growth_yearly": 12.13
        },
        "20074": {
            "year_quarter": 20074,
            "year": 2007,
            "quarter": 4,
            "eps": 0.86,
            "eps_growth_year": -18.1,
            "eps_4q": 3.8,
            "eps_4q_growth_year": -9.18,
            "roe": 3.62,
            "roe_4q": 16.38,
            "gross_profit": 156954,
            "gross_margin": 10.08,
            "gross_margin_4q_avg": 8.19,
            "net_income": 108618,
            "net_income_4q": null,
            "revenue": 1557705,
            "revenue_4q": null,
            "common_shares": 1266820,
            "book_valuer_per_share": 24.25,
            "book_valuer_per_share_4q_avg": 23.4,
            "equity": 3072291,
            "current_ratio": 230.49,
            "debt_ratio": 35.93,
            "inventory_turnover_ratio": 10.67,
            "account_receivable_turnover_ratio": null,
            "reinvestment_rate": null,
            "research_to_sale_ratio": null,
            "price_fair": 90.26,
            "eps_avg_yearly": 4.73,
            "eps_latest_yearly": 3.44,
            "eps_growth_yearly": 9.1
        },
        "20081": {
            "year_quarter": 20081,
            "year": 2008,
            "quarter": 1,
            "eps": -0.04,
            "eps_growth_year": -104.88,
            "eps_4q": 2.92,
            "eps_4q_growth_year": -31.81,
            "roe": -0.17,
            "roe_4q": 12.77,
            "gross_profit": 77351,
            "gross_margin": 8.48,
            "gross_margin_4q_avg": 8.82,
            "net_income": -5114,
            "net_income_4q": null,
            "revenue": 912495,
            "revenue_4q": null,
            "common_shares": 1266820,
            "book_valuer_per_share": 23.91,
            "book_valuer_per_share_4q_avg": 23.3,
            "equity": 3029298,
            "current_ratio": 215.88,
            "debt_ratio": 33.47,
            "inventory_turnover_ratio": 3.03,
            "account_receivable_turnover_ratio": null,
            "reinvestment_rate": null,
            "research_to_sale_ratio": null,
            "price_fair": 90.26,
            "eps_avg_yearly": 4.73,
            "eps_latest_yearly": 3.44,
            "eps_growth_yearly": 9.1
        },
        "20082": {
            "year_quarter": 20082,
            "year": 2008,
            "quarter": 2,
            "eps": -0.24,
            "eps_growth_year": -119.51,
            "eps_4q": 1.5,
            "eps_4q_growth_year": -64.61,
            "roe": -1.05,
            "roe_4q": 6.46,
            "gross_profit": 62895,
            "gross_margin": 5.53,
            "gross_margin_4q_avg": 8.24,
            "net_income": -29828,
            "net_income_4q": null,
            "revenue": 1137262,
            "revenue_4q": null,
            "common_shares": 1266820,
            "book_valuer_per_share": 20.96,
            "book_valuer_per_share_4q_avg": 23.07,
            "equity": 2654774,
            "current_ratio": 165.37,
            "debt_ratio": 43.01,
            "inventory_turnover_ratio": 3.19,
            "account_receivable_turnover_ratio": null,
            "reinvestment_rate": 73.82,
            "research_to_sale_ratio": null,
            "price_fair": 90.26,
            "eps_avg_yearly": 4.73,
            "eps_latest_yearly": 3.44,
            "eps_growth_yearly": 9.1
        },
        "20083": {
            "year_quarter": 20083,
            "year": 2008,
            "quarter": 3,
            "eps": 0.3,
            "eps_growth_year": -67.39,
            "eps_4q": 0.87,
            "eps_4q_growth_year": -78.13,
            "roe": 1.43,
            "roe_4q": 3.83,
            "gross_profit": 141459,
            "gross_margin": 9.51,
            "gross_margin_4q_avg": 8.4,
            "net_income": 38957,
            "net_income_4q": null,
            "revenue": 1488141,
            "revenue_4q": null,
            "common_shares": 1300000,
            "book_valuer_per_share": 21.56,
            "book_valuer_per_share_4q_avg": 22.67,
            "equity": 2802590,
            "current_ratio": 163.05,
            "debt_ratio": 42.19,
            "inventory_turnover_ratio": 3.73,
            "account_receivable_turnover_ratio": null,
            "reinvestment_rate": 77.15,
            "research_to_sale_ratio": null,
            "price_fair": 90.26,
            "eps_avg_yearly": 4.73,
            "eps_latest_yearly": 3.44,
            "eps_growth_yearly": 9.1
        },
        "20084": {
            "year_quarter": 20084,
            "year": 2008,
            "quarter": 4,
            "eps": 0.05,
            "eps_growth_year": -94.19,
            "eps_4q": 0.08,
            "eps_4q_growth_year": -97.82,
            "roe": 0.22,
            "roe_4q": 0.4299999999999998,
            "gross_profit": 54587,
            "gross_margin": 4.59,
            "gross_margin_4q_avg": 7.03,
            "net_income": 6123,
            "net_income_4q": null,
            "revenue": 1189598,
            "revenue_4q": null,
            "common_shares": 1300000,
            "book_valuer_per_share": 21.63,
            "book_valuer_per_share_4q_avg": 22.02,
            "equity": 2811954,
            "current_ratio": 182.51,
            "debt_ratio": 33.64,
            "inventory_turnover_ratio": 3.01,
            "account_receivable_turnover_ratio": 2.75,
            "reinvestment_rate": 41.04,
            "research_to_sale_ratio": null,
            "price_fair": 76.62,
            "eps_avg_yearly": 4.51,
            "eps_latest_yearly": 0.2,
            "eps_growth_yearly": 6.98
        },
        "20091": {
            "year_quarter": 20091,
            "year": 2009,
            "quarter": 1,
            "eps": -0.25,
            "eps_growth_year": null,
            "eps_4q": -0.13,
            "eps_4q_growth_year": -104.29,
            "roe": -1.1,
            "roe_4q": -0.5000000000000002,
            "gross_profit": -16709,
            "gross_margin": -2.98,
            "gross_margin_4q_avg": 4.16,
            "net_income": -31154,
            "net_income_4q": null,
            "revenue": 561363,
            "revenue_4q": null,
            "common_shares": 1270000,
            "book_valuer_per_share": 22.55,
            "book_valuer_per_share_4q_avg": 21.68,
            "equity": 2863389,
            "current_ratio": 223.37,
            "debt_ratio": 23.22,
            "inventory_turnover_ratio": 1.61,
            "account_receivable_turnover_ratio": 0.82,
            "reinvestment_rate": 91.3,
            "research_to_sale_ratio": null,
            "price_fair": 13.1,
            "eps_avg_yearly": 4.37,
            "eps_latest_yearly": 0.2,
            "eps_growth_yearly": -29.83
        },
        "20092": {
            "year_quarter": 20092,
            "year": 2009,
            "quarter": 2,
            "eps": 0.46,
            "eps_growth_year": null,
            "eps_4q": 0.57,
            "eps_4q_growth_year": -61.96,
            "roe": 2.06,
            "roe_4q": 2.61,
            "gross_profit": 74356,
            "gross_margin": 7.19,
            "gross_margin_4q_avg": 4.58,
            "net_income": 58872,
            "net_income_4q": null,
            "revenue": 1034848,
            "revenue_4q": null,
            "common_shares": 1270000,
            "book_valuer_per_share": 22.4,
            "book_valuer_per_share_4q_avg": 22.04,
            "equity": 2844760,
            "current_ratio": 193.72,
            "debt_ratio": 29.47,
            "inventory_turnover_ratio": 3.24,
            "account_receivable_turnover_ratio": 1.56,
            "reinvestment_rate": 92.27,
            "research_to_sale_ratio": null,
            "price_fair": 12.74,
            "eps_avg_yearly": 4.25,
            "eps_latest_yearly": 0.2,
            "eps_growth_yearly": -29.07
        },
        "20093": {
            "year_quarter": 20093,
            "year": 2009,
            "quarter": 3,
            "eps": 0.59,
            "eps_growth_year": 96.67,
            "eps_4q": 0.85,
            "eps_4q_growth_year": -1.45,
            "roe": 2.6,
            "roe_4q": 3.7800000000000002,
            "gross_profit": 170349,
            "gross_margin": 11.47,
            "gross_margin_4q_avg": 5.07,
            "net_income": 75406,
            "net_income_4q": null,
            "revenue": 1485656,
            "revenue_4q": null,
            "common_shares": 1270000,
            "book_valuer_per_share": 23.21,
            "book_valuer_per_share_4q_avg": 22.45,
            "equity": 2948261,
            "current_ratio": 175.46,
            "debt_ratio": 33.93,
            "inventory_turnover_ratio": 5.38,
            "account_receivable_turnover_ratio": 1.66,
            "reinvestment_rate": 103.65,
            "research_to_sale_ratio": null,
            "price_fair": 11.2,
            "eps_avg_yearly": 3.73,
            "eps_latest_yearly": 2.36,
            "eps_growth_yearly": -33.64
        },
        "20094": {
            "year_quarter": 20094,
            "year": 2009,
            "quarter": 4,
            "eps": 0.28,
            "eps_growth_year": 460,
            "eps_4q": 1.09,
            "eps_4q_growth_year": 1213.59,
            "roe": 1.18,
            "roe_4q": 4.74,
            "gross_profit": 122492,
            "gross_margin": 8.33,
            "gross_margin_4q_avg": 6,
            "net_income": 34984,
            "net_income_4q": null,
            "revenue": 1469633,
            "revenue_4q": null,
            "common_shares": 1270000,
            "book_valuer_per_share": 23.33,
            "book_valuer_per_share_4q_avg": 22.87,
            "equity": 2962773,
            "current_ratio": 173.79,
            "debt_ratio": 35.69,
            "inventory_turnover_ratio": 5.62,
            "account_receivable_turnover_ratio": 3.07,
            "reinvestment_rate": 257.87,
            "research_to_sale_ratio": null,
            "price_fair": 9.89,
            "eps_avg_yearly": 3.3,
            "eps_latest_yearly": 1.12,
            "eps_growth_yearly": -43.3
        },
        "20101": {
            "year_quarter": 20101,
            "year": 2010,
            "quarter": 1,
            "eps": 0.36,
            "eps_growth_year": null,
            "eps_4q": 1.69,
            "eps_4q_growth_year": null,
            "roe": 1.53,
            "roe_4q": 7.370000000000001,
            "gross_profit": 128879,
            "gross_margin": 10.38,
            "gross_margin_4q_avg": 9.34,
            "net_income": 45409,
            "net_income_4q": null,
            "revenue": 1241468,
            "revenue_4q": null,
            "common_shares": 1270350,
            "book_valuer_per_share": 23.53,
            "book_valuer_per_share_4q_avg": 23.12,
            "equity": 2989679,
            "current_ratio": 197.03,
            "debt_ratio": 31.41,
            "inventory_turnover_ratio": 4.36,
            "account_receivable_turnover_ratio": 1.46,
            "reinvestment_rate": 318.23,
            "research_to_sale_ratio": 1.88,
            "price_fair": 9.39,
            "eps_avg_yearly": 3.13,
            "eps_latest_yearly": 1.44,
            "eps_growth_yearly": -16.69
        },
        "20102": {
            "year_quarter": 20102,
            "year": 2010,
            "quarter": 2,
            "eps": 0.52,
            "eps_growth_year": 12.7,
            "eps_4q": 1.74,
            "eps_4q_growth_year": 206.75,
            "roe": 2.21,
            "roe_4q": 7.52,
            "gross_profit": 129473,
            "gross_margin": 9.14,
            "gross_margin_4q_avg": 9.83,
            "net_income": 65859,
            "net_income_4q": null,
            "revenue": 1415953,
            "revenue_4q": null,
            "common_shares": 1270350,
            "book_valuer_per_share": 23.3,
            "book_valuer_per_share_4q_avg": 23.34,
            "equity": 2960340,
            "current_ratio": 172.21,
            "debt_ratio": 37.23,
            "inventory_turnover_ratio": 4.26,
            "account_receivable_turnover_ratio": 1.72,
            "reinvestment_rate": 359.93,
            "research_to_sale_ratio": 2.38,
            "price_fair": 8.57,
            "eps_avg_yearly": 2.86,
            "eps_latest_yearly": 2.08,
            "eps_growth_yearly": -20.48
        },
        "20103": {
            "year_quarter": 20103,
            "year": 2010,
            "quarter": 3,
            "eps": 1.09,
            "eps_growth_year": 84.65,
            "eps_4q": 2.24,
            "eps_4q_growth_year": 162.14,
            "roe": 4.55,
            "roe_4q": 9.469999999999999,
            "gross_profit": 144555,
            "gross_margin": 8.86,
            "gross_margin_4q_avg": 9.18,
            "net_income": 138398,
            "net_income_4q": null,
            "revenue": 1631658,
            "revenue_4q": null,
            "common_shares": 1270350,
            "book_valuer_per_share": 24.57,
            "book_valuer_per_share_4q_avg": 23.68,
            "equity": 3121822,
            "current_ratio": 175.73,
            "debt_ratio": 36.69,
            "inventory_turnover_ratio": 3.61,
            "account_receivable_turnover_ratio": 1.77,
            "reinvestment_rate": 369.73,
            "research_to_sale_ratio": 2.26,
            "price_fair": 90.28,
            "eps_avg_yearly": 2.83,
            "eps_latest_yearly": 4.36,
            "eps_growth_yearly": 21.95
        },
        "20104": {
            "year_quarter": 20104,
            "year": 2010,
            "quarter": 4,
            "eps": 0.06,
            "eps_growth_year": -78.68,
            "eps_4q": 2.03,
            "eps_4q_growth_year": 86.21,
            "roe": 0.25,
            "roe_4q": 8.54,
            "gross_profit": 116344,
            "gross_margin": 7.32,
            "gross_margin_4q_avg": 8.93,
            "net_income": 7582,
            "net_income_4q": null,
            "revenue": 1588347,
            "revenue_4q": null,
            "common_shares": 1270350,
            "book_valuer_per_share": 23.68,
            "book_valuer_per_share_4q_avg": 23.77,
            "equity": 3007774,
            "current_ratio": 189.21,
            "debt_ratio": 34.68,
            "inventory_turnover_ratio": 3.67,
            "account_receivable_turnover_ratio": 1.7,
            "reinvestment_rate": 316.92,
            "research_to_sale_ratio": 2.42,
            "price_fair": 7.4,
            "eps_avg_yearly": 2.47,
            "eps_latest_yearly": 0.24,
            "eps_growth_yearly": -8.4
        },
        "20111": {
            "year_quarter": 20111,
            "year": 2011,
            "quarter": 1,
            "eps": 0.14,
            "eps_growth_year": -61.11,
            "eps_4q": 1.81,
            "eps_4q_growth_year": 7.17,
            "roe": 0.61,
            "roe_4q": 7.62,
            "gross_profit": 55437,
            "gross_margin": 5.03,
            "gross_margin_4q_avg": 7.59,
            "net_income": 18268,
            "net_income_4q": null,
            "revenue": 1102200,
            "revenue_4q": null,
            "common_shares": 1270550,
            "book_valuer_per_share": 23.62,
            "book_valuer_per_share_4q_avg": 23.79,
            "equity": 3000901,
            "current_ratio": 190.61,
            "debt_ratio": 31.9,
            "inventory_turnover_ratio": 2.69,
            "account_receivable_turnover_ratio": 1.34,
            "reinvestment_rate": 452.05,
            "research_to_sale_ratio": 2.54,
            "price_fair": 77.64,
            "eps_avg_yearly": 2.22,
            "eps_latest_yearly": 0.56,
            "eps_growth_yearly": 48.05
        },
        "20112": {
            "year_quarter": 20112,
            "year": 2011,
            "quarter": 2,
            "eps": 0.35,
            "eps_growth_year": -33.36,
            "eps_4q": 1.64,
            "eps_4q_growth_year": -6.11,
            "roe": 1.51,
            "roe_4q": 6.92,
            "gross_profit": 116146,
            "gross_margin": 8.39,
            "gross_margin_4q_avg": 7.4,
            "net_income": 43893,
            "net_income_4q": null,
            "revenue": 1385071,
            "revenue_4q": null,
            "common_shares": 1270550,
            "book_valuer_per_share": 21.99,
            "book_valuer_per_share_4q_avg": 23.47,
            "equity": 2793887,
            "current_ratio": 156.65,
            "debt_ratio": 39.23,
            "inventory_turnover_ratio": 3.08,
            "account_receivable_turnover_ratio": 1.67,
            "reinvestment_rate": 528.04,
            "research_to_sale_ratio": 1.75,
            "price_fair": 66.44,
            "eps_avg_yearly": 1.9,
            "eps_latest_yearly": 1.4,
            "eps_growth_yearly": 84.41
        },
        "20113": {
            "year_quarter": 20113,
            "year": 2011,
            "quarter": 3,
            "eps": 0.23,
            "eps_growth_year": -79.07,
            "eps_4q": 0.78,
            "eps_4q_growth_year": -65.33,
            "roe": 1.02,
            "roe_4q": 3.39,
            "gross_profit": 74623,
            "gross_margin": 5.26,
            "gross_margin_4q_avg": 6.5,
            "net_income": 28969,
            "net_income_4q": null,
            "revenue": 1419037,
            "revenue_4q": null,
            "common_shares": 1270550,
            "book_valuer_per_share": 22.59,
            "book_valuer_per_share_4q_avg": 22.97,
            "equity": 2870636,
            "current_ratio": 157.03,
            "debt_ratio": 38.86,
            "inventory_turnover_ratio": 3.28,
            "account_receivable_turnover_ratio": 1.49,
            "reinvestment_rate": 637.27,
            "research_to_sale_ratio": 1.74,
            "price_fair": 57.65,
            "eps_avg_yearly": 1.65,
            "eps_latest_yearly": 0.92,
            "eps_growth_yearly": 81.11
        },
        "20114": {
            "year_quarter": 20114,
            "year": 2011,
            "quarter": 4,
            "eps": 0.32,
            "eps_growth_year": 441.89,
            "eps_4q": 1.04,
            "eps_4q_growth_year": -48.61,
            "roe": 1.42,
            "roe_4q": 4.5600000000000005,
            "gross_profit": 118529,
            "gross_margin": 8.54,
            "gross_margin_4q_avg": 6.81,
            "net_income": 41092,
            "net_income_4q": null,
            "revenue": 1388379,
            "revenue_4q": null,
            "common_shares": 1270550,
            "book_valuer_per_share": 22.86,
            "book_valuer_per_share_4q_avg": 22.77,
            "equity": 2904611,
            "current_ratio": 159.84,
            "debt_ratio": 38.52,
            "inventory_turnover_ratio": 2.85,
            "account_receivable_turnover_ratio": 1.51,
            "reinvestment_rate": 564.86,
            "research_to_sale_ratio": 1.78,
            "price_fair": 50.78,
            "eps_avg_yearly": 1.45,
            "eps_latest_yearly": 1.28,
            "eps_growth_yearly": 97.71
        },
        "20121": {
            "year_quarter": 20121,
            "year": 2012,
            "quarter": 1,
            "eps": 0.17,
            "eps_growth_year": 21.43,
            "eps_4q": 1.06,
            "eps_4q_growth_year": -41.35,
            "roe": 0.72,
            "roe_4q": 4.67,
            "gross_profit": 90013,
            "gross_margin": 7.6,
            "gross_margin_4q_avg": 7.45,
            "net_income": 20997,
            "net_income_4q": null,
            "revenue": 1184651,
            "revenue_4q": null,
            "common_shares": 1270550,
            "book_valuer_per_share": 22.89,
            "book_valuer_per_share_4q_avg": 22.58,
            "equity": 2908799,
            "current_ratio": 168.76,
            "debt_ratio": 35.55,
            "inventory_turnover_ratio": 2.64,
            "account_receivable_turnover_ratio": 1.41,
            "reinvestment_rate": 474.1,
            "research_to_sale_ratio": 1.96,
            "price_fair": 48.53,
            "eps_avg_yearly": 1.39,
            "eps_latest_yearly": 0.68,
            "eps_growth_yearly": 73.94
        },
        "20122": {
            "year_quarter": 20122,
            "year": 2012,
            "quarter": 2,
            "eps": 0.48,
            "eps_growth_year": 39.8,
            "eps_4q": 1.2,
            "eps_4q_growth_year": -26.77,
            "roe": 2.13,
            "roe_4q": 5.289999999999999,
            "gross_profit": 138488,
            "gross_margin": 10.51,
            "gross_margin_4q_avg": 7.98,
            "net_income": 61362,
            "net_income_4q": null,
            "revenue": 1317766,
            "revenue_4q": null,
            "common_shares": 1270550,
            "book_valuer_per_share": 22.46,
            "book_valuer_per_share_4q_avg": 22.7,
            "equity": 2853183,
            "current_ratio": 174.9,
            "debt_ratio": 33.71,
            "inventory_turnover_ratio": 3.29,
            "account_receivable_turnover_ratio": 1.62,
            "reinvestment_rate": 394.94,
            "research_to_sale_ratio": 1.83,
            "price_fair": 49.97,
            "eps_avg_yearly": 1.43,
            "eps_latest_yearly": 1.92,
            "eps_growth_yearly": 124.36
        },
        "20123": {
            "year_quarter": 20123,
            "year": 2012,
            "quarter": 3,
            "eps": 0.54,
            "eps_growth_year": 135.52,
            "eps_4q": 1.51,
            "eps_4q_growth_year": 94.18,
            "roe": 2.38,
            "roe_4q": 6.6499999999999995,
            "gross_profit": 133023,
            "gross_margin": 9.92,
            "gross_margin_4q_avg": 9.14,
            "net_income": 68228,
            "net_income_4q": null,
            "revenue": 1341116,
            "revenue_4q": null,
            "common_shares": 1270550,
            "book_valuer_per_share": 22.71,
            "book_valuer_per_share_4q_avg": 22.73,
            "equity": 2885282,
            "current_ratio": 187.89,
            "debt_ratio": 31.92,
            "inventory_turnover_ratio": 3.93,
            "account_receivable_turnover_ratio": 1.76,
            "reinvestment_rate": 346.92,
            "research_to_sale_ratio": 2.05,
            "price_fair": 51.8,
            "eps_avg_yearly": 1.48,
            "eps_latest_yearly": 2.16,
            "eps_growth_yearly": 119.05
        },
        "20124": {
            "year_quarter": 20124,
            "year": 2012,
            "quarter": 4,
            "eps": -0.01,
            "eps_growth_year": -103.68,
            "eps_4q": 1.17,
            "eps_4q_growth_year": 12.75,
            "roe": -0.05,
            "roe_4q": 5.18,
            "gross_profit": 80306,
            "gross_margin": 9.23,
            "gross_margin_4q_avg": 9.32,
            "net_income": -1511,
            "net_income_4q": null,
            "revenue": 869622,
            "revenue_4q": null,
            "common_shares": 1270550,
            "book_valuer_per_share": 22.64,
            "book_valuer_per_share_4q_avg": 22.68,
            "equity": 2876916,
            "current_ratio": 211.14,
            "debt_ratio": 27.16,
            "inventory_turnover_ratio": 3.05,
            "account_receivable_turnover_ratio": 1.32,
            "reinvestment_rate": 346.11,
            "research_to_sale_ratio": 2.62,
            "price_fair": 55.25,
            "eps_avg_yearly": 1.58,
            "eps_latest_yearly": 2.16,
            "eps_growth_yearly": 153.85
        },
        "20131": {
            "year_quarter": 20131,
            "year": 2013,
            "quarter": 1,
            "eps": 0.08,
            "eps_growth_year": -52.94,
            "eps_4q": 1.09,
            "eps_4q_growth_year": 2.28,
            "roe": 0.33,
            "roe_4q": 4.79,
            "gross_profit": 76872,
            "gross_margin": 9.61,
            "gross_margin_4q_avg": 9.82,
            "net_income": 9949,
            "net_income_4q": null,
            "revenue": 800100,
            "revenue_4q": null,
            "common_shares": 1270550,
            "book_valuer_per_share": 24.61,
            "book_valuer_per_share_4q_avg": 23.11,
            "equity": 3127073,
            "current_ratio": 213.93,
            "debt_ratio": 26.51,
            "inventory_turnover_ratio": 3,
            "account_receivable_turnover_ratio": 1.38,
            "reinvestment_rate": 44.34,
            "research_to_sale_ratio": 2.34,
            "price_fair": 55.25,
            "eps_avg_yearly": 1.58,
            "eps_latest_yearly": 2.16,
            "eps_growth_yearly": 153.85
        },
        "20132": {
            "year_quarter": 20132,
            "year": 2013,
            "quarter": 2,
            "eps": 0.22,
            "eps_growth_year": -54.45,
            "eps_4q": 0.82,
            "eps_4q_growth_year": -31.56,
            "roe": 0.88,
            "roe_4q": 3.54,
            "gross_profit": 118557,
            "gross_margin": 9.63,
            "gross_margin_4q_avg": 9.6,
            "net_income": 27653,
            "net_income_4q": null,
            "revenue": 1230669,
            "revenue_4q": null,
            "common_shares": 1270550,
            "book_valuer_per_share": 24.88,
            "book_valuer_per_share_4q_avg": 23.71,
            "equity": 3160719,
            "current_ratio": 183.28,
            "debt_ratio": 31.93,
            "inventory_turnover_ratio": 4.51,
            "account_receivable_turnover_ratio": 1.74,
            "reinvestment_rate": 70.65,
            "research_to_sale_ratio": 1.66,
            "price_fair": 53.5,
            "eps_avg_yearly": 1.53,
            "eps_latest_yearly": 0.88,
            "eps_growth_yearly": 192.86
        },
        "20133": {
            "year_quarter": 20133,
            "year": 2013,
            "quarter": 3,
            "eps": 0.65,
            "eps_growth_year": 21.04,
            "eps_4q": 0.93,
            "eps_4q_growth_year": -38.06,
            "roe": 2.57,
            "roe_4q": 3.73,
            "gross_profit": 197520,
            "gross_margin": 13.75,
            "gross_margin_4q_avg": 10.56,
            "net_income": 82641,
            "net_income_4q": null,
            "revenue": 1436712,
            "revenue_4q": null,
            "common_shares": 1270550,
            "book_valuer_per_share": 25.77,
            "book_valuer_per_share_4q_avg": 24.48,
            "equity": 3273666,
            "current_ratio": 184.84,
            "debt_ratio": 32.15,
            "inventory_turnover_ratio": 4.69,
            "account_receivable_turnover_ratio": 1.6,
            "reinvestment_rate": 71.95,
            "research_to_sale_ratio": 1.8,
            "price_fair": 54.1,
            "eps_avg_yearly": 1.55,
            "eps_latest_yearly": 2.6,
            "eps_growth_yearly": 240.63
        },
        "20134": {
            "year_quarter": 20134,
            "year": 2013,
            "quarter": 4,
            "eps": 0.54,
            "eps_growth_year": null,
            "eps_4q": 1.49,
            "eps_4q_growth_year": 26.98,
            "roe": 2.04,
            "roe_4q": 5.819999999999999,
            "gross_profit": 190238,
            "gross_margin": 14.48,
            "gross_margin_4q_avg": 11.87,
            "net_income": 69055,
            "net_income_4q": null,
            "revenue": 1313377,
            "revenue_4q": null,
            "common_shares": 1270550,
            "book_valuer_per_share": 27.42,
            "book_valuer_per_share_4q_avg": 25.67,
            "equity": 3484209,
            "current_ratio": 196.35,
            "debt_ratio": 30.86,
            "inventory_turnover_ratio": 3.16,
            "account_receivable_turnover_ratio": 1.57,
            "reinvestment_rate": -231.44,
            "research_to_sale_ratio": 2.4,
            "price_fair": 56.7,
            "eps_avg_yearly": 1.62,
            "eps_latest_yearly": 2.16,
            "eps_growth_yearly": 250.81
        },
        "20141": {
            "year_quarter": 20141,
            "year": 2014,
            "quarter": 1,
            "eps": 0.56,
            "eps_growth_year": 600,
            "eps_4q": 1.97,
            "eps_4q_growth_year": 81.17,
            "roe": 2.01,
            "roe_4q": 7.499999999999999,
            "gross_profit": 172604,
            "gross_margin": 13.28,
            "gross_margin_4q_avg": 12.79,
            "net_income": 70721,
            "net_income_4q": null,
            "revenue": 1300035,
            "revenue_4q": null,
            "common_shares": 1270550,
            "book_valuer_per_share": 27.85,
            "book_valuer_per_share_4q_avg": 26.48,
            "equity": 3538890,
            "current_ratio": 212.02,
            "debt_ratio": 28.88,
            "inventory_turnover_ratio": 2.72,
            "account_receivable_turnover_ratio": 1.73,
            "reinvestment_rate": -220.04,
            "research_to_sale_ratio": 2,
            "price_fair": 58.7,
            "eps_avg_yearly": 1.68,
            "eps_latest_yearly": 2.24,
            "eps_growth_yearly": 243.7
        },
        "20142": {
            "year_quarter": 20142,
            "year": 2014,
            "quarter": 2,
            "eps": 0.63,
            "eps_growth_year": 186.36,
            "eps_4q": 2.38,
            "eps_4q_growth_year": 189.41,
            "roe": 2.3,
            "roe_4q": 8.92,
            "gross_profit": 197855,
            "gross_margin": 13.78,
            "gross_margin_4q_avg": 13.82,
            "net_income": 79490,
            "net_income_4q": null,
            "revenue": 1435494,
            "revenue_4q": null,
            "common_shares": 1270550,
            "book_valuer_per_share": 26.65,
            "book_valuer_per_share_4q_avg": 26.92,
            "equity": 3386424,
            "current_ratio": 189.25,
            "debt_ratio": 33.48,
            "inventory_turnover_ratio": 3.27,
            "account_receivable_turnover_ratio": 1.78,
            "reinvestment_rate": -242.41,
            "research_to_sale_ratio": 1.75,
            "price_fair": 59.8,
            "eps_avg_yearly": 1.71,
            "eps_latest_yearly": 2.52,
            "eps_growth_yearly": 234.57
        },
        "20143": {
            "year_quarter": 20143,
            "year": 2014,
            "quarter": 3,
            "eps": 0.95,
            "eps_growth_year": 46.15,
            "eps_4q": 2.68,
            "eps_4q_growth_year": 186.43,
            "roe": 3.49,
            "roe_4q": 9.84,
            "gross_profit": 230503,
            "gross_margin": 15.23,
            "gross_margin_4q_avg": 14.19,
            "net_income": 120817,
            "net_income_4q": null,
            "revenue": 1513020,
            "revenue_4q": null,
            "common_shares": 1270550,
            "book_valuer_per_share": 27.81,
            "book_valuer_per_share_4q_avg": 27.43,
            "equity": 3533970,
            "current_ratio": 208.87,
            "debt_ratio": 31.29,
            "inventory_turnover_ratio": 3.8,
            "account_receivable_turnover_ratio": 1.67,
            "reinvestment_rate": -264.74,
            "research_to_sale_ratio": 2.02,
            "price_fair": 58.4,
            "eps_avg_yearly": 1.67,
            "eps_latest_yearly": 3.8,
            "eps_growth_yearly": 217.77
        },
        "20144": {
            "year_quarter": 20144,
            "year": 2014,
            "quarter": 4,
            "eps": 0.29,
            "eps_growth_year": -45.74,
            "eps_4q": 2.43,
            "eps_4q_growth_year": 62.97,
            "roe": 1.05,
            "roe_4q": 8.85,
            "gross_profit": 120266,
            "gross_margin": 10.68,
            "gross_margin_4q_avg": 13.24,
            "net_income": 37468,
            "net_income_4q": null,
            "revenue": 1125630,
            "revenue_4q": null,
            "common_shares": 1270550,
            "book_valuer_per_share": 28.59,
            "book_valuer_per_share_4q_avg": 27.73,
            "equity": 3632101,
            "current_ratio": 238.65,
            "debt_ratio": 27.56,
            "inventory_turnover_ratio": 2.71,
            "account_receivable_turnover_ratio": 1.36,
            "reinvestment_rate": -222.93,
            "research_to_sale_ratio": 2.72,
            "price_fair": 60.7,
            "eps_avg_yearly": 1.73,
            "eps_latest_yearly": 1.16,
            "eps_growth_yearly": 224.92
        },
        "20151": {
            "year_quarter": 20151,
            "year": 2015,
            "quarter": 1,
            "eps": 0.52,
            "eps_growth_year": -7.14,
            "eps_4q": 2.39,
            "eps_4q_growth_year": 21.32,
            "roe": 1.79,
            "roe_4q": 8.629999999999999,
            "gross_profit": 176622,
            "gross_margin": 13.89,
            "gross_margin_4q_avg": 13.4,
            "net_income": 65598,
            "net_income_4q": null,
            "revenue": 1271678,
            "revenue_4q": null,
            "common_shares": 1270550,
            "book_valuer_per_share": 29.07,
            "book_valuer_per_share_4q_avg": 28.03,
            "equity": 3693904,
            "current_ratio": 269.11,
            "debt_ratio": 24.41,
            "inventory_turnover_ratio": 2.98,
            "account_receivable_turnover_ratio": 1.94,
            "reinvestment_rate": -234.2,
            "research_to_sale_ratio": 1.98,
            "price_fair": 64.5,
            "eps_avg_yearly": 1.84,
            "eps_latest_yearly": 2.08,
            "eps_growth_yearly": 209.48
        },
        "20152": {
            "year_quarter": 20152,
            "year": 2015,
            "quarter": 2,
            "eps": 0.66,
            "eps_growth_year": 4.76,
            "eps_4q": 2.42,
            "eps_4q_growth_year": 2.04,
            "roe": 2.37,
            "roe_4q": 8.7,
            "gross_profit": 207664,
            "gross_margin": 15.4,
            "gross_margin_4q_avg": 13.8,
            "net_income": 84190,
            "net_income_4q": null,
            "revenue": 1348125,
            "revenue_4q": null,
            "common_shares": 1270550,
            "book_valuer_per_share": 26.85,
            "book_valuer_per_share_4q_avg": 28.08,
            "equity": 3411287,
            "current_ratio": 214.25,
            "debt_ratio": 31.87,
            "inventory_turnover_ratio": 3.93,
            "account_receivable_turnover_ratio": 1.93,
            "reinvestment_rate": -237.82,
            "research_to_sale_ratio": 2.25,
            "price_fair": 67.6,
            "eps_avg_yearly": 1.93,
            "eps_latest_yearly": 2.64,
            "eps_growth_yearly": 174.32
        },
        "20153": {
            "year_quarter": 20153,
            "year": 2015,
            "quarter": 3,
            "eps": 1.11,
            "eps_growth_year": 16.84,
            "eps_4q": 2.58,
            "eps_4q_growth_year": -3.59,
            "roe": 4.01,
            "roe_4q": 9.22,
            "gross_profit": 242832,
            "gross_margin": 17.12,
            "gross_margin_4q_avg": 14.27,
            "net_income": 140609,
            "net_income_4q": null,
            "revenue": 1418168,
            "revenue_4q": null,
            "common_shares": 1270550,
            "book_valuer_per_share": 28.34,
            "book_valuer_per_share_4q_avg": 28.21,
            "equity": 3601289,
            "current_ratio": 241.54,
            "debt_ratio": 28.02,
            "inventory_turnover_ratio": 4.47,
            "account_receivable_turnover_ratio": 1.77,
            "reinvestment_rate": -233.05,
            "research_to_sale_ratio": 2.44,
            "price_fair": 76.4,
            "eps_avg_yearly": 2.18,
            "eps_latest_yearly": 4.44,
            "eps_growth_yearly": 203.59
        },
        "20154": {
            "year_quarter": 20154,
            "year": 2015,
            "quarter": 4,
            "eps": 0.03,
            "eps_growth_year": -91.45,
            "eps_4q": 2.31,
            "eps_4q_growth_year": -4.83,
            "roe": 0.09,
            "roe_4q": 8.26,
            "gross_profit": 101667,
            "gross_margin": 12.3,
            "gross_margin_4q_avg": 14.68,
            "net_income": 3203,
            "net_income_4q": null,
            "revenue": 826869,
            "revenue_4q": null,
            "common_shares": 1270550,
            "book_valuer_per_share": 28.08,
            "book_valuer_per_share_4q_avg": 28.09,
            "equity": 3568169,
            "current_ratio": 297.76,
            "debt_ratio": 22.41,
            "inventory_turnover_ratio": 2.64,
            "account_receivable_turnover_ratio": 1.25,
            "reinvestment_rate": -248.5,
            "research_to_sale_ratio": 5.21,
            "price_fair": 73.5,
            "eps_avg_yearly": 2.1,
            "eps_latest_yearly": 0.12,
            "eps_growth_yearly": 164.61
        },
        "20161": {
            "year_quarter": 20161,
            "year": 2016,
            "quarter": 1,
            "eps": 0.14,
            "eps_growth_year": -73.08,
            "eps_4q": 1.93,
            "eps_4q_growth_year": -19.02,
            "roe": 0.5,
            "roe_4q": 6.97,
            "gross_profit": 101292,
            "gross_margin": 11.77,
            "gross_margin_4q_avg": 14.15,
            "net_income": 17673,
            "net_income_4q": null,
            "revenue": 860508,
            "revenue_4q": null,
            "common_shares": 1270550,
            "book_valuer_per_share": 28,
            "book_valuer_per_share_4q_avg": 27.82,
            "equity": 3557541,
            "current_ratio": 350.3,
            "debt_ratio": 19.07,
            "inventory_turnover_ratio": 3,
            "account_receivable_turnover_ratio": 1.84,
            "reinvestment_rate": -249.24,
            "research_to_sale_ratio": 2.3,
            "price_fair": 73.2,
            "eps_avg_yearly": 2.09,
            "eps_latest_yearly": 0.56,
            "eps_growth_yearly": 282.77
        },
        "20162": {
            "year_quarter": 20162,
            "year": 2016,
            "quarter": 2,
            "eps": 0.56,
            "eps_growth_year": -15.15,
            "eps_4q": 1.83,
            "eps_4q_growth_year": -24.4,
            "roe": 2.07,
            "roe_4q": 6.67,
            "gross_profit": 175894,
            "gross_margin": 15.6,
            "gross_margin_4q_avg": 14.2,
            "net_income": 71417,
            "net_income_4q": null,
            "revenue": 1127682,
            "revenue_4q": null,
            "common_shares": 1270550,
            "book_valuer_per_share": 26.19,
            "book_valuer_per_share_4q_avg": 27.65,
            "equity": 3327119,
            "current_ratio": 233.5,
            "debt_ratio": 29.58,
            "inventory_turnover_ratio": 4.06,
            "account_receivable_turnover_ratio": 2.15,
            "reinvestment_rate": -254.36,
            "research_to_sale_ratio": 2.32,
            "price_fair": 74,
            "eps_avg_yearly": 2.11,
            "eps_latest_yearly": 2.24,
            "eps_growth_yearly": 316.38
        },
        "20163": {
            "year_quarter": 20163,
            "year": 2016,
            "quarter": 3,
            "eps": 1.02,
            "eps_growth_year": -8.11,
            "eps_4q": 1.75,
            "eps_4q_growth_year": -32.14,
            "roe": 3.88,
            "roe_4q": 6.539999999999999,
            "gross_profit": 232070,
            "gross_margin": 17.51,
            "gross_margin_4q_avg": 14.3,
            "net_income": 130194,
            "net_income_4q": null,
            "revenue": 1325018,
            "revenue_4q": null,
            "common_shares": 1270550,
            "book_valuer_per_share": 26.63,
            "book_valuer_per_share_4q_avg": 27.23,
            "equity": 3383534,
            "current_ratio": 244.76,
            "debt_ratio": 27.94,
            "inventory_turnover_ratio": 4.39,
            "account_receivable_turnover_ratio": 1.87,
            "reinvestment_rate": -234.06,
            "research_to_sale_ratio": 2.07,
            "price_fair": 78.8,
            "eps_avg_yearly": 2.25,
            "eps_latest_yearly": 4.08,
            "eps_growth_yearly": 336.28
        },
        "20164": {
            "year_quarter": 20164,
            "year": 2016,
            "quarter": 4,
            "eps": 0.3,
            "eps_growth_year": 1094.23,
            "eps_4q": 2.03,
            "eps_4q_growth_year": -12.28,
            "roe": 1.13,
            "roe_4q": 7.58,
            "gross_profit": 154947,
            "gross_margin": 15.56,
            "gross_margin_4q_avg": 15.11,
            "net_income": 38252,
            "net_income_4q": null,
            "revenue": 996091,
            "revenue_4q": null,
            "common_shares": 1270550,
            "book_valuer_per_share": 26.87,
            "book_valuer_per_share_4q_avg": 26.92,
            "equity": 3414440,
            "current_ratio": 265.63,
            "debt_ratio": 25.98,
            "inventory_turnover_ratio": 3.27,
            "account_receivable_turnover_ratio": 1.47,
            "reinvestment_rate": -226.01,
            "research_to_sale_ratio": 4.11,
            "price_fair": 76.35,
            "eps_avg_yearly": 2.18,
            "eps_latest_yearly": 1.2,
            "eps_growth_yearly": 295.04
        },
        "20171": {
            "year_quarter": 20171,
            "year": 2017,
            "quarter": 1,
            "eps": 0.37,
            "eps_growth_year": 164.29,
            "eps_4q": 2.26,
            "eps_4q_growth_year": 16.96,
            "roe": 1.39,
            "roe_4q": 8.469999999999999,
            "gross_profit": 132353,
            "gross_margin": 14.75,
            "gross_margin_4q_avg": 15.86,
            "net_income": 47478,
            "net_income_4q": null,
            "revenue": 897582,
            "revenue_4q": null,
            "common_shares": 1270550,
            "book_valuer_per_share": 26.72,
            "book_valuer_per_share_4q_avg": 26.6,
            "equity": 3394707,
            "current_ratio": 297.94,
            "debt_ratio": 23.23,
            "inventory_turnover_ratio": 2.84,
            "account_receivable_turnover_ratio": 1.65,
            "reinvestment_rate": -34.65,
            "research_to_sale_ratio": 2.45,
            "price_fair": 74.81,
            "eps_avg_yearly": 2.14,
            "eps_latest_yearly": 1.48,
            "eps_growth_yearly": 282.43
        },
        "20172": {
            "year_quarter": 20172,
            "year": 2017,
            "quarter": 2,
            "eps": 0.5,
            "eps_growth_year": -10.71,
            "eps_4q": 2.2,
            "eps_4q_growth_year": 19.84,
            "roe": 1.9,
            "roe_4q": 8.3,
            "gross_profit": 163771,
            "gross_margin": 15.86,
            "gross_margin_4q_avg": 15.92,
            "net_income": 63187,
            "net_income_4q": null,
            "revenue": 1032373,
            "revenue_4q": null,
            "common_shares": 1270550,
            "book_valuer_per_share": 25.75,
            "book_valuer_per_share_4q_avg": 26.49,
            "equity": 3272277,
            "current_ratio": 243.7,
            "debt_ratio": 29.02,
            "inventory_turnover_ratio": 3.45,
            "account_receivable_turnover_ratio": 1.79,
            "reinvestment_rate": -43.48,
            "research_to_sale_ratio": 2.07,
            "price_fair": 77.26,
            "eps_avg_yearly": 2.21,
            "eps_latest_yearly": 2,
            "eps_growth_yearly": 247.47
        },
        "20173": {
            "year_quarter": 20173,
            "year": 2017,
            "quarter": 3,
            "eps": 0.78,
            "eps_growth_year": -23.53,
            "eps_4q": 1.95,
            "eps_4q_growth_year": 11.53,
            "roe": 2.97,
            "roe_4q": 7.39,
            "gross_profit": 161154,
            "gross_margin": 14.61,
            "gross_margin_4q_avg": 15.2,
            "net_income": 99215,
            "net_income_4q": null,
            "revenue": 1103343,
            "revenue_4q": null,
            "common_shares": 1270550,
            "book_valuer_per_share": 26.77,
            "book_valuer_per_share_4q_avg": 26.53,
            "equity": 3401427,
            "current_ratio": 276.59,
            "debt_ratio": 25.78,
            "inventory_turnover_ratio": 3.82,
            "account_receivable_turnover_ratio": 1.76,
            "reinvestment_rate": -48.92,
            "research_to_sale_ratio": 2.1,
            "price_fair": 78.4,
            "eps_avg_yearly": 2.24,
            "eps_latest_yearly": 3.12,
            "eps_growth_yearly": 212.6
        },
        "20174": {
            "year_quarter": 20174,
            "year": 2017,
            "quarter": 4,
            "eps": 0,
            "eps_growth_year": -99.64,
            "eps_4q": 1.65,
            "eps_4q_growth_year": -18.45,
            "roe": 0,
            "roe_4q": 6.26,
            "gross_profit": 94681,
            "gross_margin": 10.24,
            "gross_margin_4q_avg": 13.87,
            "net_income": 139,
            "net_income_4q": null,
            "revenue": 924564,
            "revenue_4q": null,
            "common_shares": 1270550,
            "book_valuer_per_share": 26.79,
            "book_valuer_per_share_4q_avg": 26.51,
            "equity": 3404359,
            "current_ratio": 280.14,
            "debt_ratio": 25.93,
            "inventory_turnover_ratio": 2.85,
            "account_receivable_turnover_ratio": 1.58,
            "reinvestment_rate": -62.12,
            "research_to_sale_ratio": 3.33,
            "price_fair": 78.59,
            "eps_avg_yearly": 2.25,
            "eps_latest_yearly": 3.12,
            "eps_growth_yearly": 231.29
        },
        "20181": {
            "year_quarter": 20181,
            "year": 2018,
            "quarter": 1,
            "eps": 0.04,
            "eps_growth_year": -89.19,
            "eps_4q": 1.32,
            "eps_4q_growth_year": -41.82,
            "roe": 0.14,
            "roe_4q": 5.01,
            "gross_profit": 96583,
            "gross_margin": 9.94,
            "gross_margin_4q_avg": 12.66,
            "net_income": 4629,
            "net_income_4q": null,
            "revenue": 971325,
            "revenue_4q": null,
            "common_shares": 1270550,
            "book_valuer_per_share": 26.82,
            "book_valuer_per_share_4q_avg": 26.53,
            "equity": 3408006,
            "current_ratio": 296,
            "debt_ratio": 25.4,
            "inventory_turnover_ratio": 2.71,
            "account_receivable_turnover_ratio": 1.79,
            "reinvestment_rate": -103.93,
            "research_to_sale_ratio": 1.91,
            "price_fair": 78.6,
            "eps_avg_yearly": 2.25,
            "eps_latest_yearly": 3.12,
            "eps_growth_yearly": 246.75
        },
        "20182": {
            "year_quarter": 20182,
            "year": 2018,
            "quarter": 2,
            "eps": 0.4,
            "eps_growth_year": -20,
            "eps_4q": 1.22,
            "eps_4q_growth_year": -44.39,
            "roe": 1.54,
            "roe_4q": 4.65,
            "gross_profit": 135553,
            "gross_margin": 11.69,
            "gross_margin_4q_avg": 11.62,
            "net_income": 51230,
            "net_income_4q": null,
            "revenue": 1159144,
            "revenue_4q": null,
            "common_shares": 1270550,
            "book_valuer_per_share": 25.44,
            "book_valuer_per_share_4q_avg": 26.46,
            "equity": 3231752,
            "current_ratio": 228.42,
            "debt_ratio": 33.95,
            "inventory_turnover_ratio": 2.76,
            "account_receivable_turnover_ratio": 1.82,
            "reinvestment_rate": -105.34,
            "research_to_sale_ratio": 1.74,
            "price_fair": 76.3,
            "eps_avg_yearly": 2.18,
            "eps_latest_yearly": 1.6,
            "eps_growth_yearly": 500.32
        },
        "20183": {
            "year_quarter": 20183,
            "year": 2018,
            "quarter": 3,
            "eps": 0.77,
            "eps_growth_year": -1.28,
            "eps_4q": 1.21,
            "eps_4q_growth_year": -37.96,
            "roe": 3.03,
            "roe_4q": 4.71,
            "gross_profit": 178566,
            "gross_margin": 13.96,
            "gross_margin_4q_avg": 11.46,
            "net_income": 97955,
            "net_income_4q": null,
            "revenue": 1278867,
            "revenue_4q": null,
            "common_shares": 1270550,
            "book_valuer_per_share": 25.4,
            "book_valuer_per_share_4q_avg": 26.11,
            "equity": 3227783,
            "current_ratio": 253.42,
            "debt_ratio": 31.37,
            "inventory_turnover_ratio": 2.46,
            "account_receivable_turnover_ratio": 1.77,
            "reinvestment_rate": -106.36,
            "research_to_sale_ratio": 1.37,
            "price_fair": 74.5,
            "eps_avg_yearly": 2.13,
            "eps_latest_yearly": 3.08,
            "eps_growth_yearly": 512.24
        },
        "20184": {
            "year_quarter": 20184,
            "year": 2018,
            "quarter": 4,
            "eps": 0.41,
            "eps_growth_year": 37300.46,
            "eps_4q": 1.62,
            "eps_4q_growth_year": -2.01,
            "roe": 1.61,
            "roe_4q": 6.319999999999999,
            "gross_profit": 142166,
            "gross_margin": 12.18,
            "gross_margin_4q_avg": 11.94,
            "net_income": 51986,
            "net_income_4q": null,
            "revenue": 1167425,
            "revenue_4q": null,
            "common_shares": 1270550,
            "book_valuer_per_share": 25.49,
            "book_valuer_per_share_4q_avg": 25.79,
            "equity": 3238159,
            "current_ratio": 269.87,
            "debt_ratio": 30.13,
            "inventory_turnover_ratio": 2.13,
            "account_receivable_turnover_ratio": 1.71,
            "reinvestment_rate": -103.36,
            "research_to_sale_ratio": 1.38,
            "price_fair": 75.7,
            "eps_avg_yearly": 2.16,
            "eps_latest_yearly": 1.64,
            "eps_growth_yearly": 518.73
        },
        "20191": {
            "year_quarter": 20191,
            "year": 2019,
            "quarter": 1,
            "eps": 0.31,
            "eps_growth_year": 675,
            "eps_4q": 1.89,
            "eps_4q_growth_year": 43.54,
            "roe": 1.17,
            "roe_4q": 7.3500000000000005,
            "gross_profit": 104504,
            "gross_margin": 10.24,
            "gross_margin_4q_avg": 12.02,
            "net_income": 38779,
            "net_income_4q": null,
            "revenue": 1020669,
            "revenue_4q": null,
            "common_shares": 1270550,
            "book_valuer_per_share": 26.54,
            "book_valuer_per_share_4q_avg": 25.72,
            "equity": 3371525,
            "current_ratio": 320.95,
            "debt_ratio": 25.3,
            "inventory_turnover_ratio": 2.04,
            "account_receivable_turnover_ratio": 1.71,
            "reinvestment_rate": -106.1,
            "research_to_sale_ratio": 1.47,
            "price_fair": 73.6,
            "eps_avg_yearly": 2.1,
            "eps_latest_yearly": 1.24,
            "eps_growth_yearly": 489.1
        },
        "20192": {
            "year_quarter": 20192,
            "year": 2019,
            "quarter": 2,
            "eps": 0.58,
            "eps_growth_year": 45,
            "eps_4q": 2.06,
            "eps_4q_growth_year": 68.87,
            "roe": 2.21,
            "roe_4q": 8.02,
            "gross_profit": 178367,
            "gross_margin": 14.8,
            "gross_margin_4q_avg": 12.8,
            "net_income": 73395,
            "net_income_4q": null,
            "revenue": 1204942,
            "revenue_4q": null,
            "common_shares": 1270550,
            "book_valuer_per_share": 25.78,
            "book_valuer_per_share_4q_avg": 25.8,
            "equity": 3275013,
            "current_ratio": 256.89,
            "debt_ratio": 32.36,
            "inventory_turnover_ratio": 2.51,
            "account_receivable_turnover_ratio": 1.8,
            "reinvestment_rate": -101.02,
            "research_to_sale_ratio": 1.24,
            "price_fair": 72.8,
            "eps_avg_yearly": 2.08,
            "eps_latest_yearly": 2.32,
            "eps_growth_yearly": 506.29
        },
        "20193": {
            "year_quarter": 20193,
            "year": 2019,
            "quarter": 3,
            "eps": 0.69,
            "eps_growth_year": -10.39,
            "eps_4q": 1.97,
            "eps_4q_growth_year": 62.94,
            "roe": 2.63,
            "roe_4q": 7.62,
            "gross_profit": 192748,
            "gross_margin": 17.57,
            "gross_margin_4q_avg": 13.7,
            "net_income": 86698,
            "net_income_4q": null,
            "revenue": 1097033,
            "revenue_4q": null,
            "common_shares": 1270550,
            "book_valuer_per_share": 26.15,
            "book_valuer_per_share_4q_avg": 25.99,
            "equity": 3323069,
            "current_ratio": 288.4,
            "debt_ratio": 29.23,
            "inventory_turnover_ratio": 2.23,
            "account_receivable_turnover_ratio": 1.46,
            "reinvestment_rate": -107.95,
            "research_to_sale_ratio": 4.03,
            "price_fair": 68.6,
            "eps_avg_yearly": 1.96,
            "eps_latest_yearly": 2.76,
            "eps_growth_yearly": 492.23
        },
        "20194": {
            "year_quarter": 20194,
            "year": 2019,
            "quarter": 4,
            "eps": -0.12,
            "eps_growth_year": -129.33,
            "eps_4q": 1.45,
            "eps_4q_growth_year": -10.77,
            "roe": -0.46,
            "roe_4q": 5.55,
            "gross_profit": 130368,
            "gross_margin": 15.39,
            "gross_margin_4q_avg": 14.5,
            "net_income": -15246,
            "net_income_4q": null,
            "revenue": 846850,
            "revenue_4q": null,
            "common_shares": 1270550,
            "book_valuer_per_share": 25.95,
            "book_valuer_per_share_4q_avg": 26.11,
            "equity": 3297583,
            "current_ratio": 349.87,
            "debt_ratio": 24.6,
            "inventory_turnover_ratio": 2.02,
            "account_receivable_turnover_ratio": 1.35,
            "reinvestment_rate": -114.1,
            "research_to_sale_ratio": -0.84,
            "price_fair": 73.55,
            "eps_avg_yearly": 2.1,
            "eps_latest_yearly": 2.76,
            "eps_growth_yearly": 560.03
        },
        "20201": {
            "year_quarter": 20201,
            "year": 2020,
            "quarter": 1,
            "eps": -0.08,
            "eps_growth_year": -125.81,
            "eps_4q": 1.06,
            "eps_4q_growth_year": -44.12,
            "roe": -0.33,
            "roe_4q": 4.05,
            "gross_profit": 40318,
            "gross_margin": 7.06,
            "gross_margin_4q_avg": 13.71,
            "net_income": -10759,
            "net_income_4q": null,
            "revenue": 571419,
            "revenue_4q": null,
            "common_shares": 1270550,
            "book_valuer_per_share": 25.25,
            "book_valuer_per_share_4q_avg": 25.78,
            "equity": 3208281,
            "current_ratio": 331.13,
            "debt_ratio": 26.19,
            "inventory_turnover_ratio": 1.71,
            "account_receivable_turnover_ratio": 1.26,
            "reinvestment_rate": -118.41,
            "research_to_sale_ratio": 2.69,
            "price_fair": 78.05,
            "eps_avg_yearly": 2.23,
            "eps_latest_yearly": 2.76,
            "eps_growth_yearly": 484.48
        },
        "20202": {
            "year_quarter": 20202,
            "year": 2020,
            "quarter": 2,
            "eps": 0.54,
            "eps_growth_year": -6.9,
            "eps_4q": 1.02,
            "eps_4q_growth_year": -50.68,
            "roe": 2.15,
            "roe_4q": 3.9899999999999998,
            "gross_profit": 159375,
            "gross_margin": 16.4,
            "gross_margin_4q_avg": 14.11,
            "net_income": 68588,
            "net_income_4q": null,
            "revenue": 971551,
            "revenue_4q": null,
            "common_shares": 1270550,
            "book_valuer_per_share": 24.86,
            "book_valuer_per_share_4q_avg": 25.55,
            "equity": 3158755,
            "current_ratio": 231.46,
            "debt_ratio": 32.81,
            "inventory_turnover_ratio": 2.45,
            "account_receivable_turnover_ratio": 2.09,
            "reinvestment_rate": -116.29,
            "research_to_sale_ratio": 1.77,
            "price_fair": 78.02,
            "eps_avg_yearly": 2.23,
            "eps_latest_yearly": 2.76,
            "eps_growth_yearly": 419.43
        },
        "20203": {
            "year_quarter": 20203,
            "year": 2020,
            "quarter": 3,
            "eps": 0.72,
            "eps_growth_year": 4.35,
            "eps_4q": 1.06,
            "eps_4q_growth_year": -46.46,
            "roe": 2.81,
            "roe_4q": 4.17,
            "gross_profit": 145062,
            "gross_margin": 15.28,
            "gross_margin_4q_avg": 13.53,
            "net_income": 91716,
            "net_income_4q": null,
            "revenue": 949580,
            "revenue_4q": null,
            "common_shares": 1270550,
            "book_valuer_per_share": 26.5,
            "book_valuer_per_share_4q_avg": 25.64,
            "equity": 3366379,
            "current_ratio": 188.42,
            "debt_ratio": 35.48,
            "inventory_turnover_ratio": 2.42,
            "account_receivable_turnover_ratio": 1.66,
            "reinvestment_rate": -122.75,
            "research_to_sale_ratio": 2.25,
            "price_fair": 74.2,
            "eps_avg_yearly": 2.12,
            "eps_latest_yearly": 2.88,
            "eps_growth_yearly": 401.68
        },
        "20204": {
            "year_quarter": 20204,
            "year": 2020,
            "quarter": 4,
            "eps": 0.32,
            "eps_growth_year": null,
            "eps_4q": 1.5,
            "eps_4q_growth_year": 3.62,
            "roe": 1.21,
            "roe_4q": 5.84,
            "gross_profit": 118754,
            "gross_margin": 13.09,
            "gross_margin_4q_avg": 12.96,
            "net_income": 40723,
            "net_income_4q": null,
            "revenue": 907334,
            "revenue_4q": null,
            "common_shares": 1270550,
            "book_valuer_per_share": 26.32,
            "book_valuer_per_share_4q_avg": 25.73,
            "equity": 3344452,
            "current_ratio": 171.17,
            "debt_ratio": 36.23,
            "inventory_turnover_ratio": 2.24,
            "account_receivable_turnover_ratio": 1.62,
            "reinvestment_rate": -120.26,
            "research_to_sale_ratio": 2.4,
            "price_fair": 74.45,
            "eps_avg_yearly": 2.13,
            "eps_latest_yearly": 1.28,
            "eps_growth_yearly": 407.15
        },
        "20211": {
            "year_quarter": 20211,
            "year": 2021,
            "quarter": 1,
            "eps": 0.31,
            "eps_growth_year": null,
            "eps_4q": 1.9,
            "eps_4q_growth_year": 79.71,
            "roe": 1.14,
            "roe_4q": 7.3100000000000005,
            "gross_profit": 114793,
            "gross_margin": 12.25,
            "gross_margin_4q_avg": 14.26,
            "net_income": 39946,
            "net_income_4q": null,
            "revenue": 937242,
            "revenue_4q": null,
            "common_shares": 1270550,
            "book_valuer_per_share": 28.91,
            "book_valuer_per_share_4q_avg": 26.65,
            "equity": 3673029,
            "current_ratio": 114.11,
            "debt_ratio": 32.7,
            "inventory_turnover_ratio": 1.99,
            "account_receivable_turnover_ratio": 1.75,
            "reinvestment_rate": -116.18,
            "research_to_sale_ratio": 2.12,
            "price_fair": 73.69,
            "eps_avg_yearly": 2.11,
            "eps_latest_yearly": 1.24,
            "eps_growth_yearly": 397.53
        },
        "20212": {
            "year_quarter": 20212,
            "year": 2021,
            "quarter": 2,
            "eps": -0.09,
            "eps_growth_year": -116.67,
            "eps_4q": 1.26,
            "eps_4q_growth_year": 23.62,
            "roe": -0.33,
            "roe_4q": 4.83,
            "gross_profit": 162002,
            "gross_margin": 13.79,
            "gross_margin_4q_avg": 13.6,
            "net_income": -12565,
            "net_income_4q": null,
            "revenue": 1174668,
            "revenue_4q": null,
            "common_shares": 1270550,
            "book_valuer_per_share": 31.07,
            "book_valuer_per_share_4q_avg": 28.2,
            "equity": 3948138,
            "current_ratio": 113.14,
            "debt_ratio": 32.12,
            "inventory_turnover_ratio": 2.47,
            "account_receivable_turnover_ratio": 1.89,
            "reinvestment_rate": -121.02,
            "research_to_sale_ratio": 1.48,
            "price_fair": 74.06,
            "eps_avg_yearly": 2.12,
            "eps_latest_yearly": 1.24,
            "eps_growth_yearly": 423.23
        },
        "20213": {
            "year_quarter": 20213,
            "year": 2021,
            "quarter": 3,
            "eps": 1.38,
            "eps_growth_year": 91.67,
            "eps_4q": 1.79,
            "eps_4q_growth_year": 69.33,
            "roe": 3.97,
            "roe_4q": 5.99,
            "gross_profit": 150501,
            "gross_margin": 13.6,
            "gross_margin_4q_avg": 13.18,
            "net_income": 147879,
            "net_income_4q": null,
            "revenue": 1106526,
            "revenue_4q": null,
            "common_shares": 1270550,
            "book_valuer_per_share": 29.1,
            "book_valuer_per_share_4q_avg": 28.85,
            "equity": 3510920,
            "current_ratio": 82.28,
            "debt_ratio": 45.31,
            "inventory_turnover_ratio": 2.42,
            "account_receivable_turnover_ratio": 1.62,
            "reinvestment_rate": -20.81,
            "research_to_sale_ratio": 2.19,
            "price_fair": 70.16,
            "eps_avg_yearly": 2,
            "eps_latest_yearly": 1.24,
            "eps_growth_yearly": 445.37
        },
        "20214": {
            "year_quarter": 20214,
            "year": 2021,
            "quarter": 4,
            "eps": 0.01,
            "eps_growth_year": -96.83,
            "eps_4q": 1.26,
            "eps_4q_growth_year": -15.76,
            "roe": 0.04,
            "roe_4q": 4.819999999999999,
            "gross_profit": 95973,
            "gross_margin": 13.1,
            "gross_margin_4q_avg": 13.19,
            "net_income": 1421,
            "net_income_4q": null,
            "revenue": 732883,
            "revenue_4q": null,
            "common_shares": 1490550,
            "book_valuer_per_share": 28.35,
            "book_valuer_per_share_4q_avg": 29.36,
            "equity": 3970769,
            "current_ratio": 98.18,
            "debt_ratio": 41.02,
            "inventory_turnover_ratio": 1.37,
            "account_receivable_turnover_ratio": 1.34,
            "reinvestment_rate": -20.82,
            "research_to_sale_ratio": 2.74,
            "price_fair": 63.28,
            "eps_avg_yearly": 1.81,
            "eps_latest_yearly": 0.04,
            "eps_growth_yearly": 361.12
        },
        "20221": {
            "year_quarter": 20221,
            "year": 2022,
            "quarter": 1,
            "eps": 0.22,
            "eps_growth_year": -29.03,
            "eps_4q": 1.15,
            "eps_4q_growth_year": -39.26,
            "roe": 0.61,
            "roe_4q": 4.29,
            "gross_profit": 104709,
            "gross_margin": 11.8,
            "gross_margin_4q_avg": 13.07,
            "net_income": 24616,
            "net_income_4q": null,
            "revenue": 887648,
            "revenue_4q": null,
            "common_shares": 1490550,
            "book_valuer_per_share": 28.96,
            "book_valuer_per_share_4q_avg": 29.37,
            "equity": 4056726,
            "current_ratio": 100.92,
            "debt_ratio": 40.84,
            "inventory_turnover_ratio": 1.44,
            "account_receivable_turnover_ratio": 1.7,
            "reinvestment_rate": 29.26,
            "research_to_sale_ratio": 1.85,
            "price_fair": 60.33,
            "eps_avg_yearly": 1.72,
            "eps_latest_yearly": 0.88,
            "eps_growth_yearly": 1091.93
        },
        "20222": {
            "year_quarter": 20222,
            "year": 2022,
            "quarter": 2,
            "eps": 0.59,
            "eps_growth_year": null,
            "eps_4q": 1.7,
            "eps_4q_growth_year": 34.99,
            "roe": 1.69,
            "roe_4q": 6.3100000000000005,
            "gross_profit": 204688,
            "gross_margin": 18.9,
            "gross_margin_4q_avg": 14.35,
            "net_income": 66027,
            "net_income_4q": null,
            "revenue": 1083144,
            "revenue_4q": null,
            "common_shares": 1490550,
            "book_valuer_per_share": 26.6,
            "book_valuer_per_share_4q_avg": 28.25,
            "equity": 3758290,
            "current_ratio": 103.8,
            "debt_ratio": 41.5,
            "inventory_turnover_ratio": 1.62,
            "account_receivable_turnover_ratio": 1.78,
            "reinvestment_rate": 28.58,
            "research_to_sale_ratio": 1.79,
            "price_fair": 62.75,
            "eps_avg_yearly": 1.79,
            "eps_latest_yearly": 2.36,
            "eps_growth_yearly": 825.81
        },
        "20223": {
            "year_quarter": 20223,
            "year": 2022,
            "quarter": 3,
            "eps": 2.3,
            "eps_growth_year": 66.67,
            "eps_4q": 2.48,
            "eps_4q_growth_year": 38.6,
            "roe": 6.75,
            "roe_4q": 9.089999999999998,
            "gross_profit": 208501,
            "gross_margin": 17.85,
            "gross_margin_4q_avg": 15.41,
            "net_income": 258488,
            "net_income_4q": null,
            "revenue": 1168168,
            "revenue_4q": null,
            "common_shares": 1490550,
            "book_valuer_per_share": 27.59,
            "book_valuer_per_share_4q_avg": 27.88,
            "equity": 3899168,
            "current_ratio": 115.67,
            "debt_ratio": 39.55,
            "inventory_turnover_ratio": 2.05,
            "account_receivable_turnover_ratio": 1.69,
            "reinvestment_rate": 29.51,
            "research_to_sale_ratio": 2.36,
            "price_fair": 82.22,
            "eps_avg_yearly": 2.35,
            "eps_latest_yearly": 9.2,
            "eps_growth_yearly": 897.57
        },
        "20224": {
            "year_quarter": 20224,
            "year": 2022,
            "quarter": 4,
            "eps": 0.07,
            "eps_growth_year": 635.91,
            "eps_4q": 2.55,
            "eps_4q_growth_year": 101.78,
            "roe": 0.27,
            "roe_4q": 9.319999999999999,
            "gross_profit": 240889,
            "gross_margin": 21.55,
            "gross_margin_4q_avg": 17.53,
            "net_income": 10551,
            "net_income_4q": null,
            "revenue": 1117992,
            "revenue_4q": null,
            "common_shares": 1490550,
            "book_valuer_per_share": 27.44,
            "book_valuer_per_share_4q_avg": 27.65,
            "equity": 3877764,
            "current_ratio": 120.09,
            "debt_ratio": 39.54,
            "inventory_turnover_ratio": 2.26,
            "account_receivable_turnover_ratio": 1.63,
            "reinvestment_rate": 28.13,
            "research_to_sale_ratio": 1.88,
            "price_fair": 77.89,
            "eps_avg_yearly": 2.23,
            "eps_latest_yearly": 0.28,
            "eps_growth_yearly": 879.31
        },
        "20231": {
            "year_quarter": 20231,
            "year": 2023,
            "quarter": 1,
            "eps": 0.42,
            "eps_growth_year": 90.91,
            "eps_4q": 2.71,
            "eps_4q_growth_year": 135.07,
            "roe": 1.11,
            "roe_4q": 9.82,
            "gross_profit": 166377,
            "gross_margin": 18.47,
            "gross_margin_4q_avg": 19.19,
            "net_income": 47604,
            "net_income_4q": null,
            "revenue": 900861,
            "revenue_4q": null,
            "common_shares": 1490550,
            "book_valuer_per_share": 33.27,
            "book_valuer_per_share_4q_avg": 28.73,
            "equity": 4701027,
            "current_ratio": 124.86,
            "debt_ratio": 35.57,
            "inventory_turnover_ratio": 2.06,
            "account_receivable_turnover_ratio": 1.54,
            "reinvestment_rate": 32.46,
            "research_to_sale_ratio": 2.32,
            "price_fair": 79.29,
            "eps_avg_yearly": 2.27,
            "eps_latest_yearly": 1.68,
            "eps_growth_yearly": 1070
        },
        "20232": {
            "year_quarter": 20232,
            "year": 2023,
            "quarter": 2,
            "eps": 0.48,
            "eps_growth_year": -18.64,
            "eps_4q": 2.59,
            "eps_4q_growth_year": 52.63,
            "roe": 1.07,
            "roe_4q": 9.2,
            "gross_profit": 178822,
            "gross_margin": 19.75,
            "gross_margin_4q_avg": 19.41,
            "net_income": 53890,
            "net_income_4q": null,
            "revenue": 905563,
            "revenue_4q": null,
            "common_shares": 1490550,
            "book_valuer_per_share": 37.69,
            "book_valuer_per_share_4q_avg": 31.5,
            "equity": 5388913,
            "current_ratio": 138.93,
            "debt_ratio": 29.47,
            "inventory_turnover_ratio": 2.43,
            "account_receivable_turnover_ratio": 1.53,
            "reinvestment_rate": 41.57,
            "research_to_sale_ratio": 3.36,
            "price_fair": 78.02,
            "eps_avg_yearly": 2.23,
            "eps_latest_yearly": 1.92,
            "eps_growth_yearly": 1043.52
        },
        "20233": {
            "year_quarter": 20233,
            "year": 2023,
            "quarter": 3,
            "eps": 1.26,
            "eps_growth_year": -45.22,
            "eps_4q": 1.79,
            "eps_4q_growth_year": -27.73,
            "roe": 2.66,
            "roe_4q": 5.110000000000001,
            "gross_profit": 135844,
            "gross_margin": 18.52,
            "gross_margin_4q_avg": 19.57,
            "net_income": 144278,
            "net_income_4q": null,
            "revenue": 733594,
            "revenue_4q": null,
            "common_shares": 1490550,
            "book_valuer_per_share": 38.23,
            "book_valuer_per_share_4q_avg": 34.16,
            "equity": 5465874,
            "current_ratio": 164.44,
            "debt_ratio": 28.78,
            "inventory_turnover_ratio": 2.17,
            "account_receivable_turnover_ratio": 1.27,
            "reinvestment_rate": 39.63,
            "research_to_sale_ratio": 2.85,
            "price_fair": 85.27,
            "eps_avg_yearly": 2.44,
            "eps_latest_yearly": 5.04,
            "eps_growth_yearly": 1095.72
        }
    },
    "months": {
        "2004-04": {
            "month": "2004-04",
            "price": "66.36",
            "revenue": 381700
        },
        "2004-05": {
            "month": "2004-05",
            "price": "62.72",
            "revenue": 404577
        },
        "2004-06": {
            "month": "2004-06",
            "price": "56.24",
            "revenue": 506437
        },
        "2004-07": {
            "month": "2004-07",
            "price": "41.56",
            "revenue": 574887
        },
        "2004-08": {
            "month": "2004-08",
            "price": "38.95",
            "revenue": 618317
        },
        "2004-09": {
            "month": "2004-09",
            "price": "41.43",
            "revenue": 601435
        },
        "2004-10": {
            "month": "2004-10",
            "price": "42.07",
            "revenue": 403317
        },
        "2004-11": {
            "month": "2004-11",
            "price": "38.34",
            "revenue": 366810
        },
        "2004-12": {
            "month": "2004-12",
            "price": "38.41",
            "revenue": 278371
        },
        "2005-01": {
            "month": "2005-01",
            "price": "33.60",
            "revenue": 355209
        },
        "2005-02": {
            "month": "2005-02",
            "price": "37.40",
            "revenue": 245006
        },
        "2005-03": {
            "month": "2005-03",
            "price": "41.34",
            "revenue": 355536
        },
        "2005-04": {
            "month": "2005-04",
            "price": "44.75",
            "revenue": 392627
        },
        "2005-05": {
            "month": "2005-05",
            "price": "46.11",
            "revenue": 409562
        },
        "2005-06": {
            "month": "2005-06",
            "price": "52.46",
            "revenue": 493303
        },
        "2005-07": {
            "month": "2005-07",
            "price": "52.62",
            "revenue": 515305
        },
        "2005-08": {
            "month": "2005-08",
            "price": "56.00",
            "revenue": 545895
        },
        "2005-09": {
            "month": "2005-09",
            "price": "49.72",
            "revenue": 593263
        },
        "2005-10": {
            "month": "2005-10",
            "price": "50.25",
            "revenue": 543023
        },
        "2005-11": {
            "month": "2005-11",
            "price": "53.06",
            "revenue": 454949
        },
        "2005-12": {
            "month": "2005-12",
            "price": "62.96",
            "revenue": 425603
        },
        "2006-01": {
            "month": "2006-01",
            "price": "72.63",
            "revenue": 415050
        },
        "2006-02": {
            "month": "2006-02",
            "price": "64.67",
            "revenue": 378282
        },
        "2006-03": {
            "month": "2006-03",
            "price": "59.20",
            "revenue": 435933
        },
        "2006-04": {
            "month": "2006-04",
            "price": "57.27",
            "revenue": 438184
        },
        "2006-05": {
            "month": "2006-05",
            "price": "48.24",
            "revenue": 477779
        },
        "2006-06": {
            "month": "2006-06",
            "price": "40.81",
            "revenue": 477191
        },
        "2006-07": {
            "month": "2006-07",
            "price": "40.99",
            "revenue": 520548
        },
        "2006-08": {
            "month": "2006-08",
            "price": "41.64",
            "revenue": 560932
        },
        "2006-09": {
            "month": "2006-09",
            "price": "41.25",
            "revenue": 551896
        },
        "2006-10": {
            "month": "2006-10",
            "price": "40.42",
            "revenue": 532166
        },
        "2006-11": {
            "month": "2006-11",
            "price": "45.72",
            "revenue": 464689
        },
        "2006-12": {
            "month": "2006-12",
            "price": "44.25",
            "revenue": 505163
        },
        "2007-01": {
            "month": "2007-01",
            "price": "51.28",
            "revenue": 455081
        },
        "2007-02": {
            "month": "2007-02",
            "price": "53.33",
            "revenue": 335229
        },
        "2007-03": {
            "month": "2007-03",
            "price": "51.53",
            "revenue": 442160
        },
        "2007-04": {
            "month": "2007-04",
            "price": "49.55",
            "revenue": 458049
        },
        "2007-05": {
            "month": "2007-05",
            "price": "49.32",
            "revenue": 471461
        },
        "2007-06": {
            "month": "2007-06",
            "price": "51.77",
            "revenue": 501434
        },
        "2007-07": {
            "month": "2007-07",
            "price": "54.13",
            "revenue": 526835
        },
        "2007-08": {
            "month": "2007-08",
            "price": "47.02",
            "revenue": 559407
        },
        "2007-09": {
            "month": "2007-09",
            "price": "44.48",
            "revenue": 535699
        },
        "2007-10": {
            "month": "2007-10",
            "price": "41.81",
            "revenue": 500066
        },
        "2007-11": {
            "month": "2007-11",
            "price": "36.13",
            "revenue": 535038
        },
        "2007-12": {
            "month": "2007-12",
            "price": "33.95",
            "revenue": 522601
        },
        "2008-01": {
            "month": "2008-01",
            "price": "30.67",
            "revenue": 325652
        },
        "2008-02": {
            "month": "2008-02",
            "price": "27.86",
            "revenue": 238709
        },
        "2008-03": {
            "month": "2008-03",
            "price": "28.20",
            "revenue": 339747
        },
        "2008-04": {
            "month": "2008-04",
            "price": "29.48",
            "revenue": 346213
        },
        "2008-05": {
            "month": "2008-05",
            "price": "28.23",
            "revenue": 346228
        },
        "2008-06": {
            "month": "2008-06",
            "price": "23.25",
            "revenue": 387891
        },
        "2008-07": {
            "month": "2008-07",
            "price": "19.28",
            "revenue": 449051
        },
        "2008-08": {
            "month": "2008-08",
            "price": "16.42",
            "revenue": 499655
        },
        "2008-09": {
            "month": "2008-09",
            "price": "11.63",
            "revenue": 581383
        },
        "2008-10": {
            "month": "2008-10",
            "price": "9.80",
            "revenue": 524066
        },
        "2008-11": {
            "month": "2008-11",
            "price": "8.27",
            "revenue": 413050
        },
        "2008-12": {
            "month": "2008-12",
            "price": "7.76",
            "revenue": 249871
        },
        "2009-01": {
            "month": "2009-01",
            "price": "7.93",
            "revenue": 209645
        },
        "2009-02": {
            "month": "2009-02",
            "price": "10.01",
            "revenue": 194380
        },
        "2009-03": {
            "month": "2009-03",
            "price": "12.20",
            "revenue": 156845
        },
        "2009-04": {
            "month": "2009-04",
            "price": "12.59",
            "revenue": 277016
        },
        "2009-05": {
            "month": "2009-05",
            "price": "12.65",
            "revenue": 354438
        },
        "2009-06": {
            "month": "2009-06",
            "price": "13.03",
            "revenue": 403887
        },
        "2009-07": {
            "month": "2009-07",
            "price": "15.86",
            "revenue": 504502
        },
        "2009-08": {
            "month": "2009-08",
            "price": "17.70",
            "revenue": 458091
        },
        "2009-09": {
            "month": "2009-09",
            "price": "20.97",
            "revenue": 523062
        },
        "2009-10": {
            "month": "2009-10",
            "price": "20.67",
            "revenue": 464057
        },
        "2009-11": {
            "month": "2009-11",
            "price": "20.51",
            "revenue": 505057
        },
        "2009-12": {
            "month": "2009-12",
            "price": "23.51",
            "revenue": 500040
        },
        "2010-01": {
            "month": "2010-01",
            "price": "26.13",
            "revenue": 487943
        },
        "2010-02": {
            "month": "2010-02",
            "price": "29.15",
            "revenue": 303858
        },
        "2010-03": {
            "month": "2010-03",
            "price": "30.73",
            "revenue": 449666
        },
        "2010-04": {
            "month": "2010-04",
            "price": "28.54",
            "revenue": 442199
        },
        "2010-05": {
            "month": "2010-05",
            "price": "24.20",
            "revenue": 497217
        },
        "2010-06": {
            "month": "2010-06",
            "price": "25.15",
            "revenue": 475616
        },
        "2010-07": {
            "month": "2010-07",
            "price": "27.42",
            "revenue": 498270
        },
        "2010-08": {
            "month": "2010-08",
            "price": "26.02",
            "revenue": 533837
        },
        "2010-09": {
            "month": "2010-09",
            "price": "25.40",
            "revenue": 598922
        },
        "2010-10": {
            "month": "2010-10",
            "price": "25.63",
            "revenue": 484752
        },
        "2010-11": {
            "month": "2010-11",
            "price": "25.80",
            "revenue": 558019
        },
        "2010-12": {
            "month": "2010-12",
            "price": "28.36",
            "revenue": 544671
        },
        "2011-01": {
            "month": "2011-01",
            "price": "29.03",
            "revenue": 383235
        },
        "2011-02": {
            "month": "2011-02",
            "price": "26.10",
            "revenue": 271291
        },
        "2011-03": {
            "month": "2011-03",
            "price": "24.10",
            "revenue": 447674
        },
        "2011-04": {
            "month": "2011-04",
            "price": "24.66",
            "revenue": 453109
        },
        "2011-05": {
            "month": "2011-05",
            "price": "23.31",
            "revenue": 484003
        },
        "2011-06": {
            "month": "2011-06",
            "price": "23.68",
            "revenue": 447959
        },
        "2011-07": {
            "month": "2011-07",
            "price": "20.39",
            "revenue": 456035
        },
        "2011-08": {
            "month": "2011-08",
            "price": "15.80",
            "revenue": 506118
        },
        "2011-09": {
            "month": "2011-09",
            "price": "16.41",
            "revenue": 456884
        },
        "2011-10": {
            "month": "2011-10",
            "price": "17.10",
            "revenue": 410279
        },
        "2011-11": {
            "month": "2011-11",
            "price": "18.09",
            "revenue": 453195
        },
        "2011-12": {
            "month": "2011-12",
            "price": "14.67",
            "revenue": 524906
        },
        "2012-01": {
            "month": "2012-01",
            "price": "14.25",
            "revenue": 342638
        },
        "2012-02": {
            "month": "2012-02",
            "price": "17.53",
            "revenue": 416628
        },
        "2012-03": {
            "month": "2012-03",
            "price": "18.34",
            "revenue": 425385
        },
        "2012-04": {
            "month": "2012-04",
            "price": "16.42",
            "revenue": 432559
        },
        "2012-05": {
            "month": "2012-05",
            "price": "15.08",
            "revenue": 443913
        },
        "2012-06": {
            "month": "2012-06",
            "price": "15.86",
            "revenue": 441295
        },
        "2012-07": {
            "month": "2012-07",
            "price": "15.15",
            "revenue": 470382
        },
        "2012-08": {
            "month": "2012-08",
            "price": "15.59",
            "revenue": 473374
        },
        "2012-09": {
            "month": "2012-09",
            "price": "16.27",
            "revenue": 397359
        },
        "2012-10": {
            "month": "2012-10",
            "price": "14.74",
            "revenue": 292340
        },
        "2012-11": {
            "month": "2012-11",
            "price": "14.65",
            "revenue": 274484
        },
        "2012-12": {
            "month": "2012-12",
            "price": "14.89",
            "revenue": 302797
        },
        "2013-01": {
            "month": "2013-01",
            "price": "15.16",
            "revenue": 302106
        },
        "2013-02": {
            "month": "2013-02",
            "price": "15.07",
            "revenue": 192545
        },
        "2013-03": {
            "month": "2013-03",
            "price": "15.01",
            "revenue": 305449
        },
        "2013-04": {
            "month": "2013-04",
            "price": "14.60",
            "revenue": 373383
        },
        "2013-05": {
            "month": "2013-05",
            "price": "15.04",
            "revenue": 414639
        },
        "2013-06": {
            "month": "2013-06",
            "price": "15.79",
            "revenue": 443133
        },
        "2013-07": {
            "month": "2013-07",
            "price": "15.33",
            "revenue": 463731
        },
        "2013-08": {
            "month": "2013-08",
            "price": "14.87",
            "revenue": 496309
        },
        "2013-09": {
            "month": "2013-09",
            "price": "16.24",
            "revenue": 476672
        },
        "2013-10": {
            "month": "2013-10",
            "price": "17.05",
            "revenue": 442373
        },
        "2013-11": {
            "month": "2013-11",
            "price": "17.93",
            "revenue": 478227
        },
        "2013-12": {
            "month": "2013-12",
            "price": "20.91",
            "revenue": 392776
        },
        "2014-01": {
            "month": "2014-01",
            "price": "20.70",
            "revenue": 506896
        },
        "2014-02": {
            "month": "2014-02",
            "price": "21.67",
            "revenue": 391420
        },
        "2014-03": {
            "month": "2014-03",
            "price": "24.06",
            "revenue": 401719
        },
        "2014-04": {
            "month": "2014-04",
            "price": "26.69",
            "revenue": 431783
        },
        "2014-05": {
            "month": "2014-05",
            "price": "25.98",
            "revenue": 508619
        },
        "2014-06": {
            "month": "2014-06",
            "price": "26.96",
            "revenue": 495091
        },
        "2014-07": {
            "month": "2014-07",
            "price": "25.77",
            "revenue": 522714
        },
        "2014-08": {
            "month": "2014-08",
            "price": "25.15",
            "revenue": 523303
        },
        "2014-09": {
            "month": "2014-09",
            "price": "26.13",
            "revenue": 467003
        },
        "2014-10": {
            "month": "2014-10",
            "price": "23.66",
            "revenue": 369137
        },
        "2014-11": {
            "month": "2014-11",
            "price": "23.56",
            "revenue": 433001
        },
        "2014-12": {
            "month": "2014-12",
            "price": "24.29",
            "revenue": 323493
        },
        "2015-01": {
            "month": "2015-01",
            "price": "24.56",
            "revenue": 527634
        },
        "2015-02": {
            "month": "2015-02",
            "price": "25.08",
            "revenue": 275610
        },
        "2015-03": {
            "month": "2015-03",
            "price": "26.04",
            "revenue": 468433
        },
        "2015-04": {
            "month": "2015-04",
            "price": "26.10",
            "revenue": 446346
        },
        "2015-05": {
            "month": "2015-05",
            "price": "25.30",
            "revenue": 454445
        },
        "2015-06": {
            "month": "2015-06",
            "price": "23.48",
            "revenue": 447334
        },
        "2015-07": {
            "month": "2015-07",
            "price": "21.30",
            "revenue": 538961
        },
        "2015-08": {
            "month": "2015-08",
            "price": "19.23",
            "revenue": 459245
        },
        "2015-09": {
            "month": "2015-09",
            "price": "21.46",
            "revenue": 419962
        },
        "2015-10": {
            "month": "2015-10",
            "price": "22.94",
            "revenue": 305039
        },
        "2015-11": {
            "month": "2015-11",
            "price": "22.98",
            "revenue": 308582
        },
        "2015-12": {
            "month": "2015-12",
            "price": "22.38",
            "revenue": 213248
        },
        "2016-01": {
            "month": "2016-01",
            "price": "20.82",
            "revenue": 380517
        },
        "2016-02": {
            "month": "2016-02",
            "price": "21.74",
            "revenue": 208725
        },
        "2016-03": {
            "month": "2016-03",
            "price": "22.93",
            "revenue": 271266
        },
        "2016-04": {
            "month": "2016-04",
            "price": "21.34",
            "revenue": 321456
        },
        "2016-05": {
            "month": "2016-05",
            "price": "19.61",
            "revenue": 410772
        },
        "2016-06": {
            "month": "2016-06",
            "price": "20.39",
            "revenue": 395454
        },
        "2016-07": {
            "month": "2016-07",
            "price": "18.96",
            "revenue": 467498
        },
        "2016-08": {
            "month": "2016-08",
            "price": "19.67",
            "revenue": 436666
        },
        "2016-09": {
            "month": "2016-09",
            "price": "19.66",
            "revenue": 420854
        },
        "2016-10": {
            "month": "2016-10",
            "price": "19.72",
            "revenue": 330326
        },
        "2016-11": {
            "month": "2016-11",
            "price": "20.30",
            "revenue": 337421
        },
        "2016-12": {
            "month": "2016-12",
            "price": "20.93",
            "revenue": 328344
        },
        "2017-01": {
            "month": "2017-01",
            "price": "22.19",
            "revenue": 307464
        },
        "2017-02": {
            "month": "2017-02",
            "price": "23.71",
            "revenue": 251494
        },
        "2017-03": {
            "month": "2017-03",
            "price": "23.82",
            "revenue": 338625
        },
        "2017-04": {
            "month": "2017-04",
            "price": "22.92",
            "revenue": 322382
        },
        "2017-05": {
            "month": "2017-05",
            "price": "24.05",
            "revenue": 346620
        },
        "2017-06": {
            "month": "2017-06",
            "price": "23.84",
            "revenue": 363370
        },
        "2017-07": {
            "month": "2017-07",
            "price": "22.26",
            "revenue": 348849
        },
        "2017-08": {
            "month": "2017-08",
            "price": "23.08",
            "revenue": 374507
        },
        "2017-09": {
            "month": "2017-09",
            "price": "24.67",
            "revenue": 379988
        },
        "2017-10": {
            "month": "2017-10",
            "price": "26.29",
            "revenue": 291037
        },
        "2017-11": {
            "month": "2017-11",
            "price": "25.60",
            "revenue": 330177
        },
        "2017-12": {
            "month": "2017-12",
            "price": "25.92",
            "revenue": 303349
        },
        "2018-01": {
            "month": "2018-01",
            "price": "25.70",
            "revenue": 385441
        },
        "2018-02": {
            "month": "2018-02",
            "price": "25.30",
            "revenue": 207454
        },
        "2018-03": {
            "month": "2018-03",
            "price": "26.54",
            "revenue": 378430
        },
        "2018-04": {
            "month": "2018-04",
            "price": "25.51",
            "revenue": 369897
        },
        "2018-05": {
            "month": "2018-05",
            "price": "23.48",
            "revenue": 406996
        },
        "2018-06": {
            "month": "2018-06",
            "price": "24.61",
            "revenue": 382251
        },
        "2018-07": {
            "month": "2018-07",
            "price": "23.76",
            "revenue": 454054
        },
        "2018-08": {
            "month": "2018-08",
            "price": "22.65",
            "revenue": 448261
        },
        "2018-09": {
            "month": "2018-09",
            "price": "21.68",
            "revenue": 376552
        },
        "2018-10": {
            "month": "2018-10",
            "price": "19.14",
            "revenue": 389596
        },
        "2018-11": {
            "month": "2018-11",
            "price": "19.04",
            "revenue": 417351
        },
        "2018-12": {
            "month": "2018-12",
            "price": "19.94",
            "revenue": 360477
        },
        "2019-01": {
            "month": "2019-01",
            "price": "20.38",
            "revenue": 432974
        },
        "2019-02": {
            "month": "2019-02",
            "price": "21.57",
            "revenue": 220115
        },
        "2019-03": {
            "month": "2019-03",
            "price": "21.97",
            "revenue": 367580
        },
        "2019-04": {
            "month": "2019-04",
            "price": "22.42",
            "revenue": 342504
        },
        "2019-05": {
            "month": "2019-05",
            "price": "21.81",
            "revenue": 452907
        },
        "2019-06": {
            "month": "2019-06",
            "price": "22.12",
            "revenue": 409531
        },
        "2019-07": {
            "month": "2019-07",
            "price": "22.42",
            "revenue": 397103
        },
        "2019-08": {
            "month": "2019-08",
            "price": "21.30",
            "revenue": 421039
        },
        "2019-09": {
            "month": "2019-09",
            "price": "21.87",
            "revenue": 278891
        },
        "2019-10": {
            "month": "2019-10",
            "price": "21.38",
            "revenue": 268221
        },
        "2019-11": {
            "month": "2019-11",
            "price": "21.51",
            "revenue": 307352
        },
        "2019-12": {
            "month": "2019-12",
            "price": "22.00",
            "revenue": 271277
        },
        "2020-01": {
            "month": "2020-01",
            "price": "22.82",
            "revenue": 225226
        },
        "2020-02": {
            "month": "2020-02",
            "price": "21.27",
            "revenue": 162352
        },
        "2020-03": {
            "month": "2020-03",
            "price": "18.16",
            "revenue": 183841
        },
        "2020-04": {
            "month": "2020-04",
            "price": "17.95",
            "revenue": 306232
        },
        "2020-05": {
            "month": "2020-05",
            "price": "18.46",
            "revenue": 340591
        },
        "2020-06": {
            "month": "2020-06",
            "price": "18.52",
            "revenue": 324728
        },
        "2020-07": {
            "month": "2020-07",
            "price": "17.67",
            "revenue": 291468
        },
        "2020-08": {
            "month": "2020-08",
            "price": "17.12",
            "revenue": 325897
        },
        "2020-09": {
            "month": "2020-09",
            "price": "17.22",
            "revenue": 332215
        },
        "2020-10": {
            "month": "2020-10",
            "price": "17.11",
            "revenue": 289962
        },
        "2020-11": {
            "month": "2020-11",
            "price": "18.10",
            "revenue": 284913
        },
        "2020-12": {
            "month": "2020-12",
            "price": "19.60",
            "revenue": 332459
        },
        "2021-01": {
            "month": "2021-01",
            "price": "19.29",
            "revenue": 370290
        },
        "2021-02": {
            "month": "2021-02",
            "price": "19.56",
            "revenue": 248778
        },
        "2021-03": {
            "month": "2021-03",
            "price": "21.53",
            "revenue": 318174
        },
        "2021-04": {
            "month": "2021-04",
            "price": "24.60",
            "revenue": 375953
        },
        "2021-05": {
            "month": "2021-05",
            "price": "22.14",
            "revenue": 424347
        },
        "2021-06": {
            "month": "2021-06",
            "price": "24.75",
            "revenue": 374368
        },
        "2021-07": {
            "month": "2021-07",
            "price": "28.74",
            "revenue": 423434
        },
        "2021-08": {
            "month": "2021-08",
            "price": "28.81",
            "revenue": 384333
        },
        "2021-09": {
            "month": "2021-09",
            "price": "28.58",
            "revenue": 298759
        },
        "2021-10": {
            "month": "2021-10",
            "price": "26.31",
            "revenue": 275195
        },
        "2021-11": {
            "month": "2021-11",
            "price": "26.48",
            "revenue": 248706
        },
        "2021-12": {
            "month": "2021-12",
            "price": "24.98",
            "revenue": 208982
        },
        "2022-01": {
            "month": "2022-01",
            "price": "24.01",
            "revenue": 300424
        },
        "2022-02": {
            "month": "2022-02",
            "price": "23.38",
            "revenue": 280808
        },
        "2022-03": {
            "month": "2022-03",
            "price": "22.90",
            "revenue": 306416
        },
        "2022-04": {
            "month": "2022-04",
            "price": "21.62",
            "revenue": 422183
        },
        "2022-05": {
            "month": "2022-05",
            "price": "21.68",
            "revenue": 285620
        },
        "2022-06": {
            "month": "2022-06",
            "price": "22.61",
            "revenue": 375341
        },
        "2022-07": {
            "month": "2022-07",
            "price": "21.14",
            "revenue": 389201
        },
        "2022-08": {
            "month": "2022-08",
            "price": "21.49",
            "revenue": 402047
        },
        "2022-09": {
            "month": "2022-09",
            "price": "21.71",
            "revenue": 376920
        },
        "2022-10": {
            "month": "2022-10",
            "price": "21.25",
            "revenue": 375268
        },
        "2022-11": {
            "month": "2022-11",
            "price": "26.66",
            "revenue": 404896
        },
        "2022-12": {
            "month": "2022-12",
            "price": "27.48",
            "revenue": 337828
        },
        "2023-01": {
            "month": "2023-01",
            "price": "28.70",
            "revenue": 199485
        },
        "2023-02": {
            "month": "2023-02",
            "price": "28.05",
            "revenue": 354462
        },
        "2023-03": {
            "month": "2023-03",
            "price": "29.35",
            "revenue": 346914
        },
        "2023-04": {
            "month": "2023-04",
            "price": "30.86",
            "revenue": 326847
        },
        "2023-05": {
            "month": "2023-05",
            "price": "30.27",
            "revenue": 293495
        },
        "2023-06": {
            "month": "2023-06",
            "price": "30.45",
            "revenue": 285221
        },
        "2023-07": {
            "month": "2023-07",
            "price": "32.64",
            "revenue": 262532
        },
        "2023-08": {
            "month": "2023-08",
            "price": "30.24",
            "revenue": 218899
        },
        "2023-09": {
            "month": "2023-09",
            "price": "29.16",
            "revenue": 252163
        },
        "2023-10": {
            "month": "2023-10",
            "price": "28.99",
            "revenue": 157848
        },
        "2023-11": {
            "month": "2023-11",
            "price": "29.22",
            "revenue": 171257
        },
        "2023-12": {
            "month": "2023-12",
            "price": "29.53",
            "revenue": 187101
        }
    }
}
