{
    "summary": {
        "stock_name": "朋程",
        "stock_id": "8255",
        "category": "電機機械",
        "main_business": "電子零組件製造業",
        "website_url": "http://www.actron.com.tw",
        "ceo": "吳憲忠",
        "pe_ratio": 22,
        "report_year_from": 2002,
        "report_year_to": 2023,
        "age": 21,
        "eps_negative_percentage": 0,
        "eps_growth_avg": {
            "last_all": 9.33,
            "last_2y": 20.56,
            "last_4y": 3.94,
            "last_8y": 0.92,
            "last_12y": 6.17,
            "last_16y": 3.99,
            "last_20y": null,
            "at_2006_last_3y": null,
            "at_2007_last_3y": null,
            "at_2008_last_3y": 16.44,
            "at_2009_last_3y": -3.09,
            "at_2010_last_3y": -4.39,
            "at_2011_last_3y": 0.95,
            "at_2012_last_3y": 3.92,
            "at_2013_last_3y": 17.99,
            "at_2014_last_3y": 14.6,
            "at_2015_last_3y": 13.66,
            "at_2016_last_3y": 18.02,
            "at_2017_last_3y": -2.86,
            "at_2018_last_3y": -2.71,
            "at_2019_last_3y": -13.77,
            "at_2020_last_3y": -18.19,
            "at_2021_last_3y": 0.67,
            "at_2022_last_3y": 5.03,
            "at_2023_last_3y": 5.03,
            "at_2006_last_all": 58.9,
            "at_2007_last_all": 34.27,
            "at_2008_last_all": 16.44,
            "at_2009_last_all": 17.53,
            "at_2010_last_all": 16.71,
            "at_2011_last_all": 15.23,
            "at_2012_last_all": 10.18,
            "at_2013_last_all": 17.74,
            "at_2014_last_all": 15.86,
            "at_2015_last_all": 14.66,
            "at_2016_last_all": 12.79,
            "at_2017_last_all": 11.4,
            "at_2018_last_all": 10.55,
            "at_2019_last_all": 7.08,
            "at_2020_last_all": 5.05,
            "at_2021_last_all": 8.88,
            "at_2022_last_all": 9.33,
            "at_2023_last_all": 9.33
        },
        "latest_eps": 8.04,
        "latest_price": 174,
        "latest_roe": 10.99,
        "latest_gross_margin": 19.94,
        "latest_equity": 7948348,
        "latest_revenue": 1282280,
        "latest_gross_profit": 255719,
        "latest_net_income": 330507,
        "latest_debt_ratio": 46.35,
        "latest_current_ratio": 112.97,
        "latest_account_receivable_turnover_ratio": 1.56,
        "latest_inventory_turnover_ratio": 0.99,
        "latest_reinvestment_rate": 203.8,
        "latest_research_to_sale_ratio": 8.83
    },
    "eps_dividends": {
        "2001": {
            "cash": 0,
            "stock": 0,
            "eps": 0
        },
        "2002": {
            "cash": 0,
            "stock": 0,
            "eps": 0
        },
        "2003": {
            "cash": 0,
            "stock": 0,
            "eps": 0
        },
        "2004": {
            "cash": 0,
            "stock": 0,
            "eps": 2.47
        },
        "2005": {
            "cash": 2.5,
            "stock": 1,
            "eps": 6.52
        },
        "2006": {
            "cash": 3.5,
            "stock": 0.5,
            "eps": 7.68
        },
        "2007": {
            "cash": 4.9,
            "stock": 0.5,
            "eps": 6.53
        },
        "2008": {
            "cash": 4,
            "stock": 0.5,
            "eps": 4.11
        },
        "2009": {
            "cash": 2.5,
            "stock": 0,
            "eps": 5.01
        },
        "2010": {
            "cash": 3.5,
            "stock": 1,
            "eps": 5.64
        },
        "2011": {
            "cash": 3.5,
            "stock": 1,
            "eps": 6
        },
        "2012": {
            "cash": 4,
            "stock": 0.5,
            "eps": 4.49
        },
        "2013": {
            "cash": 3.5,
            "stock": 0,
            "eps": 8
        },
        "2014": {
            "cash": 5.5,
            "stock": 0,
            "eps": 7.92
        },
        "2015": {
            "cash": 6,
            "stock": 0,
            "eps": 8.13
        },
        "2016": {
            "cash": 6.5,
            "stock": 0,
            "eps": 7.5
        },
        "2017": {
            "cash": 6.5,
            "stock": 0,
            "eps": 7.1
        },
        "2018": {
            "cash": 6,
            "stock": 0,
            "eps": 7.07
        },
        "2019": {
            "cash": 5,
            "stock": 0,
            "eps": 4.13
        },
        "2020": {
            "cash": 4.5,
            "stock": 0,
            "eps": 3.08
        },
        "2021": {
            "cash": 3,
            "stock": 0,
            "eps": 5.24
        },
        "2022": {
            "cash": 4,
            "stock": 0,
            "eps": 6.13
        },
        "2023": {
            "cash": 4,
            "stock": 0,
            "eps": 4.94
        }
    },
    "dividends": {
        "2005-03-21": {
            "cash": 2.5,
            "stock": 1
        },
        "2006-03-24": {
            "cash": 3.5,
            "stock": 0.5
        },
        "2007-03-22": {
            "cash": 4.9,
            "stock": 0.5
        },
        "2008-03-12": {
            "cash": 4,
            "stock": 0.5
        },
        "2009-03-18": {
            "cash": 2.5,
            "stock": 0
        },
        "2010-03-12": {
            "cash": 3.5,
            "stock": 1
        },
        "2011-03-18": {
            "cash": 3.5,
            "stock": 1
        },
        "2012-06-06": {
            "cash": 4,
            "stock": 0.5
        },
        "2013-06-04": {
            "cash": 3.5,
            "stock": 0
        },
        "2014-08-22": {
            "cash": 5.5,
            "stock": 0
        },
        "2015-07-31": {
            "cash": 6,
            "stock": 0
        },
        "2016-08-10": {
            "cash": 6.5,
            "stock": 0
        },
        "2017-08-02": {
            "cash": 6.5,
            "stock": 0
        },
        "2018-08-03": {
            "cash": 6,
            "stock": 0
        },
        "2019-08-02": {
            "cash": 5,
            "stock": 0
        },
        "2020-08-03": {
            "cash": 4.5,
            "stock": 0
        },
        "2021-09-09": {
            "cash": 3,
            "stock": 0
        },
        "2022-08-03": {
            "cash": 4,
            "stock": 0
        },
        "2023-08-04": {
            "cash": 4,
            "stock": 0
        }
    },
    "prices": {
        "200101": "無",
        "200102": "無",
        "200103": "無",
        "200104": "無",
        "200105": "無",
        "200106": "無",
        "200107": "無",
        "200108": "無",
        "200109": "無",
        "200110": "無",
        "200111": "無",
        "200112": "無",
        "200201": "無",
        "200202": "無",
        "200203": "無",
        "200204": "無",
        "200205": "無",
        "200206": "無",
        "200207": "無",
        "200208": "無",
        "200209": "無",
        "200210": "無",
        "200211": "無",
        "200212": "無",
        "200301": "無",
        "200302": "無",
        "200303": "無",
        "200304": "無",
        "200305": "無",
        "200306": "無",
        "200307": "無",
        "200308": "無",
        "200309": "無",
        "200310": "無",
        "200311": "無",
        "200312": "無",
        "200401": "無",
        "200402": "無",
        "200403": "無",
        "200404": "無",
        "200405": "無",
        "200406": "無",
        "200407": "無",
        "200408": "無",
        "200409": "無",
        "200410": "無",
        "200411": "無",
        "200412": "無",
        "200501": "無",
        "200502": "無",
        "200503": "64.89",
        "200504": "66.16",
        "200505": "66.75",
        "200506": "67.63",
        "200507": "72.17",
        "200508": "69.66",
        "200509": "68.69",
        "200510": "69.25",
        "200511": "68.55",
        "200512": "90.08",
        "200601": "103.10",
        "200602": "123.88",
        "200603": "132.83",
        "200604": "169.12",
        "200605": "150.17",
        "200606": "125.23",
        "200607": "121.98",
        "200608": "121.78",
        "200609": "137.86",
        "200610": "138.48",
        "200611": "135.36",
        "200612": "157.26",
        "200701": "164.45",
        "200702": "164.25",
        "200703": "204.26",
        "200704": "216.38",
        "200705": "209.57",
        "200706": "298.62",
        "200707": "296.77",
        "200708": "243.74",
        "200709": "217.75",
        "200710": "220.80",
        "200711": "168.68",
        "200712": "150.90",
        "200801": "146.36",
        "200802": "151.29",
        "200803": "171.95",
        "200804": "172.62",
        "200805": "152.52",
        "200806": "127.16",
        "200807": "95.60",
        "200808": "94.92",
        "200809": "78.61",
        "200810": "73.74",
        "200811": "59.68",
        "200812": "45.56",
        "200901": "39.05",
        "200902": "41.12",
        "200903": "53.24",
        "200904": "70.61",
        "200905": "85.91",
        "200906": "76.97",
        "200907": "82.33",
        "200908": "103.94",
        "200909": "115.14",
        "200910": "142.86",
        "200911": "139.83",
        "200912": "149.07",
        "201001": "149.92",
        "201002": "138.39",
        "201003": "163.59",
        "201004": "170.98",
        "201005": "152.76",
        "201006": "146.60",
        "201007": "149.93",
        "201008": "149.34",
        "201009": "143.02",
        "201010": "148.21",
        "201011": "131.43",
        "201012": "131.87",
        "201101": "130.12",
        "201102": "130.04",
        "201103": "127.28",
        "201104": "128.66",
        "201105": "129.21",
        "201106": "125.79",
        "201107": "115.60",
        "201108": "86.97",
        "201109": "78.74",
        "201110": "84.16",
        "201111": "83.35",
        "201112": "80.60",
        "201201": "86.35",
        "201202": "110.42",
        "201203": "108.57",
        "201204": "91.02",
        "201205": "82.58",
        "201206": "80.50",
        "201207": "82.60",
        "201208": "76.22",
        "201209": "72.90",
        "201210": "68.80",
        "201211": "66.74",
        "201212": "68.03",
        "201301": "69.20",
        "201302": "74.98",
        "201303": "80.82",
        "201304": "87.31",
        "201305": "88.47",
        "201306": "99.54",
        "201307": "108.96",
        "201308": "115.21",
        "201309": "116.65",
        "201310": "122.57",
        "201311": "118.79",
        "201312": "117.16",
        "201401": "108.67",
        "201402": "118.53",
        "201403": "132.90",
        "201404": "130.57",
        "201405": "131.79",
        "201406": "130.40",
        "201407": "120.23",
        "201408": "114.40",
        "201409": "117.52",
        "201410": "114.50",
        "201411": "108.50",
        "201412": "112.29",
        "201501": "109.45",
        "201502": "114.85",
        "201503": "122.45",
        "201504": "121.32",
        "201505": "119.85",
        "201506": "119.38",
        "201507": "105.02",
        "201508": "93.53",
        "201509": "94.24",
        "201510": "105.90",
        "201511": "110.48",
        "201512": "117.59",
        "201601": "111.83",
        "201602": "126.77",
        "201603": "129.98",
        "201604": "133.13",
        "201605": "122.74",
        "201606": "122.90",
        "201607": "119.65",
        "201608": "112.70",
        "201609": "112.55",
        "201610": "110.08",
        "201611": "99.03",
        "201612": "99.85",
        "201701": "104.44",
        "201702": "108.28",
        "201703": "109.02",
        "201704": "106.72",
        "201705": "110.62",
        "201706": "117.13",
        "201707": "107.90",
        "201708": "104.41",
        "201709": "103.30",
        "201710": "108.05",
        "201711": "115.14",
        "201712": "115.02",
        "201801": "112.20",
        "201802": "109.12",
        "201803": "107.65",
        "201804": "104.19",
        "201805": "101.62",
        "201806": "110.08",
        "201807": "102.89",
        "201808": "99.54",
        "201809": "98.31",
        "201810": "93.26",
        "201811": "94.61",
        "201812": "95.32",
        "201901": "101.40",
        "201902": "114.92",
        "201903": "115.22",
        "201904": "109.25",
        "201905": "101.70",
        "201906": "96.76",
        "201907": "96.35",
        "201908": "95.09",
        "201909": "92.16",
        "201910": "91.49",
        "201911": "93.48",
        "201912": "95.16",
        "202001": "97.81",
        "202002": "100.93",
        "202003": "84.44",
        "202004": "82.56",
        "202005": "84.66",
        "202006": "86.78",
        "202007": "83.50",
        "202008": "80.90",
        "202009": "83.05",
        "202010": "86.53",
        "202011": "94.63",
        "202012": "111.74",
        "202101": "121.92",
        "202102": "120.81",
        "202103": "117.75",
        "202104": "124.16",
        "202105": "110.04",
        "202106": "128.52",
        "202107": "217.55",
        "202108": "215.91",
        "202109": "203.00",
        "202110": "224.65",
        "202111": "253.73",
        "202112": "233.84",
        "202201": "221.17",
        "202202": "226.27",
        "202203": "226.85",
        "202204": "202.03",
        "202205": "165.31",
        "202206": "165.19",
        "202207": "150.86",
        "202208": "180.24",
        "202209": "172.74",
        "202210": "142.48",
        "202211": "152.84",
        "202212": "165.25",
        "202301": "159.81",
        "202302": "174.44",
        "202303": "174.61",
        "202304": "185.41",
        "202305": "171.41",
        "202306": "178.48",
        "202307": "180.60",
        "202308": "169.55",
        "202309": "174.46"
    },
    "quarters": {
        "20011": {
            "year_quarter": 20011,
            "year": 2001,
            "quarter": 1,
            "eps": null,
            "eps_growth_year": null,
            "eps_4q": null,
            "eps_4q_growth_year": null,
            "roe": null,
            "roe_4q": 0,
            "gross_profit": null,
            "gross_margin": null,
            "gross_margin_4q_avg": 0,
            "net_income": null,
            "revenue": null,
            "common_shares": null,
            "book_valuer_per_share": null,
            "book_valuer_per_share_4q_avg": 0,
            "equity": null,
            "current_ratio": null,
            "debt_ratio": null,
            "inventory_turnover_ratio": null,
            "account_receivable_turnover_ratio": null,
            "reinvestment_rate": null,
            "research_to_sale_ratio": null,
            "price_fair": 0,
            "eps_avg_yearly": 0,
            "eps_latest_yearly": 0,
            "eps_growth_yearly": 0
        },
        "20012": {
            "year_quarter": 20012,
            "year": 2001,
            "quarter": 2,
            "eps": null,
            "eps_growth_year": null,
            "eps_4q": null,
            "eps_4q_growth_year": null,
            "roe": null,
            "roe_4q": 0,
            "gross_profit": null,
            "gross_margin": null,
            "gross_margin_4q_avg": 0,
            "net_income": null,
            "revenue": null,
            "common_shares": null,
            "book_valuer_per_share": null,
            "book_valuer_per_share_4q_avg": 0,
            "equity": null,
            "current_ratio": null,
            "debt_ratio": null,
            "inventory_turnover_ratio": null,
            "account_receivable_turnover_ratio": null,
            "reinvestment_rate": null,
            "research_to_sale_ratio": null,
            "price_fair": 0,
            "eps_avg_yearly": 0,
            "eps_latest_yearly": 0,
            "eps_growth_yearly": 0
        },
        "20013": {
            "year_quarter": 20013,
            "year": 2001,
            "quarter": 3,
            "eps": null,
            "eps_growth_year": null,
            "eps_4q": null,
            "eps_4q_growth_year": null,
            "roe": null,
            "roe_4q": 0,
            "gross_profit": null,
            "gross_margin": null,
            "gross_margin_4q_avg": 0,
            "net_income": null,
            "revenue": null,
            "common_shares": null,
            "book_valuer_per_share": null,
            "book_valuer_per_share_4q_avg": 0,
            "equity": null,
            "current_ratio": null,
            "debt_ratio": null,
            "inventory_turnover_ratio": null,
            "account_receivable_turnover_ratio": null,
            "reinvestment_rate": null,
            "research_to_sale_ratio": null,
            "price_fair": 0,
            "eps_avg_yearly": 0,
            "eps_latest_yearly": 0,
            "eps_growth_yearly": 0
        },
        "20014": {
            "year_quarter": 20014,
            "year": 2001,
            "quarter": 4,
            "eps": null,
            "eps_growth_year": null,
            "eps_4q": null,
            "eps_4q_growth_year": null,
            "roe": null,
            "roe_4q": 0,
            "gross_profit": null,
            "gross_margin": null,
            "gross_margin_4q_avg": 0,
            "net_income": null,
            "revenue": null,
            "common_shares": 300000,
            "book_valuer_per_share": 6.81,
            "book_valuer_per_share_4q_avg": 1.7,
            "equity": 204331,
            "current_ratio": 157.13,
            "debt_ratio": 38,
            "inventory_turnover_ratio": null,
            "account_receivable_turnover_ratio": null,
            "reinvestment_rate": null,
            "research_to_sale_ratio": null,
            "price_fair": 0,
            "eps_avg_yearly": 0,
            "eps_latest_yearly": 0,
            "eps_growth_yearly": 0
        },
        "20021": {
            "year_quarter": 20021,
            "year": 2002,
            "quarter": 1,
            "eps": null,
            "eps_growth_year": null,
            "eps_4q": null,
            "eps_4q_growth_year": null,
            "roe": null,
            "roe_4q": 0,
            "gross_profit": null,
            "gross_margin": null,
            "gross_margin_4q_avg": 0,
            "net_income": null,
            "revenue": null,
            "common_shares": null,
            "book_valuer_per_share": null,
            "book_valuer_per_share_4q_avg": 1.7,
            "equity": null,
            "current_ratio": null,
            "debt_ratio": null,
            "inventory_turnover_ratio": null,
            "account_receivable_turnover_ratio": null,
            "reinvestment_rate": null,
            "research_to_sale_ratio": null,
            "price_fair": 0,
            "eps_avg_yearly": 0,
            "eps_latest_yearly": 0,
            "eps_growth_yearly": 0
        },
        "20022": {
            "year_quarter": 20022,
            "year": 2002,
            "quarter": 2,
            "eps": null,
            "eps_growth_year": null,
            "eps_4q": null,
            "eps_4q_growth_year": null,
            "roe": null,
            "roe_4q": 0,
            "gross_profit": null,
            "gross_margin": null,
            "gross_margin_4q_avg": 0,
            "net_income": null,
            "revenue": null,
            "common_shares": null,
            "book_valuer_per_share": null,
            "book_valuer_per_share_4q_avg": 1.7,
            "equity": null,
            "current_ratio": null,
            "debt_ratio": null,
            "inventory_turnover_ratio": null,
            "account_receivable_turnover_ratio": null,
            "reinvestment_rate": null,
            "research_to_sale_ratio": null,
            "price_fair": 0,
            "eps_avg_yearly": 0,
            "eps_latest_yearly": 0,
            "eps_growth_yearly": 0
        },
        "20023": {
            "year_quarter": 20023,
            "year": 2002,
            "quarter": 3,
            "eps": null,
            "eps_growth_year": null,
            "eps_4q": null,
            "eps_4q_growth_year": null,
            "roe": null,
            "roe_4q": 0,
            "gross_profit": null,
            "gross_margin": null,
            "gross_margin_4q_avg": 0,
            "net_income": null,
            "revenue": null,
            "common_shares": null,
            "book_valuer_per_share": null,
            "book_valuer_per_share_4q_avg": 1.7,
            "equity": null,
            "current_ratio": null,
            "debt_ratio": null,
            "inventory_turnover_ratio": null,
            "account_receivable_turnover_ratio": null,
            "reinvestment_rate": null,
            "research_to_sale_ratio": null,
            "price_fair": 0,
            "eps_avg_yearly": 0,
            "eps_latest_yearly": 0,
            "eps_growth_yearly": 0
        },
        "20024": {
            "year_quarter": 20024,
            "year": 2002,
            "quarter": 4,
            "eps": null,
            "eps_growth_year": null,
            "eps_4q": null,
            "eps_4q_growth_year": null,
            "roe": null,
            "roe_4q": 0,
            "gross_profit": null,
            "gross_margin": null,
            "gross_margin_4q_avg": 0,
            "net_income": null,
            "revenue": null,
            "common_shares": 300000,
            "book_valuer_per_share": 6.46,
            "book_valuer_per_share_4q_avg": 1.62,
            "equity": 193770,
            "current_ratio": 140.98,
            "debt_ratio": 46.59,
            "inventory_turnover_ratio": null,
            "account_receivable_turnover_ratio": null,
            "reinvestment_rate": null,
            "research_to_sale_ratio": null,
            "price_fair": 0,
            "eps_avg_yearly": 0,
            "eps_latest_yearly": 0,
            "eps_growth_yearly": 0
        },
        "20031": {
            "year_quarter": 20031,
            "year": 2003,
            "quarter": 1,
            "eps": null,
            "eps_growth_year": null,
            "eps_4q": null,
            "eps_4q_growth_year": null,
            "roe": null,
            "roe_4q": 0,
            "gross_profit": null,
            "gross_margin": null,
            "gross_margin_4q_avg": 0,
            "net_income": null,
            "revenue": null,
            "common_shares": null,
            "book_valuer_per_share": null,
            "book_valuer_per_share_4q_avg": 1.62,
            "equity": null,
            "current_ratio": null,
            "debt_ratio": null,
            "inventory_turnover_ratio": null,
            "account_receivable_turnover_ratio": null,
            "reinvestment_rate": null,
            "research_to_sale_ratio": null,
            "price_fair": 0,
            "eps_avg_yearly": 0,
            "eps_latest_yearly": 0,
            "eps_growth_yearly": 0
        },
        "20032": {
            "year_quarter": 20032,
            "year": 2003,
            "quarter": 2,
            "eps": null,
            "eps_growth_year": null,
            "eps_4q": null,
            "eps_4q_growth_year": null,
            "roe": null,
            "roe_4q": 0,
            "gross_profit": null,
            "gross_margin": null,
            "gross_margin_4q_avg": 0,
            "net_income": null,
            "revenue": null,
            "common_shares": null,
            "book_valuer_per_share": null,
            "book_valuer_per_share_4q_avg": 1.62,
            "equity": null,
            "current_ratio": null,
            "debt_ratio": null,
            "inventory_turnover_ratio": null,
            "account_receivable_turnover_ratio": null,
            "reinvestment_rate": null,
            "research_to_sale_ratio": null,
            "price_fair": 0,
            "eps_avg_yearly": 0,
            "eps_latest_yearly": 0,
            "eps_growth_yearly": 0
        },
        "20033": {
            "year_quarter": 20033,
            "year": 2003,
            "quarter": 3,
            "eps": null,
            "eps_growth_year": null,
            "eps_4q": null,
            "eps_4q_growth_year": null,
            "roe": null,
            "roe_4q": 0,
            "gross_profit": null,
            "gross_margin": null,
            "gross_margin_4q_avg": 0,
            "net_income": null,
            "revenue": null,
            "common_shares": null,
            "book_valuer_per_share": null,
            "book_valuer_per_share_4q_avg": 1.62,
            "equity": null,
            "current_ratio": null,
            "debt_ratio": null,
            "inventory_turnover_ratio": null,
            "account_receivable_turnover_ratio": null,
            "reinvestment_rate": null,
            "research_to_sale_ratio": null,
            "price_fair": 0,
            "eps_avg_yearly": 0,
            "eps_latest_yearly": 0,
            "eps_growth_yearly": 0
        },
        "20034": {
            "year_quarter": 20034,
            "year": 2003,
            "quarter": 4,
            "eps": null,
            "eps_growth_year": null,
            "eps_4q": null,
            "eps_4q_growth_year": null,
            "roe": null,
            "roe_4q": 0,
            "gross_profit": null,
            "gross_margin": null,
            "gross_margin_4q_avg": 0,
            "net_income": null,
            "revenue": null,
            "common_shares": 300000,
            "book_valuer_per_share": 9.57,
            "book_valuer_per_share_4q_avg": 2.39,
            "equity": 287014,
            "current_ratio": 87.26,
            "debt_ratio": 50.5,
            "inventory_turnover_ratio": null,
            "account_receivable_turnover_ratio": null,
            "reinvestment_rate": null,
            "research_to_sale_ratio": null,
            "price_fair": 0,
            "eps_avg_yearly": 0,
            "eps_latest_yearly": 0,
            "eps_growth_yearly": 0
        },
        "20041": {
            "year_quarter": 20041,
            "year": 2004,
            "quarter": 1,
            "eps": null,
            "eps_growth_year": null,
            "eps_4q": null,
            "eps_4q_growth_year": null,
            "roe": null,
            "roe_4q": 0,
            "gross_profit": null,
            "gross_margin": null,
            "gross_margin_4q_avg": 0,
            "net_income": null,
            "revenue": null,
            "common_shares": null,
            "book_valuer_per_share": null,
            "book_valuer_per_share_4q_avg": 2.39,
            "equity": null,
            "current_ratio": null,
            "debt_ratio": null,
            "inventory_turnover_ratio": null,
            "account_receivable_turnover_ratio": null,
            "reinvestment_rate": null,
            "research_to_sale_ratio": null,
            "price_fair": 0,
            "eps_avg_yearly": 0,
            "eps_latest_yearly": 0,
            "eps_growth_yearly": 0
        },
        "20042": {
            "year_quarter": 20042,
            "year": 2004,
            "quarter": 2,
            "eps": null,
            "eps_growth_year": null,
            "eps_4q": null,
            "eps_4q_growth_year": null,
            "roe": null,
            "roe_4q": 0,
            "gross_profit": null,
            "gross_margin": null,
            "gross_margin_4q_avg": 0,
            "net_income": null,
            "revenue": null,
            "common_shares": null,
            "book_valuer_per_share": null,
            "book_valuer_per_share_4q_avg": 2.39,
            "equity": null,
            "current_ratio": null,
            "debt_ratio": null,
            "inventory_turnover_ratio": null,
            "account_receivable_turnover_ratio": null,
            "reinvestment_rate": null,
            "research_to_sale_ratio": null,
            "price_fair": 0,
            "eps_avg_yearly": 0,
            "eps_latest_yearly": 0,
            "eps_growth_yearly": 0
        },
        "20043": {
            "year_quarter": 20043,
            "year": 2004,
            "quarter": 3,
            "eps": 1.43,
            "eps_growth_year": null,
            "eps_4q": null,
            "eps_4q_growth_year": null,
            "roe": 9.32,
            "roe_4q": 9.32,
            "gross_profit": 87202,
            "gross_margin": 44.18,
            "gross_margin_4q_avg": 11.05,
            "net_income": 50065,
            "revenue": 197369,
            "common_shares": 349990,
            "book_valuer_per_share": 15.35,
            "book_valuer_per_share_4q_avg": 6.23,
            "equity": 537296,
            "current_ratio": 195.22,
            "debt_ratio": 28.53,
            "inventory_turnover_ratio": 1.2,
            "account_receivable_turnover_ratio": null,
            "reinvestment_rate": null,
            "research_to_sale_ratio": null,
            "price_fair": 0,
            "eps_avg_yearly": 0,
            "eps_latest_yearly": 0,
            "eps_growth_yearly": 0
        },
        "20044": {
            "year_quarter": 20044,
            "year": 2004,
            "quarter": 4,
            "eps": 1.04,
            "eps_growth_year": null,
            "eps_4q": null,
            "eps_4q_growth_year": null,
            "roe": 6.04,
            "roe_4q": 15.36,
            "gross_profit": 64508,
            "gross_margin": 39.86,
            "gross_margin_4q_avg": 21.01,
            "net_income": 33466,
            "revenue": 161856,
            "common_shares": 349990,
            "book_valuer_per_share": 16.31,
            "book_valuer_per_share_4q_avg": 7.92,
            "equity": 570762,
            "current_ratio": 157.98,
            "debt_ratio": 27.46,
            "inventory_turnover_ratio": 0.93,
            "account_receivable_turnover_ratio": null,
            "reinvestment_rate": null,
            "research_to_sale_ratio": null,
            "price_fair": 12.48,
            "eps_avg_yearly": 4.16,
            "eps_latest_yearly": 4.16,
            "eps_growth_yearly": -109.09
        },
        "20051": {
            "year_quarter": 20051,
            "year": 2005,
            "quarter": 1,
            "eps": 1.59,
            "eps_growth_year": null,
            "eps_4q": null,
            "eps_4q_growth_year": null,
            "roe": 9.29,
            "roe_4q": 24.65,
            "gross_profit": 78093,
            "gross_margin": 38.38,
            "gross_margin_4q_avg": 30.61,
            "net_income": 55586,
            "revenue": 203491,
            "common_shares": 349990,
            "book_valuer_per_share": 17.9,
            "book_valuer_per_share_4q_avg": 12.39,
            "equity": 626348,
            "current_ratio": 182.58,
            "debt_ratio": 24.97,
            "inventory_turnover_ratio": 1.04,
            "account_receivable_turnover_ratio": null,
            "reinvestment_rate": null,
            "research_to_sale_ratio": null,
            "price_fair": 184.1,
            "eps_avg_yearly": 5.26,
            "eps_latest_yearly": 6.36,
            "eps_growth_yearly": 51.22
        },
        "20052": {
            "year_quarter": 20052,
            "year": 2005,
            "quarter": 2,
            "eps": 1.59,
            "eps_growth_year": null,
            "eps_4q": 5.17,
            "eps_4q_growth_year": null,
            "roe": 10.14,
            "roe_4q": 34.79,
            "gross_profit": 98304,
            "gross_margin": 37.71,
            "gross_margin_4q_avg": 40.03,
            "net_income": 61748,
            "revenue": 260694,
            "common_shares": 349990,
            "book_valuer_per_share": 16.9,
            "book_valuer_per_share_4q_avg": 16.62,
            "equity": 591547,
            "current_ratio": 142.75,
            "debt_ratio": 34.07,
            "inventory_turnover_ratio": 1.35,
            "account_receivable_turnover_ratio": null,
            "reinvestment_rate": null,
            "research_to_sale_ratio": null,
            "price_fair": 196.93,
            "eps_avg_yearly": 5.63,
            "eps_latest_yearly": 6.36,
            "eps_growth_yearly": 34.15
        },
        "20053": {
            "year_quarter": 20053,
            "year": 2005,
            "quarter": 3,
            "eps": 1.6,
            "eps_growth_year": 11.89,
            "eps_4q": 5.48,
            "eps_4q_growth_year": null,
            "roe": 9.99,
            "roe_4q": 35.46,
            "gross_profit": 81697,
            "gross_margin": 39.86,
            "gross_margin_4q_avg": 38.95,
            "net_income": 62204,
            "revenue": 204937,
            "common_shares": 389012,
            "book_valuer_per_share": 16.81,
            "book_valuer_per_share_4q_avg": 16.98,
            "equity": 653751,
            "current_ratio": 173.06,
            "debt_ratio": 24.02,
            "inventory_turnover_ratio": 1.04,
            "account_receivable_turnover_ratio": null,
            "reinvestment_rate": null,
            "research_to_sale_ratio": null,
            "price_fair": 203.7,
            "eps_avg_yearly": 5.82,
            "eps_latest_yearly": 6.4,
            "eps_growth_yearly": 26.24
        },
        "20054": {
            "year_quarter": 20054,
            "year": 2005,
            "quarter": 4,
            "eps": 1.74,
            "eps_growth_year": 67.31,
            "eps_4q": 6.35,
            "eps_4q_growth_year": null,
            "roe": 9.86,
            "roe_4q": 39.28,
            "gross_profit": 102425,
            "gross_margin": 41.97,
            "gross_margin_4q_avg": 39.48,
            "net_income": 67820,
            "revenue": 244023,
            "common_shares": 389012,
            "book_valuer_per_share": 18.55,
            "book_valuer_per_share_4q_avg": 17.54,
            "equity": 721571,
            "current_ratio": 170.32,
            "debt_ratio": 25.32,
            "inventory_turnover_ratio": 1.18,
            "account_receivable_turnover_ratio": null,
            "reinvestment_rate": null,
            "research_to_sale_ratio": null,
            "price_fair": 211.68,
            "eps_avg_yearly": 6.05,
            "eps_latest_yearly": 6.96,
            "eps_growth_yearly": 27.99
        },
        "20061": {
            "year_quarter": 20061,
            "year": 2006,
            "quarter": 1,
            "eps": 2.31,
            "eps_growth_year": 45.28,
            "eps_4q": 7.24,
            "eps_4q_growth_year": null,
            "roe": 11.73,
            "roe_4q": 41.72,
            "gross_profit": 131930,
            "gross_margin": 40.47,
            "gross_margin_4q_avg": 40,
            "net_income": 89885,
            "revenue": 326002,
            "common_shares": 389012,
            "book_valuer_per_share": 20.86,
            "book_valuer_per_share_4q_avg": 18.28,
            "equity": 811456,
            "current_ratio": 154.1,
            "debt_ratio": 28.64,
            "inventory_turnover_ratio": 1.56,
            "account_receivable_turnover_ratio": null,
            "reinvestment_rate": null,
            "research_to_sale_ratio": null,
            "price_fair": 230.3,
            "eps_avg_yearly": 6.58,
            "eps_latest_yearly": 9.24,
            "eps_growth_yearly": 45.17
        },
        "20062": {
            "year_quarter": 20062,
            "year": 2006,
            "quarter": 2,
            "eps": 2.09,
            "eps_growth_year": 31.45,
            "eps_4q": 7.52,
            "eps_4q_growth_year": 45.34,
            "roe": 8.96,
            "roe_4q": 40.54,
            "gross_profit": 124703,
            "gross_margin": 36.57,
            "gross_margin_4q_avg": 39.72,
            "net_income": 84681,
            "revenue": 340965,
            "common_shares": 434000,
            "book_valuer_per_share": 24.83,
            "book_valuer_per_share_4q_avg": 20.26,
            "equity": 1077823,
            "current_ratio": 175.4,
            "debt_ratio": 29.94,
            "inventory_turnover_ratio": 1.61,
            "account_receivable_turnover_ratio": null,
            "reinvestment_rate": null,
            "research_to_sale_ratio": null,
            "price_fair": 239.2,
            "eps_avg_yearly": 6.83,
            "eps_latest_yearly": 8.36,
            "eps_growth_yearly": 33.27
        },
        "20063": {
            "year_quarter": 20063,
            "year": 2006,
            "quarter": 3,
            "eps": 2.07,
            "eps_growth_year": 29.38,
            "eps_4q": 7.58,
            "eps_4q_growth_year": 38.36,
            "roe": 8.11,
            "roe_4q": 38.66,
            "gross_profit": 120340,
            "gross_margin": 34.56,
            "gross_margin_4q_avg": 38.39,
            "net_income": 91051,
            "revenue": 348182,
            "common_shares": 459720,
            "book_valuer_per_share": 25.42,
            "book_valuer_per_share_4q_avg": 22.42,
            "equity": 1168403,
            "current_ratio": 147.77,
            "debt_ratio": 27.54,
            "inventory_turnover_ratio": 1.47,
            "account_receivable_turnover_ratio": null,
            "reinvestment_rate": null,
            "research_to_sale_ratio": null,
            "price_fair": 245.53,
            "eps_avg_yearly": 7.02,
            "eps_latest_yearly": 8.28,
            "eps_growth_yearly": 28.63
        },
        "20064": {
            "year_quarter": 20064,
            "year": 2006,
            "quarter": 4,
            "eps": 1.21,
            "eps_growth_year": -30.46,
            "eps_4q": 7.18,
            "eps_4q_growth_year": 13.2,
            "roe": 4.5,
            "roe_4q": 33.3,
            "gross_profit": 105092,
            "gross_margin": 31.81,
            "gross_margin_4q_avg": 35.85,
            "net_income": 53800,
            "revenue": 330325,
            "common_shares": 459720,
            "book_valuer_per_share": 26.59,
            "book_valuer_per_share_4q_avg": 24.43,
            "equity": 1222203,
            "current_ratio": 155.25,
            "debt_ratio": 22.77,
            "inventory_turnover_ratio": 1.3,
            "account_receivable_turnover_ratio": null,
            "reinvestment_rate": null,
            "research_to_sale_ratio": null,
            "price_fair": 115.06,
            "eps_avg_yearly": 6.77,
            "eps_latest_yearly": 4.84,
            "eps_growth_yearly": 6.99
        },
        "20071": {
            "year_quarter": 20071,
            "year": 2007,
            "quarter": 1,
            "eps": 1.98,
            "eps_growth_year": -14.29,
            "eps_4q": 6.99,
            "eps_4q_growth_year": -3.49,
            "roe": 7.16,
            "roe_4q": 28.73,
            "gross_profit": 132191,
            "gross_margin": 34.29,
            "gross_margin_4q_avg": 34.31,
            "net_income": 90795,
            "revenue": 385525,
            "common_shares": 459720,
            "book_valuer_per_share": 28.56,
            "book_valuer_per_share_4q_avg": 26.35,
            "equity": 1312998,
            "current_ratio": 166.05,
            "debt_ratio": 22.92,
            "inventory_turnover_ratio": 1.35,
            "account_receivable_turnover_ratio": null,
            "reinvestment_rate": null,
            "research_to_sale_ratio": null,
            "price_fair": 241.08,
            "eps_avg_yearly": 6.89,
            "eps_latest_yearly": 7.92,
            "eps_growth_yearly": 31.74
        },
        "20072": {
            "year_quarter": 20072,
            "year": 2007,
            "quarter": 2,
            "eps": 1.89,
            "eps_growth_year": -9.57,
            "eps_4q": 7.02,
            "eps_4q_growth_year": -6.57,
            "roe": 7.07,
            "roe_4q": 26.84,
            "gross_profit": 138140,
            "gross_margin": 33.98,
            "gross_margin_4q_avg": 33.66,
            "net_income": 86757,
            "revenue": 406533,
            "common_shares": 459720,
            "book_valuer_per_share": 24.83,
            "book_valuer_per_share_4q_avg": 26.35,
            "equity": 1141418,
            "current_ratio": 109.52,
            "debt_ratio": 36.2,
            "inventory_turnover_ratio": 1.27,
            "account_receivable_turnover_ratio": null,
            "reinvestment_rate": null,
            "research_to_sale_ratio": null,
            "price_fair": 243.22,
            "eps_avg_yearly": 6.95,
            "eps_latest_yearly": 7.56,
            "eps_growth_yearly": 27.2
        },
        "20073": {
            "year_quarter": 20073,
            "year": 2007,
            "quarter": 3,
            "eps": 1.37,
            "eps_growth_year": -33.82,
            "eps_4q": 6.11,
            "eps_4q_growth_year": -19.37,
            "roe": 5.69,
            "roe_4q": 24.42,
            "gross_profit": 110369,
            "gross_margin": 33.13,
            "gross_margin_4q_avg": 33.3,
            "net_income": 66839,
            "revenue": 333117,
            "common_shares": 486726,
            "book_valuer_per_share": 24.82,
            "book_valuer_per_share_4q_avg": 26.2,
            "equity": 1208257,
            "current_ratio": 120.78,
            "debt_ratio": 31.22,
            "inventory_turnover_ratio": 0.97,
            "account_receivable_turnover_ratio": null,
            "reinvestment_rate": null,
            "research_to_sale_ratio": null,
            "price_fair": 175.9,
            "eps_avg_yearly": 6.83,
            "eps_latest_yearly": 5.48,
            "eps_growth_yearly": 15.77
        },
        "20074": {
            "year_quarter": 20074,
            "year": 2007,
            "quarter": 4,
            "eps": 1.29,
            "eps_growth_year": 6.61,
            "eps_4q": 6.32,
            "eps_4q_growth_year": -12.05,
            "roe": 5.06,
            "roe_4q": 24.98,
            "gross_profit": 121848,
            "gross_margin": 33.33,
            "gross_margin_4q_avg": 33.68,
            "net_income": 62702,
            "revenue": 365624,
            "common_shares": 486726,
            "book_valuer_per_share": 26.11,
            "book_valuer_per_share_4q_avg": 26.08,
            "equity": 1270959,
            "current_ratio": 131.14,
            "debt_ratio": 28.22,
            "inventory_turnover_ratio": 1.05,
            "account_receivable_turnover_ratio": null,
            "reinvestment_rate": null,
            "research_to_sale_ratio": null,
            "price_fair": 152.44,
            "eps_avg_yearly": 6.7,
            "eps_latest_yearly": 5.16,
            "eps_growth_yearly": 12.76
        },
        "20081": {
            "year_quarter": 20081,
            "year": 2008,
            "quarter": 1,
            "eps": 1.3,
            "eps_growth_year": -34.34,
            "eps_4q": 5.76,
            "eps_4q_growth_year": -17.53,
            "roe": 4.84,
            "roe_4q": 22.66,
            "gross_profit": 122390,
            "gross_margin": 30.61,
            "gross_margin_4q_avg": 32.76,
            "net_income": 63034,
            "revenue": 399850,
            "common_shares": 486726,
            "book_valuer_per_share": 27.41,
            "book_valuer_per_share_4q_avg": 25.79,
            "equity": 1333993,
            "current_ratio": 137.22,
            "debt_ratio": 27.9,
            "inventory_turnover_ratio": 1.27,
            "account_receivable_turnover_ratio": null,
            "reinvestment_rate": null,
            "research_to_sale_ratio": null,
            "price_fair": 145.46,
            "eps_avg_yearly": 6.59,
            "eps_latest_yearly": 5.2,
            "eps_growth_yearly": 12.07
        },
        "20082": {
            "year_quarter": 20082,
            "year": 2008,
            "quarter": 2,
            "eps": 1.11,
            "eps_growth_year": -41.27,
            "eps_4q": 5.06,
            "eps_4q_growth_year": -27.9,
            "roe": 4.33,
            "roe_4q": 19.92,
            "gross_profit": 119869,
            "gross_margin": 29.34,
            "gross_margin_4q_avg": 31.6,
            "net_income": 54065,
            "revenue": 408487,
            "common_shares": 486726,
            "book_valuer_per_share": 23.93,
            "book_valuer_per_share_4q_avg": 25.57,
            "equity": 1164667,
            "current_ratio": 97.61,
            "debt_ratio": 38.29,
            "inventory_turnover_ratio": 1.34,
            "account_receivable_turnover_ratio": null,
            "reinvestment_rate": 103.34,
            "research_to_sale_ratio": null,
            "price_fair": 111.97,
            "eps_avg_yearly": 6.45,
            "eps_latest_yearly": 4.44,
            "eps_growth_yearly": 7.37
        },
        "20083": {
            "year_quarter": 20083,
            "year": 2008,
            "quarter": 3,
            "eps": 1.04,
            "eps_growth_year": -24.09,
            "eps_4q": 4.53,
            "eps_4q_growth_year": -25.82,
            "roe": 4.17,
            "roe_4q": 18.4,
            "gross_profit": 97709,
            "gross_margin": 29.02,
            "gross_margin_4q_avg": 30.58,
            "net_income": 53519,
            "revenue": 336752,
            "common_shares": 540090,
            "book_valuer_per_share": 25.91,
            "book_valuer_per_share_4q_avg": 25.84,
            "equity": 1399157,
            "current_ratio": 132.88,
            "debt_ratio": 27.17,
            "inventory_turnover_ratio": 1.09,
            "account_receivable_turnover_ratio": null,
            "reinvestment_rate": 77.25,
            "research_to_sale_ratio": null,
            "price_fair": 96.65,
            "eps_avg_yearly": 6.31,
            "eps_latest_yearly": 4.16,
            "eps_growth_yearly": 5.33
        },
        "20084": {
            "year_quarter": 20084,
            "year": 2008,
            "quarter": 4,
            "eps": 0.66,
            "eps_growth_year": -48.84,
            "eps_4q": 3.9,
            "eps_4q_growth_year": -38.26,
            "roe": 2.45,
            "roe_4q": 15.79,
            "gross_profit": 67381,
            "gross_margin": 26.89,
            "gross_margin_4q_avg": 28.97,
            "net_income": 34750,
            "revenue": 250595,
            "common_shares": 540090,
            "book_valuer_per_share": 26.55,
            "book_valuer_per_share_4q_avg": 25.95,
            "equity": 1433907,
            "current_ratio": 176.6,
            "debt_ratio": 23.18,
            "inventory_turnover_ratio": 0.84,
            "account_receivable_turnover_ratio": 2.24,
            "reinvestment_rate": 68.19,
            "research_to_sale_ratio": null,
            "price_fair": 80.81,
            "eps_avg_yearly": 6.21,
            "eps_latest_yearly": 2.64,
            "eps_growth_yearly": 3.01
        },
        "20091": {
            "year_quarter": 20091,
            "year": 2009,
            "quarter": 1,
            "eps": 0.64,
            "eps_growth_year": -50.77,
            "eps_4q": 3.26,
            "eps_4q_growth_year": -43.37,
            "roe": 2.39,
            "roe_4q": 13.34,
            "gross_profit": 82043,
            "gross_margin": 29.06,
            "gross_margin_4q_avg": 28.58,
            "net_income": 34735,
            "revenue": 282339,
            "common_shares": 540090,
            "book_valuer_per_share": 27.19,
            "book_valuer_per_share_4q_avg": 25.9,
            "equity": 1468642,
            "current_ratio": 192.09,
            "debt_ratio": 21.41,
            "inventory_turnover_ratio": 0.99,
            "account_receivable_turnover_ratio": 1.21,
            "reinvestment_rate": 67.34,
            "research_to_sale_ratio": null,
            "price_fair": 17.92,
            "eps_avg_yearly": 5.97,
            "eps_latest_yearly": 2.56,
            "eps_growth_yearly": -10.97
        },
        "20092": {
            "year_quarter": 20092,
            "year": 2009,
            "quarter": 2,
            "eps": 1.25,
            "eps_growth_year": 12.61,
            "eps_4q": 3.53,
            "eps_4q_growth_year": -30.28,
            "roe": 4.7,
            "roe_4q": 13.709999999999999,
            "gross_profit": 130162,
            "gross_margin": 33.6,
            "gross_margin_4q_avg": 29.64,
            "net_income": 67418,
            "revenue": 387411,
            "common_shares": 540090,
            "book_valuer_per_share": 25.94,
            "book_valuer_per_share_4q_avg": 26.4,
            "equity": 1401037,
            "current_ratio": 141.22,
            "debt_ratio": 29.79,
            "inventory_turnover_ratio": 1.41,
            "account_receivable_turnover_ratio": 1.4,
            "reinvestment_rate": 64.68,
            "research_to_sale_ratio": null,
            "price_fair": 134.6,
            "eps_avg_yearly": 5.89,
            "eps_latest_yearly": 5,
            "eps_growth_yearly": 12.86
        },
        "20093": {
            "year_quarter": 20093,
            "year": 2009,
            "quarter": 3,
            "eps": 1.26,
            "eps_growth_year": 21.15,
            "eps_4q": 3.79,
            "eps_4q_growth_year": -16.35,
            "roe": 4.75,
            "roe_4q": 14.29,
            "gross_profit": 153998,
            "gross_margin": 36.91,
            "gross_margin_4q_avg": 31.62,
            "net_income": 68108,
            "revenue": 417257,
            "common_shares": 540090,
            "book_valuer_per_share": 27.2,
            "book_valuer_per_share_4q_avg": 26.72,
            "equity": 1469145,
            "current_ratio": 165.47,
            "debt_ratio": 25.14,
            "inventory_turnover_ratio": 1.42,
            "account_receivable_turnover_ratio": 1.39,
            "reinvestment_rate": 59.02,
            "research_to_sale_ratio": null,
            "price_fair": 132.9,
            "eps_avg_yearly": 5.8,
            "eps_latest_yearly": 5.04,
            "eps_growth_yearly": 12.9
        },
        "20094": {
            "year_quarter": 20094,
            "year": 2009,
            "quarter": 4,
            "eps": 1.86,
            "eps_growth_year": 181.82,
            "eps_4q": 5.01,
            "eps_4q_growth_year": 28.38,
            "roe": 6.59,
            "roe_4q": 18.43,
            "gross_profit": 171506,
            "gross_margin": 35.02,
            "gross_margin_4q_avg": 33.65,
            "net_income": 100188,
            "revenue": 489777,
            "common_shares": 540090,
            "book_valuer_per_share": 29.06,
            "book_valuer_per_share_4q_avg": 27.35,
            "equity": 1569333,
            "current_ratio": 178.79,
            "debt_ratio": 24.15,
            "inventory_turnover_ratio": 1.58,
            "account_receivable_turnover_ratio": 2.57,
            "reinvestment_rate": 53.21,
            "research_to_sale_ratio": null,
            "price_fair": 190.27,
            "eps_avg_yearly": 5.83,
            "eps_latest_yearly": 7.44,
            "eps_growth_yearly": 22.62
        },
        "20101": {
            "year_quarter": 20101,
            "year": 2010,
            "quarter": 1,
            "eps": 1.49,
            "eps_growth_year": 132.81,
            "eps_4q": 5.85,
            "eps_4q_growth_year": 79.33,
            "roe": 4.99,
            "roe_4q": 21.029999999999998,
            "gross_profit": 175395,
            "gross_margin": 32.52,
            "gross_margin_4q_avg": 34.51,
            "net_income": 80283,
            "revenue": 539383,
            "common_shares": 540090,
            "book_valuer_per_share": 0,
            "book_valuer_per_share_4q_avg": 20.55,
            "equity": 1649616,
            "current_ratio": 175.76,
            "debt_ratio": 25.08,
            "inventory_turnover_ratio": 1.64,
            "account_receivable_turnover_ratio": 1.32,
            "reinvestment_rate": 47.88,
            "research_to_sale_ratio": 5.03,
            "price_fair": 109.5,
            "eps_avg_yearly": 5.63,
            "eps_latest_yearly": 5.96,
            "eps_growth_yearly": 9.46
        },
        "20102": {
            "year_quarter": 20102,
            "year": 2010,
            "quarter": 2,
            "eps": 1.47,
            "eps_growth_year": 17.78,
            "eps_4q": 5.66,
            "eps_4q_growth_year": 60.21,
            "roe": 5.47,
            "roe_4q": 21.8,
            "gross_profit": 169677,
            "gross_margin": 29.36,
            "gross_margin_4q_avg": 33.45,
            "net_income": 87469,
            "revenue": 578003,
            "common_shares": 540090,
            "book_valuer_per_share": 28.69,
            "book_valuer_per_share_4q_avg": 21.24,
            "equity": 1549345,
            "current_ratio": 136.02,
            "debt_ratio": 31.86,
            "inventory_turnover_ratio": 1.63,
            "account_receivable_turnover_ratio": 1.38,
            "reinvestment_rate": 46.95,
            "research_to_sale_ratio": 4.93,
            "price_fair": 117.68,
            "eps_avg_yearly": 5.47,
            "eps_latest_yearly": 5.88,
            "eps_growth_yearly": 11.5
        },
        "20103": {
            "year_quarter": 20103,
            "year": 2010,
            "quarter": 3,
            "eps": 1.39,
            "eps_growth_year": 10.54,
            "eps_4q": 5.9,
            "eps_4q_growth_year": 55.64,
            "roe": 5.2,
            "roe_4q": 22.25,
            "gross_profit": 166929,
            "gross_margin": 30.83,
            "gross_margin_4q_avg": 31.93,
            "net_income": 82745,
            "revenue": 541470,
            "common_shares": 594099,
            "book_valuer_per_share": 27.46,
            "book_valuer_per_share_4q_avg": 21.3,
            "equity": 1631143,
            "current_ratio": 133.27,
            "debt_ratio": 36.23,
            "inventory_turnover_ratio": 1.19,
            "account_receivable_turnover_ratio": 1.39,
            "reinvestment_rate": 48.35,
            "research_to_sale_ratio": 4.81,
            "price_fair": 108.08,
            "eps_avg_yearly": 5.3,
            "eps_latest_yearly": 5.56,
            "eps_growth_yearly": 10.38
        },
        "20104": {
            "year_quarter": 20104,
            "year": 2010,
            "quarter": 4,
            "eps": 1.29,
            "eps_growth_year": -30.6,
            "eps_4q": 5.51,
            "eps_4q_growth_year": 9.98,
            "roe": 4.62,
            "roe_4q": 20.28,
            "gross_profit": 175743,
            "gross_margin": 27.23,
            "gross_margin_4q_avg": 29.99,
            "net_income": 76686,
            "revenue": 645335,
            "common_shares": 594099,
            "book_valuer_per_share": 28.45,
            "book_valuer_per_share_4q_avg": 21.15,
            "equity": 1690288,
            "current_ratio": 133.17,
            "debt_ratio": 35.17,
            "inventory_turnover_ratio": 1.27,
            "account_receivable_turnover_ratio": 1.65,
            "reinvestment_rate": 48.67,
            "research_to_sale_ratio": 3.99,
            "price_fair": 154.2,
            "eps_avg_yearly": 5.32,
            "eps_latest_yearly": 5.16,
            "eps_growth_yearly": 18.97
        },
        "20111": {
            "year_quarter": 20111,
            "year": 2011,
            "quarter": 1,
            "eps": 1.32,
            "eps_growth_year": -11.41,
            "eps_4q": 5.48,
            "eps_4q_growth_year": -6.33,
            "roe": 4.54,
            "roe_4q": 19.83,
            "gross_profit": 161405,
            "gross_margin": 25.74,
            "gross_margin_4q_avg": 28.29,
            "net_income": 78685,
            "revenue": 627014,
            "common_shares": 594099,
            "book_valuer_per_share": 29.84,
            "book_valuer_per_share_4q_avg": 28.61,
            "equity": 1772815,
            "current_ratio": 140.3,
            "debt_ratio": 33.87,
            "inventory_turnover_ratio": 1.18,
            "account_receivable_turnover_ratio": 1.48,
            "reinvestment_rate": 46.12,
            "research_to_sale_ratio": 3.74,
            "price_fair": 70.36,
            "eps_avg_yearly": 5.16,
            "eps_latest_yearly": 5.28,
            "eps_growth_yearly": 3.64
        },
        "20112": {
            "year_quarter": 20112,
            "year": 2011,
            "quarter": 2,
            "eps": 1.65,
            "eps_growth_year": 11.87,
            "eps_4q": 5.29,
            "eps_4q_growth_year": -6.47,
            "roe": 6.25,
            "roe_4q": 20.61,
            "gross_profit": 198221,
            "gross_margin": 26.69,
            "gross_margin_4q_avg": 27.62,
            "net_income": 107636,
            "revenue": 742785,
            "common_shares": 594099,
            "book_valuer_per_share": 28.11,
            "book_valuer_per_share_4q_avg": 28.47,
            "equity": 1669831,
            "current_ratio": 115.72,
            "debt_ratio": 39.17,
            "inventory_turnover_ratio": 1.3,
            "account_receivable_turnover_ratio": 1.57,
            "reinvestment_rate": 56.06,
            "research_to_sale_ratio": 3.09,
            "price_fair": 107.2,
            "eps_avg_yearly": 5.1,
            "eps_latest_yearly": 6.6,
            "eps_growth_yearly": 11.03
        },
        "20113": {
            "year_quarter": 20113,
            "year": 2011,
            "quarter": 3,
            "eps": 1.65,
            "eps_growth_year": 18.22,
            "eps_4q": 5.34,
            "eps_4q_growth_year": -9.61,
            "roe": 6.03,
            "roe_4q": 21.44,
            "gross_profit": 190209,
            "gross_margin": 26.19,
            "gross_margin_4q_avg": 26.46,
            "net_income": 117399,
            "revenue": 726131,
            "common_shares": 713000,
            "book_valuer_per_share": 31.16,
            "book_valuer_per_share_4q_avg": 29.39,
            "equity": 2221761,
            "current_ratio": 187.79,
            "debt_ratio": 26.55,
            "inventory_turnover_ratio": 1.21,
            "account_receivable_turnover_ratio": 1.42,
            "reinvestment_rate": 53.41,
            "research_to_sale_ratio": 3.9,
            "price_fair": 144.21,
            "eps_avg_yearly": 5.17,
            "eps_latest_yearly": 6.6,
            "eps_growth_yearly": 17.91
        },
        "20114": {
            "year_quarter": 20114,
            "year": 2011,
            "quarter": 4,
            "eps": 1.38,
            "eps_growth_year": 7.01,
            "eps_4q": 5.64,
            "eps_4q_growth_year": 2.43,
            "roe": 4.34,
            "roe_4q": 21.16,
            "gross_profit": 208543,
            "gross_margin": 28.21,
            "gross_margin_4q_avg": 26.71,
            "net_income": 98484,
            "revenue": 739293,
            "common_shares": 713000,
            "book_valuer_per_share": 32.52,
            "book_valuer_per_share_4q_avg": 30.41,
            "equity": 2318962,
            "current_ratio": 170.57,
            "debt_ratio": 27.94,
            "inventory_turnover_ratio": 1.13,
            "account_receivable_turnover_ratio": 1.39,
            "reinvestment_rate": 55.6,
            "research_to_sale_ratio": 3.89,
            "price_fair": 131.19,
            "eps_avg_yearly": 5.19,
            "eps_latest_yearly": 5.52,
            "eps_growth_yearly": 15.28
        },
        "20121": {
            "year_quarter": 20121,
            "year": 2012,
            "quarter": 1,
            "eps": 1.21,
            "eps_growth_year": -8.33,
            "eps_4q": 5.75,
            "eps_4q_growth_year": 4.89,
            "roe": 3.66,
            "roe_4q": 20.28,
            "gross_profit": 173580,
            "gross_margin": 22.77,
            "gross_margin_4q_avg": 25.97,
            "net_income": 86318,
            "revenue": 762278,
            "common_shares": 713000,
            "book_valuer_per_share": 33.7,
            "book_valuer_per_share_4q_avg": 31.37,
            "equity": 2402898,
            "current_ratio": 183.8,
            "debt_ratio": 24.24,
            "inventory_turnover_ratio": 1.33,
            "account_receivable_turnover_ratio": 1.41,
            "reinvestment_rate": 54,
            "research_to_sale_ratio": 3.28,
            "price_fair": 113.7,
            "eps_avg_yearly": 5.17,
            "eps_latest_yearly": 4.84,
            "eps_growth_yearly": 12
        },
        "20122": {
            "year_quarter": 20122,
            "year": 2012,
            "quarter": 2,
            "eps": 1.05,
            "eps_growth_year": -36.16,
            "eps_4q": 5.09,
            "eps_4q_growth_year": -3.83,
            "roe": 3.42,
            "roe_4q": 17.45,
            "gross_profit": 171039,
            "gross_margin": 22.5,
            "gross_margin_4q_avg": 24.92,
            "net_income": 78723,
            "revenue": 760314,
            "common_shares": 713000,
            "book_valuer_per_share": 30.77,
            "book_valuer_per_share_4q_avg": 32.04,
            "equity": 2194215,
            "current_ratio": 135.78,
            "debt_ratio": 30.21,
            "inventory_turnover_ratio": 1.55,
            "account_receivable_turnover_ratio": 1.42,
            "reinvestment_rate": 58.37,
            "research_to_sale_ratio": 3.78,
            "price_fair": 115.17,
            "eps_avg_yearly": 5.15,
            "eps_latest_yearly": 4.2,
            "eps_growth_yearly": 12.35
        },
        "20123": {
            "year_quarter": 20123,
            "year": 2012,
            "quarter": 3,
            "eps": 0.87,
            "eps_growth_year": -46.94,
            "eps_4q": 4.39,
            "eps_4q_growth_year": -17.65,
            "roe": 2.94,
            "roe_4q": 14.36,
            "gross_profit": 152376,
            "gross_margin": 22.24,
            "gross_margin_4q_avg": 23.93,
            "net_income": 65406,
            "revenue": 685035,
            "common_shares": 748650,
            "book_valuer_per_share": 30.19,
            "book_valuer_per_share_4q_avg": 31.8,
            "equity": 2260410,
            "current_ratio": 146.02,
            "debt_ratio": 25.18,
            "inventory_turnover_ratio": 1.6,
            "account_receivable_turnover_ratio": 1.36,
            "reinvestment_rate": 58.14,
            "research_to_sale_ratio": 3.86,
            "price_fair": 100.37,
            "eps_avg_yearly": 5.11,
            "eps_latest_yearly": 3.48,
            "eps_growth_yearly": 9.64
        },
        "20124": {
            "year_quarter": 20124,
            "year": 2012,
            "quarter": 4,
            "eps": 1.36,
            "eps_growth_year": -1.18,
            "eps_4q": 4.51,
            "eps_4q_growth_year": -20.12,
            "roe": 4.44,
            "roe_4q": 14.46,
            "gross_profit": 204251,
            "gross_margin": 27.5,
            "gross_margin_4q_avg": 23.75,
            "net_income": 100142,
            "revenue": 742726,
            "common_shares": 748650,
            "book_valuer_per_share": 30.62,
            "book_valuer_per_share_4q_avg": 31.32,
            "equity": 2246573,
            "current_ratio": 136.38,
            "debt_ratio": 28.49,
            "inventory_turnover_ratio": 1.67,
            "account_receivable_turnover_ratio": 1.47,
            "reinvestment_rate": 62.38,
            "research_to_sale_ratio": 3.53,
            "price_fair": 184.98,
            "eps_avg_yearly": 5.29,
            "eps_latest_yearly": 5.44,
            "eps_growth_yearly": 32.86
        },
        "20131": {
            "year_quarter": 20131,
            "year": 2013,
            "quarter": 1,
            "eps": 1.41,
            "eps_growth_year": 16.53,
            "eps_4q": 4.67,
            "eps_4q_growth_year": -18.75,
            "roe": 4.42,
            "roe_4q": 15.219999999999999,
            "gross_profit": 207412,
            "gross_margin": 26.19,
            "gross_margin_4q_avg": 24.61,
            "net_income": 103429,
            "revenue": 791827,
            "common_shares": 748650,
            "book_valuer_per_share": 32.63,
            "book_valuer_per_share_4q_avg": 31.05,
            "equity": 2429411,
            "current_ratio": 158.59,
            "debt_ratio": 24.14,
            "inventory_turnover_ratio": 1.79,
            "account_receivable_turnover_ratio": 1.56,
            "reinvestment_rate": 57.67,
            "research_to_sale_ratio": 3.43,
            "price_fair": 191.71,
            "eps_avg_yearly": 5.48,
            "eps_latest_yearly": 5.64,
            "eps_growth_yearly": 34.53
        },
        "20132": {
            "year_quarter": 20132,
            "year": 2013,
            "quarter": 2,
            "eps": 1.88,
            "eps_growth_year": 78.79,
            "eps_4q": 5.49,
            "eps_4q_growth_year": 7.96,
            "roe": 5.91,
            "roe_4q": 17.71,
            "gross_profit": 253206,
            "gross_margin": 28.79,
            "gross_margin_4q_avg": 26.18,
            "net_income": 139949,
            "revenue": 879605,
            "common_shares": 748650,
            "book_valuer_per_share": 31.02,
            "book_valuer_per_share_4q_avg": 31.12,
            "equity": 2309158,
            "current_ratio": 124.12,
            "debt_ratio": 31.2,
            "inventory_turnover_ratio": 1.85,
            "account_receivable_turnover_ratio": 1.66,
            "reinvestment_rate": 57.31,
            "research_to_sale_ratio": 3.53,
            "price_fair": 163.64,
            "eps_avg_yearly": 5.64,
            "eps_latest_yearly": 7.52,
            "eps_growth_yearly": 19.04
        },
        "20133": {
            "year_quarter": 20133,
            "year": 2013,
            "quarter": 3,
            "eps": 1.64,
            "eps_growth_year": 87.72,
            "eps_4q": 6.25,
            "eps_4q_growth_year": 42.3,
            "roe": 5.15,
            "roe_4q": 19.92,
            "gross_profit": 236834,
            "gross_margin": 29.49,
            "gross_margin_4q_avg": 27.99,
            "net_income": 121936,
            "revenue": 803234,
            "common_shares": 748650,
            "book_valuer_per_share": 32.56,
            "book_valuer_per_share_4q_avg": 31.71,
            "equity": 2424212,
            "current_ratio": 150.29,
            "debt_ratio": 23.34,
            "inventory_turnover_ratio": 1.54,
            "account_receivable_turnover_ratio": 1.47,
            "reinvestment_rate": 55.83,
            "research_to_sale_ratio": 3.55,
            "price_fair": 146.96,
            "eps_avg_yearly": 5.73,
            "eps_latest_yearly": 6.56,
            "eps_growth_yearly": 15.65
        },
        "20134": {
            "year_quarter": 20134,
            "year": 2013,
            "quarter": 4,
            "eps": 3.07,
            "eps_growth_year": 125.05,
            "eps_4q": 7.98,
            "eps_4q_growth_year": 77.07,
            "roe": 8.76,
            "roe_4q": 24.240000000000002,
            "gross_profit": 242226,
            "gross_margin": 29.91,
            "gross_margin_4q_avg": 28.6,
            "net_income": 231258,
            "revenue": 809791,
            "common_shares": 748650,
            "book_valuer_per_share": 35.88,
            "book_valuer_per_share_4q_avg": 33.02,
            "equity": 2857929,
            "current_ratio": 208.16,
            "debt_ratio": 22.11,
            "inventory_turnover_ratio": 1.35,
            "account_receivable_turnover_ratio": 1.56,
            "reinvestment_rate": 36.74,
            "research_to_sale_ratio": 4.33,
            "price_fair": 211.14,
            "eps_avg_yearly": 6.03,
            "eps_latest_yearly": 12.28,
            "eps_growth_yearly": 25.54
        },
        "20141": {
            "year_quarter": 20141,
            "year": 2014,
            "quarter": 1,
            "eps": 2.08,
            "eps_growth_year": 47.52,
            "eps_4q": 8.66,
            "eps_4q_growth_year": 85.52,
            "roe": 5.38,
            "roe_4q": 25.2,
            "gross_profit": 275356,
            "gross_margin": 31.2,
            "gross_margin_4q_avg": 29.85,
            "net_income": 158004,
            "revenue": 882459,
            "common_shares": 748650,
            "book_valuer_per_share": 37.95,
            "book_valuer_per_share_4q_avg": 34.35,
            "equity": 3015574,
            "current_ratio": 230.3,
            "debt_ratio": 20.19,
            "inventory_turnover_ratio": 1.35,
            "account_receivable_turnover_ratio": 1.57,
            "reinvestment_rate": 34.35,
            "research_to_sale_ratio": 3.46,
            "price_fair": 200.56,
            "eps_avg_yearly": 6.18,
            "eps_latest_yearly": 8.32,
            "eps_growth_yearly": 22.45
        },
        "20142": {
            "year_quarter": 20142,
            "year": 2014,
            "quarter": 2,
            "eps": 1.88,
            "eps_growth_year": 0,
            "eps_4q": 8.66,
            "eps_4q_growth_year": 57.74,
            "roe": 4.84,
            "roe_4q": 24.129999999999995,
            "gross_profit": 290447,
            "gross_margin": 32.24,
            "gross_margin_4q_avg": 30.71,
            "net_income": 139071,
            "revenue": 900814,
            "common_shares": 748650,
            "book_valuer_per_share": 34.31,
            "book_valuer_per_share_4q_avg": 35.18,
            "equity": 2731021,
            "current_ratio": 157.55,
            "debt_ratio": 29.9,
            "inventory_turnover_ratio": 1.3,
            "account_receivable_turnover_ratio": 1.43,
            "reinvestment_rate": 29.94,
            "research_to_sale_ratio": 4.06,
            "price_fair": 190.89,
            "eps_avg_yearly": 6.28,
            "eps_latest_yearly": 7.52,
            "eps_growth_yearly": 20.38
        },
        "20143": {
            "year_quarter": 20143,
            "year": 2014,
            "quarter": 3,
            "eps": 1.91,
            "eps_growth_year": 16.46,
            "eps_4q": 8.93,
            "eps_4q_growth_year": 42.86,
            "roe": 5.28,
            "roe_4q": 24.259999999999998,
            "gross_profit": 276019,
            "gross_margin": 32.04,
            "gross_margin_4q_avg": 31.35,
            "net_income": 144984,
            "revenue": 861544,
            "common_shares": 748650,
            "book_valuer_per_share": 36.31,
            "book_valuer_per_share_4q_avg": 36.11,
            "equity": 2763946,
            "current_ratio": 190.86,
            "debt_ratio": 21.73,
            "inventory_turnover_ratio": 1.07,
            "account_receivable_turnover_ratio": 1.44,
            "reinvestment_rate": 16.32,
            "research_to_sale_ratio": 4.79,
            "price_fair": 206.12,
            "eps_avg_yearly": 6.41,
            "eps_latest_yearly": 7.64,
            "eps_growth_yearly": 22.14
        },
        "20144": {
            "year_quarter": 20144,
            "year": 2014,
            "quarter": 4,
            "eps": 2.05,
            "eps_growth_year": -33.25,
            "eps_4q": 7.91,
            "eps_4q_growth_year": -0.86,
            "roe": 5.44,
            "roe_4q": 20.94,
            "gross_profit": 259649,
            "gross_margin": 31.13,
            "gross_margin_4q_avg": 31.65,
            "net_income": 154497,
            "revenue": 834209,
            "common_shares": 748650,
            "book_valuer_per_share": 38.38,
            "book_valuer_per_share_4q_avg": 36.74,
            "equity": 2919816,
            "current_ratio": 216.39,
            "debt_ratio": 19.09,
            "inventory_turnover_ratio": 0.96,
            "account_receivable_turnover_ratio": 1.54,
            "reinvestment_rate": 22.01,
            "research_to_sale_ratio": 5.76,
            "price_fair": 231.09,
            "eps_avg_yearly": 6.6,
            "eps_latest_yearly": 8.2,
            "eps_growth_yearly": 25.78
        },
        "20151": {
            "year_quarter": 20151,
            "year": 2015,
            "quarter": 1,
            "eps": 1.88,
            "eps_growth_year": -9.62,
            "eps_4q": 7.71,
            "eps_4q_growth_year": -11,
            "roe": 4.75,
            "roe_4q": 20.310000000000002,
            "gross_profit": 283518,
            "gross_margin": 31.59,
            "gross_margin_4q_avg": 31.75,
            "net_income": 142060,
            "revenue": 897562,
            "common_shares": 748650,
            "book_valuer_per_share": 40.24,
            "book_valuer_per_share_4q_avg": 37.31,
            "equity": 3060951,
            "current_ratio": 262.6,
            "debt_ratio": 16.75,
            "inventory_turnover_ratio": 1.09,
            "account_receivable_turnover_ratio": 1.62,
            "reinvestment_rate": 19.22,
            "research_to_sale_ratio": 4.82,
            "price_fair": 223.32,
            "eps_avg_yearly": 6.74,
            "eps_latest_yearly": 7.52,
            "eps_growth_yearly": 23.12
        },
        "20152": {
            "year_quarter": 20152,
            "year": 2015,
            "quarter": 2,
            "eps": 1.94,
            "eps_growth_year": 3.19,
            "eps_4q": 7.77,
            "eps_4q_growth_year": -10.32,
            "roe": 5.1,
            "roe_4q": 20.57,
            "gross_profit": 304446,
            "gross_margin": 32.24,
            "gross_margin_4q_avg": 31.75,
            "net_income": 146637,
            "revenue": 944237,
            "common_shares": 748650,
            "book_valuer_per_share": 36.15,
            "book_valuer_per_share_4q_avg": 37.77,
            "equity": 2691012,
            "current_ratio": 155.46,
            "debt_ratio": 29.77,
            "inventory_turnover_ratio": 1.28,
            "account_receivable_turnover_ratio": 1.54,
            "reinvestment_rate": 10.13,
            "research_to_sale_ratio": 5.92,
            "price_fair": 188.56,
            "eps_avg_yearly": 6.82,
            "eps_latest_yearly": 7.76,
            "eps_growth_yearly": 17.67
        },
        "20153": {
            "year_quarter": 20153,
            "year": 2015,
            "quarter": 3,
            "eps": 2.36,
            "eps_growth_year": 23.56,
            "eps_4q": 8.19,
            "eps_4q_growth_year": -8.29,
            "roe": 6.31,
            "roe_4q": 21.6,
            "gross_profit": 250224,
            "gross_margin": 31.25,
            "gross_margin_4q_avg": 31.55,
            "net_income": 176613,
            "revenue": 800633,
            "common_shares": 748650,
            "book_valuer_per_share": 38.88,
            "book_valuer_per_share_4q_avg": 38.41,
            "equity": 2910479,
            "current_ratio": 206.94,
            "debt_ratio": 22.54,
            "inventory_turnover_ratio": 1.16,
            "account_receivable_turnover_ratio": 1.26,
            "reinvestment_rate": 7.63,
            "research_to_sale_ratio": 5.63,
            "price_fair": 231.32,
            "eps_avg_yearly": 6.99,
            "eps_latest_yearly": 9.44,
            "eps_growth_yearly": 23.08
        },
        "20154": {
            "year_quarter": 20154,
            "year": 2015,
            "quarter": 4,
            "eps": 1.95,
            "eps_growth_year": -4.7,
            "eps_4q": 8.11,
            "eps_4q_growth_year": 2.48,
            "roe": 4.91,
            "roe_4q": 21.07,
            "gross_profit": 289854,
            "gross_margin": 32,
            "gross_margin_4q_avg": 31.77,
            "net_income": 146287,
            "revenue": 905866,
            "common_shares": 748650,
            "book_valuer_per_share": 40.76,
            "book_valuer_per_share_4q_avg": 39.01,
            "equity": 3051207,
            "current_ratio": 234.22,
            "debt_ratio": 18.79,
            "inventory_turnover_ratio": 1.37,
            "account_receivable_turnover_ratio": 1.48,
            "reinvestment_rate": 7.21,
            "research_to_sale_ratio": 5.68,
            "price_fair": 234.23,
            "eps_avg_yearly": 7.14,
            "eps_latest_yearly": 7.8,
            "eps_growth_yearly": 22.83
        },
        "20161": {
            "year_quarter": 20161,
            "year": 2016,
            "quarter": 1,
            "eps": 1.93,
            "eps_growth_year": 2.66,
            "eps_4q": 8.17,
            "eps_4q_growth_year": 5.9,
            "roe": 4.62,
            "roe_4q": 20.939999999999998,
            "gross_profit": 319726,
            "gross_margin": 35.1,
            "gross_margin_4q_avg": 32.65,
            "net_income": 144247,
            "revenue": 910773,
            "common_shares": 748650,
            "book_valuer_per_share": 42.68,
            "book_valuer_per_share_4q_avg": 39.62,
            "equity": 3194903,
            "current_ratio": 271.45,
            "debt_ratio": 16.88,
            "inventory_turnover_ratio": 1.39,
            "account_receivable_turnover_ratio": 1.47,
            "reinvestment_rate": 5.3,
            "research_to_sale_ratio": 5.73,
            "price_fair": 256.03,
            "eps_avg_yearly": 7.32,
            "eps_latest_yearly": 7.72,
            "eps_growth_yearly": 25.65
        },
        "20162": {
            "year_quarter": 20162,
            "year": 2016,
            "quarter": 2,
            "eps": 2.12,
            "eps_growth_year": 9.28,
            "eps_4q": 8.36,
            "eps_4q_growth_year": 7.6,
            "roe": 5.13,
            "roe_4q": 20.97,
            "gross_profit": 322593,
            "gross_margin": 35.18,
            "gross_margin_4q_avg": 33.38,
            "net_income": 157946,
            "revenue": 917067,
            "common_shares": 748650,
            "book_valuer_per_share": 38.26,
            "book_valuer_per_share_4q_avg": 40.15,
            "equity": 2965150,
            "current_ratio": 182.28,
            "debt_ratio": 28.72,
            "inventory_turnover_ratio": 1.38,
            "account_receivable_turnover_ratio": 1.51,
            "reinvestment_rate": -5.6,
            "research_to_sale_ratio": 5.96,
            "price_fair": 265.39,
            "eps_avg_yearly": 7.58,
            "eps_latest_yearly": 8.48,
            "eps_growth_yearly": 31.42
        },
        "20163": {
            "year_quarter": 20163,
            "year": 2016,
            "quarter": 3,
            "eps": 1.15,
            "eps_growth_year": -51.27,
            "eps_4q": 7.16,
            "eps_4q_growth_year": -12.65,
            "roe": 2.69,
            "roe_4q": 17.35,
            "gross_profit": 263407,
            "gross_margin": 32.7,
            "gross_margin_4q_avg": 33.75,
            "net_income": 80943,
            "revenue": 805464,
            "common_shares": 748650,
            "book_valuer_per_share": 39.37,
            "book_valuer_per_share_4q_avg": 40.27,
            "equity": 3042658,
            "current_ratio": 220.38,
            "debt_ratio": 22.72,
            "inventory_turnover_ratio": 1.29,
            "account_receivable_turnover_ratio": 1.48,
            "reinvestment_rate": -9.29,
            "research_to_sale_ratio": 6.46,
            "price_fair": 262.22,
            "eps_avg_yearly": 7.65,
            "eps_latest_yearly": 4.6,
            "eps_growth_yearly": 24.27
        },
        "20164": {
            "year_quarter": 20164,
            "year": 2016,
            "quarter": 4,
            "eps": 2.3,
            "eps_growth_year": 17.76,
            "eps_4q": 7.5,
            "eps_4q_growth_year": -7.45,
            "roe": 4.76,
            "roe_4q": 17.2,
            "gross_profit": 288424,
            "gross_margin": 32.45,
            "gross_margin_4q_avg": 33.86,
            "net_income": 148195,
            "revenue": 888736,
            "common_shares": 748650,
            "book_valuer_per_share": 41.59,
            "book_valuer_per_share_4q_avg": 40.48,
            "equity": 3184751,
            "current_ratio": 236.67,
            "debt_ratio": 22.73,
            "inventory_turnover_ratio": 1.43,
            "account_receivable_turnover_ratio": 1.67,
            "reinvestment_rate": -15.84,
            "research_to_sale_ratio": 6.48,
            "price_fair": 276.06,
            "eps_avg_yearly": 7.89,
            "eps_latest_yearly": 9.2,
            "eps_growth_yearly": 35.19
        },
        "20171": {
            "year_quarter": 20171,
            "year": 2017,
            "quarter": 1,
            "eps": 1.21,
            "eps_growth_year": -37.31,
            "eps_4q": 6.79,
            "eps_4q_growth_year": -16.87,
            "roe": 2.63,
            "roe_4q": 15.21,
            "gross_profit": 314229,
            "gross_margin": 34.52,
            "gross_margin_4q_avg": 33.71,
            "net_income": 84700,
            "revenue": 910188,
            "common_shares": 748650,
            "book_valuer_per_share": 42.75,
            "book_valuer_per_share_4q_avg": 40.49,
            "equity": 3265420,
            "current_ratio": 253.89,
            "debt_ratio": 22.71,
            "inventory_turnover_ratio": 1.39,
            "account_receivable_turnover_ratio": 1.64,
            "reinvestment_rate": -2.8,
            "research_to_sale_ratio": 5.97,
            "price_fair": 254.08,
            "eps_avg_yearly": 7.84,
            "eps_latest_yearly": 4.84,
            "eps_growth_yearly": 22.42
        },
        "20172": {
            "year_quarter": 20172,
            "year": 2017,
            "quarter": 2,
            "eps": 2.02,
            "eps_growth_year": -4.72,
            "eps_4q": 6.69,
            "eps_4q_growth_year": -19.99,
            "roe": 4.72,
            "roe_4q": 14.799999999999999,
            "gross_profit": 323980,
            "gross_margin": 33.8,
            "gross_margin_4q_avg": 33.37,
            "net_income": 145760,
            "revenue": 958646,
            "common_shares": 748650,
            "book_valuer_per_share": 38.09,
            "book_valuer_per_share_4q_avg": 40.45,
            "equity": 2911213,
            "current_ratio": 156.85,
            "debt_ratio": 31.17,
            "inventory_turnover_ratio": 1.51,
            "account_receivable_turnover_ratio": 1.66,
            "reinvestment_rate": -3.92,
            "research_to_sale_ratio": 5.83,
            "price_fair": 275.54,
            "eps_avg_yearly": 7.87,
            "eps_latest_yearly": 8.08,
            "eps_growth_yearly": 30.82
        },
        "20173": {
            "year_quarter": 20173,
            "year": 2017,
            "quarter": 3,
            "eps": 1.88,
            "eps_growth_year": 63.48,
            "eps_4q": 7.42,
            "eps_4q_growth_year": 3.71,
            "roe": 4.42,
            "roe_4q": 16.53,
            "gross_profit": 297363,
            "gross_margin": 34.62,
            "gross_margin_4q_avg": 33.85,
            "net_income": 134293,
            "revenue": 858907,
            "common_shares": 748650,
            "book_valuer_per_share": 41.55,
            "book_valuer_per_share_4q_avg": 41,
            "equity": 3163273,
            "current_ratio": 177.39,
            "debt_ratio": 23.73,
            "inventory_turnover_ratio": 1.28,
            "account_receivable_turnover_ratio": 1.43,
            "reinvestment_rate": 3.26,
            "research_to_sale_ratio": 7.09,
            "price_fair": 277.64,
            "eps_avg_yearly": 7.93,
            "eps_latest_yearly": 7.52,
            "eps_growth_yearly": 32.28
        },
        "20174": {
            "year_quarter": 20174,
            "year": 2017,
            "quarter": 4,
            "eps": 1.99,
            "eps_growth_year": -13.39,
            "eps_4q": 7.11,
            "eps_4q_growth_year": -5.19,
            "roe": 4.36,
            "roe_4q": 16.13,
            "gross_profit": 308293,
            "gross_margin": 32.66,
            "gross_margin_4q_avg": 33.9,
            "net_income": 142453,
            "revenue": 943956,
            "common_shares": 748650,
            "book_valuer_per_share": 44.44,
            "book_valuer_per_share_4q_avg": 41.71,
            "equity": 3373373,
            "current_ratio": 166,
            "debt_ratio": 28.3,
            "inventory_turnover_ratio": 1.38,
            "account_receivable_turnover_ratio": 1.68,
            "reinvestment_rate": 29.49,
            "research_to_sale_ratio": 7.57,
            "price_fair": 168.14,
            "eps_avg_yearly": 7.66,
            "eps_latest_yearly": 7.96,
            "eps_growth_yearly": 11.94
        },
        "20181": {
            "year_quarter": 20181,
            "year": 2018,
            "quarter": 1,
            "eps": 1.63,
            "eps_growth_year": 34.71,
            "eps_4q": 7.53,
            "eps_4q_growth_year": 10.96,
            "roe": 3.25,
            "roe_4q": 16.75,
            "gross_profit": 283001,
            "gross_margin": 31.69,
            "gross_margin_4q_avg": 33.19,
            "net_income": 116051,
            "revenue": 893109,
            "common_shares": 748650,
            "book_valuer_per_share": 49.86,
            "book_valuer_per_share_4q_avg": 43.49,
            "equity": 3772645,
            "current_ratio": 222.38,
            "debt_ratio": 23.99,
            "inventory_turnover_ratio": 1.32,
            "account_receivable_turnover_ratio": 1.59,
            "reinvestment_rate": 27.55,
            "research_to_sale_ratio": 6.05,
            "price_fair": 192.39,
            "eps_avg_yearly": 7.55,
            "eps_latest_yearly": 6.52,
            "eps_growth_yearly": 15.48
        },
        "20182": {
            "year_quarter": 20182,
            "year": 2018,
            "quarter": 2,
            "eps": 1.8,
            "eps_growth_year": -10.89,
            "eps_4q": 7.31,
            "eps_4q_growth_year": 9.3,
            "roe": 3.42,
            "roe_4q": 15.450000000000001,
            "gross_profit": 288239,
            "gross_margin": 31.84,
            "gross_margin_4q_avg": 32.7,
            "net_income": 128878,
            "revenue": 905224,
            "common_shares": 748650,
            "book_valuer_per_share": 49.8,
            "book_valuer_per_share_4q_avg": 46.41,
            "equity": 3761989,
            "current_ratio": 154.24,
            "debt_ratio": 31.41,
            "inventory_turnover_ratio": 1.36,
            "account_receivable_turnover_ratio": 1.56,
            "reinvestment_rate": 33.25,
            "research_to_sale_ratio": 6.46,
            "price_fair": 229.62,
            "eps_avg_yearly": 7.53,
            "eps_latest_yearly": 7.2,
            "eps_growth_yearly": 20.49
        },
        "20183": {
            "year_quarter": 20183,
            "year": 2018,
            "quarter": 3,
            "eps": 1.99,
            "eps_growth_year": 5.85,
            "eps_4q": 7.42,
            "eps_4q_growth_year": 0,
            "roe": 3.95,
            "roe_4q": 14.98,
            "gross_profit": 297301,
            "gross_margin": 32.99,
            "gross_margin_4q_avg": 32.3,
            "net_income": 141146,
            "revenue": 901213,
            "common_shares": 748650,
            "book_valuer_per_share": 44.91,
            "book_valuer_per_share_4q_avg": 47.25,
            "equity": 3388065,
            "current_ratio": 194.04,
            "debt_ratio": 29.6,
            "inventory_turnover_ratio": 1.34,
            "account_receivable_turnover_ratio": 1.63,
            "reinvestment_rate": 18.12,
            "research_to_sale_ratio": 7.1,
            "price_fair": 247.14,
            "eps_avg_yearly": 7.55,
            "eps_latest_yearly": 7.96,
            "eps_growth_yearly": 22.73
        },
        "20184": {
            "year_quarter": 20184,
            "year": 2018,
            "quarter": 4,
            "eps": 1.65,
            "eps_growth_year": -17.24,
            "eps_4q": 7.08,
            "eps_4q_growth_year": -0.5,
            "roe": 3.61,
            "roe_4q": 14.23,
            "gross_profit": 292035,
            "gross_margin": 32.56,
            "gross_margin_4q_avg": 32.27,
            "net_income": 119688,
            "revenue": 896945,
            "common_shares": 748650,
            "book_valuer_per_share": 42.94,
            "book_valuer_per_share_4q_avg": 46.88,
            "equity": 3236594,
            "current_ratio": 164.86,
            "debt_ratio": 33.66,
            "inventory_turnover_ratio": 1.23,
            "account_receivable_turnover_ratio": 1.63,
            "reinvestment_rate": 33.77,
            "research_to_sale_ratio": 6.88,
            "price_fair": 198.39,
            "eps_avg_yearly": 7.45,
            "eps_latest_yearly": 6.6,
            "eps_growth_yearly": 16.63
        },
        "20191": {
            "year_quarter": 20191,
            "year": 2019,
            "quarter": 1,
            "eps": 1.34,
            "eps_growth_year": -17.79,
            "eps_4q": 6.78,
            "eps_4q_growth_year": -10.01,
            "roe": 2.79,
            "roe_4q": 13.770000000000001,
            "gross_profit": 247551,
            "gross_margin": 30.62,
            "gross_margin_4q_avg": 32,
            "net_income": 92918,
            "revenue": 808564,
            "common_shares": 748650,
            "book_valuer_per_share": 45.06,
            "book_valuer_per_share_4q_avg": 45.68,
            "equity": 3417681,
            "current_ratio": 159.27,
            "debt_ratio": 37.07,
            "inventory_turnover_ratio": 1.07,
            "account_receivable_turnover_ratio": 1.57,
            "reinvestment_rate": 47.31,
            "research_to_sale_ratio": 7.66,
            "price_fair": 175.61,
            "eps_avg_yearly": 7.32,
            "eps_latest_yearly": 5.36,
            "eps_growth_yearly": 14.01
        },
        "20192": {
            "year_quarter": 20192,
            "year": 2019,
            "quarter": 2,
            "eps": 1.13,
            "eps_growth_year": -37.22,
            "eps_4q": 6.11,
            "eps_4q_growth_year": -16.37,
            "roe": 2.21,
            "roe_4q": 12.559999999999999,
            "gross_profit": 225516,
            "gross_margin": 29.34,
            "gross_margin_4q_avg": 31.38,
            "net_income": 74385,
            "revenue": 768549,
            "common_shares": 748650,
            "book_valuer_per_share": 42.54,
            "book_valuer_per_share_4q_avg": 43.86,
            "equity": 3306233,
            "current_ratio": 149.26,
            "debt_ratio": 39.71,
            "inventory_turnover_ratio": 1.04,
            "account_receivable_turnover_ratio": 1.68,
            "reinvestment_rate": 50.4,
            "research_to_sale_ratio": 8.12,
            "price_fair": 137.2,
            "eps_avg_yearly": 7.11,
            "eps_latest_yearly": 4.52,
            "eps_growth_yearly": 9.29
        },
        "20193": {
            "year_quarter": 20193,
            "year": 2019,
            "quarter": 3,
            "eps": 0.93,
            "eps_growth_year": -53.27,
            "eps_4q": 4.1,
            "eps_4q_growth_year": -44.7,
            "roe": 1.52,
            "roe_4q": 10.129999999999999,
            "gross_profit": 243263,
            "gross_margin": 29.31,
            "gross_margin_4q_avg": 30.46,
            "net_income": 54168,
            "revenue": 830080,
            "common_shares": 748650,
            "book_valuer_per_share": 45.77,
            "book_valuer_per_share_4q_avg": 44.08,
            "equity": 3821148,
            "current_ratio": 199.94,
            "debt_ratio": 36.42,
            "inventory_turnover_ratio": 1.09,
            "account_receivable_turnover_ratio": 1.67,
            "reinvestment_rate": 57.28,
            "research_to_sale_ratio": 9.02,
            "price_fair": 20.27,
            "eps_avg_yearly": 6.76,
            "eps_latest_yearly": 3.72,
            "eps_growth_yearly": -0.55
        },
        "20194": {
            "year_quarter": 20194,
            "year": 2019,
            "quarter": 4,
            "eps": 0.73,
            "eps_growth_year": -55.56,
            "eps_4q": 3.52,
            "eps_4q_growth_year": -50.28,
            "roe": 0.79,
            "roe_4q": 7.31,
            "gross_profit": 287879,
            "gross_margin": 30.22,
            "gross_margin_4q_avg": 29.87,
            "net_income": 35732,
            "revenue": 952709,
            "common_shares": 915130,
            "book_valuer_per_share": 53.46,
            "book_valuer_per_share_4q_avg": 46.71,
            "equity": 5254940,
            "current_ratio": 271.39,
            "debt_ratio": 27.3,
            "inventory_turnover_ratio": 1.19,
            "account_receivable_turnover_ratio": 1.72,
            "reinvestment_rate": 67.06,
            "research_to_sale_ratio": 7.44,
            "price_fair": 19.35,
            "eps_avg_yearly": 6.45,
            "eps_latest_yearly": 2.92,
            "eps_growth_yearly": -1.58
        },
        "20201": {
            "year_quarter": 20201,
            "year": 2020,
            "quarter": 1,
            "eps": 0.8,
            "eps_growth_year": -40.3,
            "eps_4q": 3.23,
            "eps_4q_growth_year": -52.35,
            "roe": 1.26,
            "roe_4q": 5.779999999999999,
            "gross_profit": 251701,
            "gross_margin": 29.36,
            "gross_margin_4q_avg": 29.56,
            "net_income": 63700,
            "revenue": 857363,
            "common_shares": 915130,
            "book_valuer_per_share": 48.93,
            "book_valuer_per_share_4q_avg": 47.68,
            "equity": 4830192,
            "current_ratio": 205.5,
            "debt_ratio": 32.86,
            "inventory_turnover_ratio": 1.06,
            "account_receivable_turnover_ratio": 1.59,
            "reinvestment_rate": 60.94,
            "research_to_sale_ratio": 8.12,
            "price_fair": 68.3,
            "eps_avg_yearly": 6.17,
            "eps_latest_yearly": 3.2,
            "eps_growth_yearly": 1.07
        },
        "20202": {
            "year_quarter": 20202,
            "year": 2020,
            "quarter": 2,
            "eps": -0.3,
            "eps_growth_year": -126.55,
            "eps_4q": 2,
            "eps_4q_growth_year": -67.3,
            "roe": -0.9,
            "roe_4q": 2.67,
            "gross_profit": 122087,
            "gross_margin": 21.53,
            "gross_margin_4q_avg": 27.61,
            "net_income": -43569,
            "revenue": 567145,
            "common_shares": 915130,
            "book_valuer_per_share": 48.97,
            "book_valuer_per_share_4q_avg": 49.28,
            "equity": 4818367,
            "current_ratio": 149,
            "debt_ratio": 33.01,
            "inventory_turnover_ratio": 0.78,
            "account_receivable_turnover_ratio": 1.26,
            "reinvestment_rate": 85.76,
            "research_to_sale_ratio": 13.15,
            "price_fair": 18.04,
            "eps_avg_yearly": 6.01,
            "eps_latest_yearly": 3.2,
            "eps_growth_yearly": -1.48
        },
        "20203": {
            "year_quarter": 20203,
            "year": 2020,
            "quarter": 3,
            "eps": 1.35,
            "eps_growth_year": 45.16,
            "eps_4q": 2.59,
            "eps_4q_growth_year": -36.98,
            "roe": 2.11,
            "roe_4q": 3.26,
            "gross_profit": 169505,
            "gross_margin": 23.44,
            "gross_margin_4q_avg": 26.14,
            "net_income": 103114,
            "revenue": 723015,
            "common_shares": 915130,
            "book_valuer_per_share": 50.62,
            "book_valuer_per_share_4q_avg": 50.5,
            "equity": 4974658,
            "current_ratio": 181.63,
            "debt_ratio": 29.49,
            "inventory_turnover_ratio": 1.1,
            "account_receivable_turnover_ratio": 1.66,
            "reinvestment_rate": 99.07,
            "research_to_sale_ratio": 9.33,
            "price_fair": 131.38,
            "eps_avg_yearly": 6.11,
            "eps_latest_yearly": 3.2,
            "eps_growth_yearly": 11.49
        },
        "20204": {
            "year_quarter": 20204,
            "year": 2020,
            "quarter": 4,
            "eps": 1.23,
            "eps_growth_year": 67.45,
            "eps_4q": 3.08,
            "eps_4q_growth_year": -12.46,
            "roe": 1,
            "roe_4q": 3.4699999999999998,
            "gross_profit": 297253,
            "gross_margin": 32.24,
            "gross_margin_4q_avg": 26.64,
            "net_income": 53630,
            "revenue": 922024,
            "common_shares": 914830,
            "book_valuer_per_share": 59.72,
            "book_valuer_per_share_4q_avg": 52.06,
            "equity": 5746493,
            "current_ratio": 156.84,
            "debt_ratio": 28.49,
            "inventory_turnover_ratio": 1.35,
            "account_receivable_turnover_ratio": 1.69,
            "reinvestment_rate": 151.76,
            "research_to_sale_ratio": 8.07,
            "price_fair": 17.43,
            "eps_avg_yearly": 5.81,
            "eps_latest_yearly": 4.92,
            "eps_growth_yearly": -19.62
        },
        "20211": {
            "year_quarter": 20211,
            "year": 2021,
            "quarter": 1,
            "eps": 1.7,
            "eps_growth_year": 112.5,
            "eps_4q": 3.97,
            "eps_4q_growth_year": 22.85,
            "roe": 2.65,
            "roe_4q": 4.859999999999999,
            "gross_profit": 310981,
            "gross_margin": 31.27,
            "gross_margin_4q_avg": 27.12,
            "net_income": 150225,
            "revenue": 994465,
            "common_shares": 914830,
            "book_valuer_per_share": 58.15,
            "book_valuer_per_share_4q_avg": 54.37,
            "equity": 5598143,
            "current_ratio": 124.19,
            "debt_ratio": 32.19,
            "inventory_turnover_ratio": 1.29,
            "account_receivable_turnover_ratio": 1.57,
            "reinvestment_rate": 129.6,
            "research_to_sale_ratio": 7.52,
            "price_fair": 88.24,
            "eps_avg_yearly": 5.95,
            "eps_latest_yearly": 6.8,
            "eps_growth_yearly": 4.83
        },
        "20212": {
            "year_quarter": 20212,
            "year": 2021,
            "quarter": 2,
            "eps": 1.22,
            "eps_growth_year": null,
            "eps_4q": 5.49,
            "eps_4q_growth_year": 174.59,
            "roe": 1.89,
            "roe_4q": 7.65,
            "gross_profit": 307577,
            "gross_margin": 31.25,
            "gross_margin_4q_avg": 29.55,
            "net_income": 108958,
            "revenue": 984107,
            "common_shares": 914830,
            "book_valuer_per_share": 62.14,
            "book_valuer_per_share_4q_avg": 57.66,
            "equity": 5960681,
            "current_ratio": 115.22,
            "debt_ratio": 30.45,
            "inventory_turnover_ratio": 1.08,
            "account_receivable_turnover_ratio": 1.48,
            "reinvestment_rate": 149.82,
            "research_to_sale_ratio": 8.27,
            "price_fair": 17.16,
            "eps_avg_yearly": 5.72,
            "eps_latest_yearly": 4.88,
            "eps_growth_yearly": -22.36
        },
        "20213": {
            "year_quarter": 20213,
            "year": 2021,
            "quarter": 3,
            "eps": 1.5,
            "eps_growth_year": 11.11,
            "eps_4q": 5.64,
            "eps_4q_growth_year": 117.97,
            "roe": 2.3,
            "roe_4q": 7.84,
            "gross_profit": 260671,
            "gross_margin": 28.58,
            "gross_margin_4q_avg": 30.84,
            "net_income": 136594,
            "revenue": 911995,
            "common_shares": 914570,
            "book_valuer_per_share": 61.66,
            "book_valuer_per_share_4q_avg": 60.42,
            "equity": 5914745,
            "current_ratio": 102.01,
            "debt_ratio": 32.8,
            "inventory_turnover_ratio": 0.95,
            "account_receivable_turnover_ratio": 1.36,
            "reinvestment_rate": 139.65,
            "research_to_sale_ratio": 9.01,
            "price_fair": 16.83,
            "eps_avg_yearly": 5.61,
            "eps_latest_yearly": 6,
            "eps_growth_yearly": -13.82
        },
        "20214": {
            "year_quarter": 20214,
            "year": 2021,
            "quarter": 4,
            "eps": 0.82,
            "eps_growth_year": -33.07,
            "eps_4q": 5.23,
            "eps_4q_growth_year": 69.81,
            "roe": 1.17,
            "roe_4q": 8.01,
            "gross_profit": 252501,
            "gross_margin": 27.89,
            "gross_margin_4q_avg": 29.75,
            "net_income": 72190,
            "revenue": 905341,
            "common_shares": 914570,
            "book_valuer_per_share": 67.55,
            "book_valuer_per_share_4q_avg": 62.38,
            "equity": 6450719,
            "current_ratio": 99.37,
            "debt_ratio": 33.28,
            "inventory_turnover_ratio": 0.91,
            "account_receivable_turnover_ratio": 1.43,
            "reinvestment_rate": 159.31,
            "research_to_sale_ratio": 10.06,
            "price_fair": 15.83,
            "eps_avg_yearly": 5.28,
            "eps_latest_yearly": 3.28,
            "eps_growth_yearly": -28.45
        },
        "20221": {
            "year_quarter": 20221,
            "year": 2022,
            "quarter": 1,
            "eps": 1.64,
            "eps_growth_year": -3.53,
            "eps_4q": 5.18,
            "eps_4q_growth_year": 30.5,
            "roe": 2.47,
            "roe_4q": 7.829999999999999,
            "gross_profit": 260467,
            "gross_margin": 26.26,
            "gross_margin_4q_avg": 28.5,
            "net_income": 150910,
            "revenue": 992039,
            "common_shares": 914570,
            "book_valuer_per_share": 60.01,
            "book_valuer_per_share_4q_avg": 62.84,
            "equity": 5762178,
            "current_ratio": 133.35,
            "debt_ratio": 36.37,
            "inventory_turnover_ratio": 1,
            "account_receivable_turnover_ratio": 1.53,
            "reinvestment_rate": 141.21,
            "research_to_sale_ratio": 9.29,
            "price_fair": 80.75,
            "eps_avg_yearly": 5.28,
            "eps_latest_yearly": 6.56,
            "eps_growth_yearly": 5.29
        },
        "20222": {
            "year_quarter": 20222,
            "year": 2022,
            "quarter": 2,
            "eps": 1.39,
            "eps_growth_year": 13.93,
            "eps_4q": 5.35,
            "eps_4q_growth_year": -2.57,
            "roe": 2.32,
            "roe_4q": 8.26,
            "gross_profit": 261940,
            "gross_margin": 27.37,
            "gross_margin_4q_avg": 27.53,
            "net_income": 130766,
            "revenue": 957051,
            "common_shares": 914570,
            "book_valuer_per_share": 57.01,
            "book_valuer_per_share_4q_avg": 61.56,
            "equity": 5491695,
            "current_ratio": 131.72,
            "debt_ratio": 37.01,
            "inventory_turnover_ratio": 0.91,
            "account_receivable_turnover_ratio": 1.43,
            "reinvestment_rate": 125.16,
            "research_to_sale_ratio": 10.02,
            "price_fair": 15.49,
            "eps_avg_yearly": 5.16,
            "eps_latest_yearly": 5.56,
            "eps_growth_yearly": -2.04
        },
        "20223": {
            "year_quarter": 20223,
            "year": 2022,
            "quarter": 3,
            "eps": 1.92,
            "eps_growth_year": 28,
            "eps_4q": 5.77,
            "eps_4q_growth_year": 2.32,
            "roe": 3.32,
            "roe_4q": 9.28,
            "gross_profit": 321466,
            "gross_margin": 29.15,
            "gross_margin_4q_avg": 27.67,
            "net_income": 183248,
            "revenue": 1102950,
            "common_shares": 914570,
            "book_valuer_per_share": 57.71,
            "book_valuer_per_share_4q_avg": 60.57,
            "equity": 5563755,
            "current_ratio": 135.48,
            "debt_ratio": 36.17,
            "inventory_turnover_ratio": 1.01,
            "account_receivable_turnover_ratio": 1.57,
            "reinvestment_rate": 135.98,
            "research_to_sale_ratio": 9.75,
            "price_fair": 81.45,
            "eps_avg_yearly": 5.14,
            "eps_latest_yearly": 7.68,
            "eps_growth_yearly": 5.84
        },
        "20224": {
            "year_quarter": 20224,
            "year": 2022,
            "quarter": 4,
            "eps": 1.18,
            "eps_growth_year": 43.9,
            "eps_4q": 6.13,
            "eps_4q_growth_year": 17.18,
            "roe": 1.89,
            "roe_4q": 10,
            "gross_profit": 361163,
            "gross_margin": 31.52,
            "gross_margin_4q_avg": 28.58,
            "net_income": 107252,
            "revenue": 1145799,
            "common_shares": 914470,
            "book_valuer_per_share": 60.12,
            "book_valuer_per_share_4q_avg": 58.71,
            "equity": 5782806,
            "current_ratio": 92.21,
            "debt_ratio": 41.4,
            "inventory_turnover_ratio": 1.01,
            "account_receivable_turnover_ratio": 1.44,
            "reinvestment_rate": 171.51,
            "research_to_sale_ratio": 8.92,
            "price_fair": 15.03,
            "eps_avg_yearly": 5.01,
            "eps_latest_yearly": 4.72,
            "eps_growth_yearly": -0.29
        },
        "20231": {
            "year_quarter": 20231,
            "year": 2023,
            "quarter": 1,
            "eps": 1.25,
            "eps_growth_year": -23.78,
            "eps_4q": 5.73,
            "eps_4q_growth_year": 10.73,
            "roe": 2.05,
            "roe_4q": 9.58,
            "gross_profit": 321765,
            "gross_margin": 28.53,
            "gross_margin_4q_avg": 29.14,
            "net_income": 117807,
            "revenue": 1127715,
            "common_shares": 914470,
            "book_valuer_per_share": 59.52,
            "book_valuer_per_share_4q_avg": 58.59,
            "equity": 5731237,
            "current_ratio": 76.12,
            "debt_ratio": 50.28,
            "inventory_turnover_ratio": 0.95,
            "account_receivable_turnover_ratio": 1.47,
            "reinvestment_rate": 249.82,
            "research_to_sale_ratio": 8.92,
            "price_fair": 83.56,
            "eps_avg_yearly": 4.98,
            "eps_latest_yearly": 5,
            "eps_growth_yearly": 6.77
        },
        "20232": {
            "year_quarter": 20232,
            "year": 2023,
            "quarter": 2,
            "eps": 3.69,
            "eps_growth_year": 165.47,
            "eps_4q": 8.04,
            "eps_4q_growth_year": 50.27,
            "roe": 4.83,
            "roe_4q": 12.09,
            "gross_profit": 255719,
            "gross_margin": 19.94,
            "gross_margin_4q_avg": 27.29,
            "net_income": 330507,
            "revenue": 1282280,
            "common_shares": 914470,
            "book_valuer_per_share": 64.82,
            "book_valuer_per_share_4q_avg": 60.54,
            "equity": 7948348,
            "current_ratio": 112.97,
            "debt_ratio": 46.35,
            "inventory_turnover_ratio": 0.99,
            "account_receivable_turnover_ratio": 1.56,
            "reinvestment_rate": 203.8,
            "research_to_sale_ratio": 8.83,
            "price_fair": 200,
            "eps_avg_yearly": 5.71,
            "eps_latest_yearly": 14.76,
            "eps_growth_yearly": 67.02
        }
    },
    "months": {
        "2005-03": {
            "month": "2005-03",
            "price": "64.89",
            "revenue": 81889
        },
        "2005-04": {
            "month": "2005-04",
            "price": "66.16",
            "revenue": 80026
        },
        "2005-05": {
            "month": "2005-05",
            "price": "66.75",
            "revenue": 97999
        },
        "2005-06": {
            "month": "2005-06",
            "price": "67.63",
            "revenue": 86252
        },
        "2005-07": {
            "month": "2005-07",
            "price": "72.17",
            "revenue": 69821
        },
        "2005-08": {
            "month": "2005-08",
            "price": "69.66",
            "revenue": 55004
        },
        "2005-09": {
            "month": "2005-09",
            "price": "68.69",
            "revenue": 83565
        },
        "2005-10": {
            "month": "2005-10",
            "price": "69.25",
            "revenue": 75402
        },
        "2005-11": {
            "month": "2005-11",
            "price": "68.55",
            "revenue": 86810
        },
        "2005-12": {
            "month": "2005-12",
            "price": "90.08",
            "revenue": 82462
        },
        "2006-01": {
            "month": "2006-01",
            "price": "103.10",
            "revenue": 108521
        },
        "2006-02": {
            "month": "2006-02",
            "price": "123.88",
            "revenue": 81725
        },
        "2006-03": {
            "month": "2006-03",
            "price": "132.83",
            "revenue": 136425
        },
        "2006-04": {
            "month": "2006-04",
            "price": "169.12",
            "revenue": 105545
        },
        "2006-05": {
            "month": "2006-05",
            "price": "150.17",
            "revenue": 118182
        },
        "2006-06": {
            "month": "2006-06",
            "price": "125.23",
            "revenue": 122868
        },
        "2006-07": {
            "month": "2006-07",
            "price": "121.98",
            "revenue": 115759
        },
        "2006-08": {
            "month": "2006-08",
            "price": "121.78",
            "revenue": 122517
        },
        "2006-09": {
            "month": "2006-09",
            "price": "137.86",
            "revenue": 110740
        },
        "2006-10": {
            "month": "2006-10",
            "price": "138.48",
            "revenue": 112725
        },
        "2006-11": {
            "month": "2006-11",
            "price": "135.36",
            "revenue": 116968
        },
        "2006-12": {
            "month": "2006-12",
            "price": "157.26",
            "revenue": 101645
        },
        "2007-01": {
            "month": "2007-01",
            "price": "164.45",
            "revenue": 128285
        },
        "2007-02": {
            "month": "2007-02",
            "price": "164.25",
            "revenue": 112352
        },
        "2007-03": {
            "month": "2007-03",
            "price": "204.26",
            "revenue": 145296
        },
        "2007-04": {
            "month": "2007-04",
            "price": "216.38",
            "revenue": 139705
        },
        "2007-05": {
            "month": "2007-05",
            "price": "209.57",
            "revenue": 147307
        },
        "2007-06": {
            "month": "2007-06",
            "price": "298.62",
            "revenue": 124210
        },
        "2007-07": {
            "month": "2007-07",
            "price": "296.77",
            "revenue": 105840
        },
        "2007-08": {
            "month": "2007-08",
            "price": "243.74",
            "revenue": 93033
        },
        "2007-09": {
            "month": "2007-09",
            "price": "217.75",
            "revenue": 134661
        },
        "2007-10": {
            "month": "2007-10",
            "price": "220.80",
            "revenue": 133386
        },
        "2007-11": {
            "month": "2007-11",
            "price": "168.68",
            "revenue": 129576
        },
        "2007-12": {
            "month": "2007-12",
            "price": "150.90",
            "revenue": 105024
        },
        "2008-01": {
            "month": "2008-01",
            "price": "146.36",
            "revenue": 130151
        },
        "2008-02": {
            "month": "2008-02",
            "price": "151.29",
            "revenue": 134416
        },
        "2008-03": {
            "month": "2008-03",
            "price": "171.95",
            "revenue": 135841
        },
        "2008-04": {
            "month": "2008-04",
            "price": "172.62",
            "revenue": 130247
        },
        "2008-05": {
            "month": "2008-05",
            "price": "152.52",
            "revenue": 156257
        },
        "2008-06": {
            "month": "2008-06",
            "price": "127.16",
            "revenue": 124086
        },
        "2008-07": {
            "month": "2008-07",
            "price": "95.60",
            "revenue": 136986
        },
        "2008-08": {
            "month": "2008-08",
            "price": "94.92",
            "revenue": 92468
        },
        "2008-09": {
            "month": "2008-09",
            "price": "78.61",
            "revenue": 107504
        },
        "2008-10": {
            "month": "2008-10",
            "price": "73.74",
            "revenue": 109082
        },
        "2008-11": {
            "month": "2008-11",
            "price": "59.68",
            "revenue": 77613
        },
        "2008-12": {
            "month": "2008-12",
            "price": "45.56",
            "revenue": 64983
        },
        "2009-01": {
            "month": "2009-01",
            "price": "39.05",
            "revenue": 68950
        },
        "2009-02": {
            "month": "2009-02",
            "price": "41.12",
            "revenue": 86475
        },
        "2009-03": {
            "month": "2009-03",
            "price": "53.24",
            "revenue": 130197
        },
        "2009-04": {
            "month": "2009-04",
            "price": "70.61",
            "revenue": 132434
        },
        "2009-05": {
            "month": "2009-05",
            "price": "85.91",
            "revenue": 132094
        },
        "2009-06": {
            "month": "2009-06",
            "price": "76.97",
            "revenue": 132019
        },
        "2009-07": {
            "month": "2009-07",
            "price": "82.33",
            "revenue": 145465
        },
        "2009-08": {
            "month": "2009-08",
            "price": "103.94",
            "revenue": 106733
        },
        "2009-09": {
            "month": "2009-09",
            "price": "115.14",
            "revenue": 168184
        },
        "2009-10": {
            "month": "2009-10",
            "price": "142.86",
            "revenue": 164900
        },
        "2009-11": {
            "month": "2009-11",
            "price": "139.83",
            "revenue": 154431
        },
        "2009-12": {
            "month": "2009-12",
            "price": "149.07",
            "revenue": 172719
        },
        "2010-01": {
            "month": "2010-01",
            "price": "149.92",
            "revenue": 163556
        },
        "2010-02": {
            "month": "2010-02",
            "price": "138.39",
            "revenue": 171196
        },
        "2010-03": {
            "month": "2010-03",
            "price": "163.59",
            "revenue": 205578
        },
        "2010-04": {
            "month": "2010-04",
            "price": "170.98",
            "revenue": 199457
        },
        "2010-05": {
            "month": "2010-05",
            "price": "152.76",
            "revenue": 188214
        },
        "2010-06": {
            "month": "2010-06",
            "price": "146.60",
            "revenue": 197120
        },
        "2010-07": {
            "month": "2010-07",
            "price": "149.93",
            "revenue": 202014
        },
        "2010-08": {
            "month": "2010-08",
            "price": "149.34",
            "revenue": 151036
        },
        "2010-09": {
            "month": "2010-09",
            "price": "143.02",
            "revenue": 191903
        },
        "2010-10": {
            "month": "2010-10",
            "price": "148.21",
            "revenue": 213764
        },
        "2010-11": {
            "month": "2010-11",
            "price": "131.43",
            "revenue": 225717
        },
        "2010-12": {
            "month": "2010-12",
            "price": "131.87",
            "revenue": 206179
        },
        "2011-01": {
            "month": "2011-01",
            "price": "130.12",
            "revenue": 201024
        },
        "2011-02": {
            "month": "2011-02",
            "price": "130.04",
            "revenue": 183680
        },
        "2011-03": {
            "month": "2011-03",
            "price": "127.28",
            "revenue": 234454
        },
        "2011-04": {
            "month": "2011-04",
            "price": "128.66",
            "revenue": 250951
        },
        "2011-05": {
            "month": "2011-05",
            "price": "129.21",
            "revenue": 253956
        },
        "2011-06": {
            "month": "2011-06",
            "price": "125.79",
            "revenue": 246989
        },
        "2011-07": {
            "month": "2011-07",
            "price": "115.60",
            "revenue": 225925
        },
        "2011-08": {
            "month": "2011-08",
            "price": "86.97",
            "revenue": 232946
        },
        "2011-09": {
            "month": "2011-09",
            "price": "78.74",
            "revenue": 262392
        },
        "2011-10": {
            "month": "2011-10",
            "price": "84.16",
            "revenue": 249422
        },
        "2011-11": {
            "month": "2011-11",
            "price": "83.35",
            "revenue": 266747
        },
        "2011-12": {
            "month": "2011-12",
            "price": "80.60",
            "revenue": 223490
        },
        "2012-01": {
            "month": "2012-01",
            "price": "86.35",
            "revenue": 247917
        },
        "2012-02": {
            "month": "2012-02",
            "price": "110.42",
            "revenue": 251446
        },
        "2012-03": {
            "month": "2012-03",
            "price": "108.57",
            "revenue": 261245
        },
        "2012-04": {
            "month": "2012-04",
            "price": "91.02",
            "revenue": 257575
        },
        "2012-05": {
            "month": "2012-05",
            "price": "82.58",
            "revenue": 257078
        },
        "2012-06": {
            "month": "2012-06",
            "price": "80.50",
            "revenue": 245662
        },
        "2012-07": {
            "month": "2012-07",
            "price": "82.60",
            "revenue": 227773
        },
        "2012-08": {
            "month": "2012-08",
            "price": "76.22",
            "revenue": 230577
        },
        "2012-09": {
            "month": "2012-09",
            "price": "72.90",
            "revenue": 226629
        },
        "2012-10": {
            "month": "2012-10",
            "price": "68.80",
            "revenue": 245044
        },
        "2012-11": {
            "month": "2012-11",
            "price": "66.74",
            "revenue": 261056
        },
        "2012-12": {
            "month": "2012-12",
            "price": "68.03",
            "revenue": 236626
        },
        "2013-01": {
            "month": "2013-01",
            "price": "69.20",
            "revenue": 281127
        },
        "2013-02": {
            "month": "2013-02",
            "price": "74.98",
            "revenue": 224239
        },
        "2013-03": {
            "month": "2013-03",
            "price": "80.82",
            "revenue": 285549
        },
        "2013-04": {
            "month": "2013-04",
            "price": "87.31",
            "revenue": 305790
        },
        "2013-05": {
            "month": "2013-05",
            "price": "88.47",
            "revenue": 310770
        },
        "2013-06": {
            "month": "2013-06",
            "price": "99.54",
            "revenue": 265883
        },
        "2013-07": {
            "month": "2013-07",
            "price": "108.96",
            "revenue": 283157
        },
        "2013-08": {
            "month": "2013-08",
            "price": "115.21",
            "revenue": 269250
        },
        "2013-09": {
            "month": "2013-09",
            "price": "116.65",
            "revenue": 252054
        },
        "2013-10": {
            "month": "2013-10",
            "price": "122.57",
            "revenue": 282879
        },
        "2013-11": {
            "month": "2013-11",
            "price": "118.79",
            "revenue": 275120
        },
        "2013-12": {
            "month": "2013-12",
            "price": "117.16",
            "revenue": 251630
        },
        "2014-01": {
            "month": "2014-01",
            "price": "108.67",
            "revenue": 304769
        },
        "2014-02": {
            "month": "2014-02",
            "price": "118.53",
            "revenue": 276774
        },
        "2014-03": {
            "month": "2014-03",
            "price": "132.90",
            "revenue": 303706
        },
        "2014-04": {
            "month": "2014-04",
            "price": "130.57",
            "revenue": 319555
        },
        "2014-05": {
            "month": "2014-05",
            "price": "131.79",
            "revenue": 310742
        },
        "2014-06": {
            "month": "2014-06",
            "price": "130.40",
            "revenue": 268064
        },
        "2014-07": {
            "month": "2014-07",
            "price": "120.23",
            "revenue": 302700
        },
        "2014-08": {
            "month": "2014-08",
            "price": "114.40",
            "revenue": 272562
        },
        "2014-09": {
            "month": "2014-09",
            "price": "117.52",
            "revenue": 285897
        },
        "2014-10": {
            "month": "2014-10",
            "price": "114.50",
            "revenue": 299964
        },
        "2014-11": {
            "month": "2014-11",
            "price": "108.50",
            "revenue": 270535
        },
        "2014-12": {
            "month": "2014-12",
            "price": "112.29",
            "revenue": 263843
        },
        "2015-01": {
            "month": "2015-01",
            "price": "109.45",
            "revenue": 304121
        },
        "2015-02": {
            "month": "2015-02",
            "price": "114.85",
            "revenue": 281339
        },
        "2015-03": {
            "month": "2015-03",
            "price": "122.45",
            "revenue": 312098
        },
        "2015-04": {
            "month": "2015-04",
            "price": "121.32",
            "revenue": 329019
        },
        "2015-05": {
            "month": "2015-05",
            "price": "119.85",
            "revenue": 320145
        },
        "2015-06": {
            "month": "2015-06",
            "price": "119.38",
            "revenue": 295077
        },
        "2015-07": {
            "month": "2015-07",
            "price": "105.02",
            "revenue": 278283
        },
        "2015-08": {
            "month": "2015-08",
            "price": "93.53",
            "revenue": 245375
        },
        "2015-09": {
            "month": "2015-09",
            "price": "94.24",
            "revenue": 276975
        },
        "2015-10": {
            "month": "2015-10",
            "price": "105.90",
            "revenue": 297769
        },
        "2015-11": {
            "month": "2015-11",
            "price": "110.48",
            "revenue": 309179
        },
        "2015-12": {
            "month": "2015-12",
            "price": "117.59",
            "revenue": 298918
        },
        "2016-01": {
            "month": "2016-01",
            "price": "111.83",
            "revenue": 319145
        },
        "2016-02": {
            "month": "2016-02",
            "price": "126.77",
            "revenue": 275475
        },
        "2016-03": {
            "month": "2016-03",
            "price": "129.98",
            "revenue": 316153
        },
        "2016-04": {
            "month": "2016-04",
            "price": "133.13",
            "revenue": 310787
        },
        "2016-05": {
            "month": "2016-05",
            "price": "122.74",
            "revenue": 312257
        },
        "2016-06": {
            "month": "2016-06",
            "price": "122.90",
            "revenue": 295302
        },
        "2016-07": {
            "month": "2016-07",
            "price": "119.65",
            "revenue": 272519
        },
        "2016-08": {
            "month": "2016-08",
            "price": "112.70",
            "revenue": 254179
        },
        "2016-09": {
            "month": "2016-09",
            "price": "112.55",
            "revenue": 283019
        },
        "2016-10": {
            "month": "2016-10",
            "price": "110.08",
            "revenue": 284878
        },
        "2016-11": {
            "month": "2016-11",
            "price": "99.03",
            "revenue": 310000
        },
        "2016-12": {
            "month": "2016-12",
            "price": "99.85",
            "revenue": 292511
        },
        "2017-01": {
            "month": "2017-01",
            "price": "104.44",
            "revenue": 293247
        },
        "2017-02": {
            "month": "2017-02",
            "price": "108.28",
            "revenue": 291406
        },
        "2017-03": {
            "month": "2017-03",
            "price": "109.02",
            "revenue": 325936
        },
        "2017-04": {
            "month": "2017-04",
            "price": "106.72",
            "revenue": 325710
        },
        "2017-05": {
            "month": "2017-05",
            "price": "110.62",
            "revenue": 317112
        },
        "2017-06": {
            "month": "2017-06",
            "price": "117.13",
            "revenue": 312924
        },
        "2017-07": {
            "month": "2017-07",
            "price": "107.90",
            "revenue": 278931
        },
        "2017-08": {
            "month": "2017-08",
            "price": "104.41",
            "revenue": 277230
        },
        "2017-09": {
            "month": "2017-09",
            "price": "103.30",
            "revenue": 303106
        },
        "2017-10": {
            "month": "2017-10",
            "price": "108.05",
            "revenue": 326743
        },
        "2017-11": {
            "month": "2017-11",
            "price": "115.14",
            "revenue": 335817
        },
        "2017-12": {
            "month": "2017-12",
            "price": "115.02",
            "revenue": 281163
        },
        "2018-01": {
            "month": "2018-01",
            "price": "112.20",
            "revenue": 310849
        },
        "2018-02": {
            "month": "2018-02",
            "price": "109.12",
            "revenue": 267779
        },
        "2018-03": {
            "month": "2018-03",
            "price": "107.65",
            "revenue": 314481
        },
        "2018-04": {
            "month": "2018-04",
            "price": "104.19",
            "revenue": 294913
        },
        "2018-05": {
            "month": "2018-05",
            "price": "101.62",
            "revenue": 294727
        },
        "2018-06": {
            "month": "2018-06",
            "price": "110.08",
            "revenue": 315472
        },
        "2018-07": {
            "month": "2018-07",
            "price": "102.89",
            "revenue": 302704
        },
        "2018-08": {
            "month": "2018-08",
            "price": "99.54",
            "revenue": 305876
        },
        "2018-09": {
            "month": "2018-09",
            "price": "98.31",
            "revenue": 291782
        },
        "2018-10": {
            "month": "2018-10",
            "price": "93.26",
            "revenue": 323204
        },
        "2018-11": {
            "month": "2018-11",
            "price": "94.61",
            "revenue": 310712
        },
        "2018-12": {
            "month": "2018-12",
            "price": "95.32",
            "revenue": 262439
        },
        "2019-01": {
            "month": "2019-01",
            "price": "101.40",
            "revenue": 283525
        },
        "2019-02": {
            "month": "2019-02",
            "price": "114.92",
            "revenue": 239673
        },
        "2019-03": {
            "month": "2019-03",
            "price": "115.22",
            "revenue": 285244
        },
        "2019-04": {
            "month": "2019-04",
            "price": "109.25",
            "revenue": 248531
        },
        "2019-05": {
            "month": "2019-05",
            "price": "101.70",
            "revenue": 264587
        },
        "2019-06": {
            "month": "2019-06",
            "price": "96.76",
            "revenue": 252623
        },
        "2019-07": {
            "month": "2019-07",
            "price": "96.35",
            "revenue": 290055
        },
        "2019-08": {
            "month": "2019-08",
            "price": "95.09",
            "revenue": 252055
        },
        "2019-09": {
            "month": "2019-09",
            "price": "92.16",
            "revenue": 288572
        },
        "2019-10": {
            "month": "2019-10",
            "price": "91.49",
            "revenue": 327555
        },
        "2019-11": {
            "month": "2019-11",
            "price": "93.48",
            "revenue": 326632
        },
        "2019-12": {
            "month": "2019-12",
            "price": "95.16",
            "revenue": 298171
        },
        "2020-01": {
            "month": "2020-01",
            "price": "97.81",
            "revenue": 289232
        },
        "2020-02": {
            "month": "2020-02",
            "price": "100.93",
            "revenue": 276404
        },
        "2020-03": {
            "month": "2020-03",
            "price": "84.44",
            "revenue": 291610
        },
        "2020-04": {
            "month": "2020-04",
            "price": "82.56",
            "revenue": 188947
        },
        "2020-05": {
            "month": "2020-05",
            "price": "84.66",
            "revenue": 176041
        },
        "2020-06": {
            "month": "2020-06",
            "price": "86.78",
            "revenue": 202097
        },
        "2020-07": {
            "month": "2020-07",
            "price": "83.50",
            "revenue": 187990
        },
        "2020-08": {
            "month": "2020-08",
            "price": "80.90",
            "revenue": 204389
        },
        "2020-09": {
            "month": "2020-09",
            "price": "83.05",
            "revenue": 330447
        },
        "2020-10": {
            "month": "2020-10",
            "price": "86.53",
            "revenue": 305902
        },
        "2020-11": {
            "month": "2020-11",
            "price": "94.63",
            "revenue": 298532
        },
        "2020-12": {
            "month": "2020-12",
            "price": "111.74",
            "revenue": 327037
        },
        "2021-01": {
            "month": "2021-01",
            "price": "121.92",
            "revenue": 357456
        },
        "2021-02": {
            "month": "2021-02",
            "price": "120.81",
            "revenue": 263977
        },
        "2021-03": {
            "month": "2021-03",
            "price": "117.75",
            "revenue": 380014
        },
        "2021-04": {
            "month": "2021-04",
            "price": "124.16",
            "revenue": 302588
        },
        "2021-05": {
            "month": "2021-05",
            "price": "110.04",
            "revenue": 326641
        },
        "2021-06": {
            "month": "2021-06",
            "price": "128.52",
            "revenue": 347723
        },
        "2021-07": {
            "month": "2021-07",
            "price": "217.55",
            "revenue": 346394
        },
        "2021-08": {
            "month": "2021-08",
            "price": "215.91",
            "revenue": 256303
        },
        "2021-09": {
            "month": "2021-09",
            "price": "203.00",
            "revenue": 309013
        },
        "2021-10": {
            "month": "2021-10",
            "price": "224.65",
            "revenue": 301077
        },
        "2021-11": {
            "month": "2021-11",
            "price": "253.73",
            "revenue": 278565
        },
        "2021-12": {
            "month": "2021-12",
            "price": "233.84",
            "revenue": 329004
        },
        "2022-01": {
            "month": "2022-01",
            "price": "221.17",
            "revenue": 332855
        },
        "2022-02": {
            "month": "2022-02",
            "price": "226.27",
            "revenue": 301203
        },
        "2022-03": {
            "month": "2022-03",
            "price": "226.85",
            "revenue": 358345
        },
        "2022-04": {
            "month": "2022-04",
            "price": "202.03",
            "revenue": 278683
        },
        "2022-05": {
            "month": "2022-05",
            "price": "165.31",
            "revenue": 322647
        },
        "2022-06": {
            "month": "2022-06",
            "price": "165.19",
            "revenue": 356347
        },
        "2022-07": {
            "month": "2022-07",
            "price": "150.86",
            "revenue": 387340
        },
        "2022-08": {
            "month": "2022-08",
            "price": "180.24",
            "revenue": 346593
        },
        "2022-09": {
            "month": "2022-09",
            "price": "172.74",
            "revenue": 368937
        },
        "2022-10": {
            "month": "2022-10",
            "price": "142.48",
            "revenue": 372724
        },
        "2022-11": {
            "month": "2022-11",
            "price": "152.84",
            "revenue": 397434
        },
        "2022-12": {
            "month": "2022-12",
            "price": "165.25",
            "revenue": 375663
        },
        "2023-01": {
            "month": "2023-01",
            "price": "159.81",
            "revenue": 353266
        },
        "2023-02": {
            "month": "2023-02",
            "price": "174.44",
            "revenue": 337806
        },
        "2023-03": {
            "month": "2023-03",
            "price": "174.61",
            "revenue": 436830
        },
        "2023-04": {
            "month": "2023-04",
            "price": "185.41",
            "revenue": 334247
        },
        "2023-05": {
            "month": "2023-05",
            "price": "171.41",
            "revenue": 407394
        },
        "2023-06": {
            "month": "2023-06",
            "price": "178.48",
            "revenue": 538769
        },
        "2023-07": {
            "month": "2023-07",
            "price": "180.60",
            "revenue": 568482
        },
        "2023-08": {
            "month": "2023-08",
            "price": "169.55",
            "revenue": 513052
        }
    }
}
