{
    "summary": {
        "stock_name": "富鼎",
        "stock_id": "8261",
        "category": "半導體",
        "main_business": "電子零組件製造業<br>電子元件設計<br>電子元件等電子測試服務",
        "website_url": "http://www.a-power.com.tw",
        "ceo": "張嘉帥",
        "pe_ratio": 31,
        "report_year_from": 2001,
        "report_year_to": 2023,
        "age": 23,
        "eps_negative_percentage": 14,
        "eps_growth_avg": {
            "last_all": -0.03,
            "last_2y": 15.74,
            "last_4y": 15.98,
            "last_8y": 15.41,
            "last_12y": 3.87,
            "last_16y": 0.96,
            "last_20y": null,
            "at_2006_last_3y": null,
            "at_2007_last_3y": 0.17,
            "at_2008_last_3y": -15.03,
            "at_2009_last_3y": -9.31,
            "at_2010_last_3y": -6.31,
            "at_2011_last_3y": -34.98,
            "at_2012_last_3y": -29.58,
            "at_2013_last_3y": -66.22,
            "at_2014_last_3y": -100,
            "at_2015_last_3y": -39,
            "at_2016_last_3y": 1.81,
            "at_2017_last_3y": -13.73,
            "at_2018_last_3y": 14.7,
            "at_2019_last_3y": 7.62,
            "at_2020_last_3y": 21.96,
            "at_2021_last_3y": 58.17,
            "at_2022_last_3y": 37.47,
            "at_2023_last_3y": 36.8,
            "at_2024_last_3y": 36.8,
            "at_2006_last_all": -4.67,
            "at_2007_last_all": 0.17,
            "at_2008_last_all": -10.1,
            "at_2009_last_all": -1.14,
            "at_2010_last_all": -5.61,
            "at_2011_last_all": -17.41,
            "at_2012_last_all": -17.41,
            "at_2013_last_all": -17.41,
            "at_2014_last_all": -17.41,
            "at_2015_last_all": -19.81,
            "at_2016_last_all": -13.56,
            "at_2017_last_all": -16.41,
            "at_2018_last_all": -6.71,
            "at_2019_last_all": -11.37,
            "at_2020_last_all": -3.41,
            "at_2021_last_all": 3.48,
            "at_2022_last_all": 4.34,
            "at_2023_last_all": -0.03,
            "at_2024_last_all": -0.03
        },
        "latest_eps": 2.8,
        "latest_price": 86.4,
        "latest_roe": 6.11,
        "latest_gross_margin": 29.83,
        "latest_equity": 5310921,
        "latest_revenue": 687131,
        "latest_gross_profit": 204974,
        "latest_net_income": 68276,
        "latest_debt_ratio": 9.95,
        "latest_current_ratio": 752.38,
        "latest_account_receivable_turnover_ratio": 0.79,
        "latest_inventory_turnover_ratio": 0.66,
        "latest_reinvestment_rate": 18.51,
        "latest_research_to_sale_ratio": 5.9
    },
    "eps_dividends": {
        "2001": {
            "cash": 0,
            "stock": 0,
            "eps": 0
        },
        "2002": {
            "cash": 0,
            "stock": 0,
            "eps": 0
        },
        "2003": {
            "cash": 0,
            "stock": 0.6,
            "eps": 2.5
        },
        "2004": {
            "cash": 0,
            "stock": 1.5,
            "eps": 2.74
        },
        "2005": {
            "cash": 0.6,
            "stock": 1.29,
            "eps": 3.31
        },
        "2006": {
            "cash": 0.6,
            "stock": 1.5,
            "eps": 1.84
        },
        "2007": {
            "cash": 0.55,
            "stock": 0.8,
            "eps": 2.11
        },
        "2008": {
            "cash": 0.71,
            "stock": 0.76,
            "eps": 1.03
        },
        "2009": {
            "cash": 0.5,
            "stock": 0.4,
            "eps": 1.48
        },
        "2010": {
            "cash": 1,
            "stock": 0.3,
            "eps": 1
        },
        "2011": {
            "cash": 0.7,
            "stock": 0,
            "eps": -0.81
        },
        "2012": {
            "cash": 0,
            "stock": 0,
            "eps": -1.43
        },
        "2013": {
            "cash": 0,
            "stock": 0,
            "eps": -0.71
        },
        "2014": {
            "cash": 0,
            "stock": 0,
            "eps": 1
        },
        "2015": {
            "cash": 0.4,
            "stock": 0,
            "eps": 0.61
        },
        "2016": {
            "cash": 1,
            "stock": 0,
            "eps": 0.87
        },
        "2017": {
            "cash": 0.7,
            "stock": 0,
            "eps": 0.48
        },
        "2018": {
            "cash": 0.45,
            "stock": 0,
            "eps": 2.05
        },
        "2019": {
            "cash": 1,
            "stock": 0,
            "eps": 0.67
        },
        "2020": {
            "cash": 0.5,
            "stock": 0,
            "eps": 2.44
        },
        "2021": {
            "cash": 1,
            "stock": 0,
            "eps": 8.02
        },
        "2022": {
            "cash": 6,
            "stock": 0,
            "eps": 9.4
        },
        "2023": {
            "cash": 5,
            "stock": 0,
            "eps": 2.82
        },
        "2024": {
            "cash": 2.5,
            "stock": 0,
            "eps": 0
        }
    },
    "dividends": {
        "2003-04-08": {
            "cash": 0,
            "stock": 0.6
        },
        "2004-03-29": {
            "cash": 0,
            "stock": 1.5
        },
        "2005-03-23": {
            "cash": 0.6,
            "stock": 1.29
        },
        "2006-04-25": {
            "cash": 0.6,
            "stock": 1.5
        },
        "2007-06-21": {
            "cash": 0.55,
            "stock": 0.8
        },
        "2008-04-24": {
            "cash": 0.71,
            "stock": 0.76
        },
        "2009-04-28": {
            "cash": 0.5,
            "stock": 0.4
        },
        "2010-04-27": {
            "cash": 1,
            "stock": 0.3
        },
        "2011-04-28": {
            "cash": 0.7,
            "stock": 0
        },
        "2015-08-04": {
            "cash": 0.4,
            "stock": 0
        },
        "2016-08-05": {
            "cash": 1,
            "stock": 0
        },
        "2017-06-28": {
            "cash": 0.7,
            "stock": 0
        },
        "2018-07-16": {
            "cash": 0.45,
            "stock": 0
        },
        "2019-10-07": {
            "cash": 1,
            "stock": 0
        },
        "2020-10-08": {
            "cash": 0.5,
            "stock": 0
        },
        "2021-10-08": {
            "cash": 1,
            "stock": 0
        },
        "2022-06-20": {
            "cash": 6,
            "stock": 0
        },
        "2023-07-25": {
            "cash": 5,
            "stock": 0
        },
        "2024-02-29": {
            "cash": 2.5,
            "stock": 0
        }
    },
    "prices": {
        "200101": "無",
        "200102": "無",
        "200103": "無",
        "200104": "無",
        "200105": "無",
        "200106": "無",
        "200107": "無",
        "200108": "無",
        "200109": "無",
        "200110": "無",
        "200111": "無",
        "200112": "無",
        "200201": "無",
        "200202": "無",
        "200203": "無",
        "200204": "無",
        "200205": "無",
        "200206": "無",
        "200207": "無",
        "200208": "無",
        "200209": "無",
        "200210": "無",
        "200211": "無",
        "200212": "無",
        "200301": "無",
        "200302": "無",
        "200303": "無",
        "200304": "無",
        "200305": "無",
        "200306": "無",
        "200307": "無",
        "200308": "無",
        "200309": "無",
        "200310": "38.67",
        "200311": "42.93",
        "200312": "44.70",
        "200401": "52.77",
        "200402": "61.02",
        "200403": "63.02",
        "200404": "48.47",
        "200405": "40.70",
        "200406": "36.34",
        "200407": "29.48",
        "200408": "26.31",
        "200409": "24.79",
        "200410": "22.00",
        "200411": "20.82",
        "200412": "19.95",
        "200501": "19.22",
        "200502": "23.37",
        "200503": "26.42",
        "200504": "26.87",
        "200505": "23.26",
        "200506": "27.42",
        "200507": "30.21",
        "200508": "27.78",
        "200509": "29.97",
        "200510": "30.97",
        "200511": "34.04",
        "200512": "41.96",
        "200601": "44.66",
        "200602": "38.84",
        "200603": "36.66",
        "200604": "38.70",
        "200605": "36.64",
        "200606": "27.82",
        "200607": "30.44",
        "200608": "31.51",
        "200609": "36.00",
        "200610": "31.72",
        "200611": "32.53",
        "200612": "40.52",
        "200701": "43.00",
        "200702": "39.61",
        "200703": "41.27",
        "200704": "46.22",
        "200705": "49.57",
        "200706": "58.65",
        "200707": "75.04",
        "200708": "57.61",
        "200709": "55.52",
        "200710": "49.24",
        "200711": "37.72",
        "200712": "36.50",
        "200801": "38.28",
        "200802": "36.47",
        "200803": "36.15",
        "200804": "35.80",
        "200805": "33.01",
        "200806": "25.20",
        "200807": "21.87",
        "200808": "23.42",
        "200809": "15.46",
        "200810": "11.67",
        "200811": "10.40",
        "200812": "11.89",
        "200901": "13.53",
        "200902": "15.20",
        "200903": "20.93",
        "200904": "26.70",
        "200905": "32.32",
        "200906": "27.44",
        "200907": "30.49",
        "200908": "30.60",
        "200909": "30.15",
        "200910": "31.56",
        "200911": "33.03",
        "200912": "39.37",
        "201001": "41.03",
        "201002": "38.89",
        "201003": "40.22",
        "201004": "39.68",
        "201005": "32.70",
        "201006": "32.28",
        "201007": "35.40",
        "201008": "36.69",
        "201009": "34.45",
        "201010": "31.84",
        "201011": "28.65",
        "201012": "30.17",
        "201101": "29.40",
        "201102": "27.34",
        "201103": "24.52",
        "201104": "23.07",
        "201105": "22.22",
        "201106": "19.77",
        "201107": "16.50",
        "201108": "14.80",
        "201109": "13.79",
        "201110": "13.91",
        "201111": "13.03",
        "201112": "10.35",
        "201201": "10.98",
        "201202": "13.96",
        "201203": "13.44",
        "201204": "11.44",
        "201205": "12.06",
        "201206": "11.51",
        "201207": "10.65",
        "201208": "10.66",
        "201209": "11.18",
        "201210": "9.89",
        "201211": "9.09",
        "201212": "10.03",
        "201301": "9.93",
        "201302": "9.78",
        "201303": "9.83",
        "201304": "9.46",
        "201305": "10.42",
        "201306": "10.25",
        "201307": "10.27",
        "201308": "12.22",
        "201309": "15.10",
        "201310": "15.23",
        "201311": "19.22",
        "201312": "24.01",
        "201401": "26.55",
        "201402": "28.89",
        "201403": "29.69",
        "201404": "27.48",
        "201405": "27.10",
        "201406": "28.57",
        "201407": "27.48",
        "201408": "25.08",
        "201409": "25.00",
        "201410": "21.14",
        "201411": "21.04",
        "201412": "23.31",
        "201501": "22.61",
        "201502": "23.20",
        "201503": "24.83",
        "201504": "26.58",
        "201505": "27.84",
        "201506": "26.50",
        "201507": "23.72",
        "201508": "19.26",
        "201509": "29.15",
        "201510": "31.13",
        "201511": "30.43",
        "201512": "28.70",
        "201601": "23.16",
        "201602": "24.42",
        "201603": "25.78",
        "201604": "23.81",
        "201605": "21.35",
        "201606": "21.76",
        "201607": "22.86",
        "201608": "26.35",
        "201609": "26.23",
        "201610": "25.50",
        "201611": "22.69",
        "201612": "22.18",
        "201701": "22.39",
        "201702": "21.45",
        "201703": "24.43",
        "201704": "25.54",
        "201705": "23.96",
        "201706": "23.47",
        "201707": "23.55",
        "201708": "24.41",
        "201709": "24.91",
        "201710": "28.49",
        "201711": "33.88",
        "201712": "30.50",
        "201801": "31.97",
        "201802": "29.47",
        "201803": "28.10",
        "201804": "27.11",
        "201805": "29.64",
        "201806": "49.36",
        "201807": "49.78",
        "201808": "43.97",
        "201809": "38.93",
        "201810": "31.57",
        "201811": "29.89",
        "201812": "31.60",
        "201901": "30.40",
        "201902": "32.52",
        "201903": "30.46",
        "201904": "29.75",
        "201905": "26.06",
        "201906": "25.44",
        "201907": "27.97",
        "201908": "27.88",
        "201909": "28.46",
        "201910": "28.61",
        "201911": "28.10",
        "201912": "29.45",
        "202001": "28.23",
        "202002": "25.81",
        "202003": "20.43",
        "202004": "20.98",
        "202005": "24.90",
        "202006": "27.33",
        "202007": "28.13",
        "202008": "28.81",
        "202009": "31.44",
        "202010": "41.30",
        "202011": "42.28",
        "202012": "48.04",
        "202101": "51.28",
        "202102": "48.90",
        "202103": "54.28",
        "202104": "70.66",
        "202105": "63.64",
        "202106": "70.72",
        "202107": "101.46",
        "202108": "106.73",
        "202109": "95.40",
        "202110": "88.54",
        "202111": "108.84",
        "202112": "109.23",
        "202201": "105.27",
        "202202": "105.30",
        "202203": "108.41",
        "202204": "101.24",
        "202205": "111.02",
        "202206": "126.81",
        "202207": "104.63",
        "202208": "108.96",
        "202209": "109.69",
        "202210": "99.94",
        "202211": "103.89",
        "202212": "108.61",
        "202301": "106.46",
        "202302": "112.50",
        "202303": "106.89",
        "202304": "108.50",
        "202305": "103.48",
        "202306": "107.32",
        "202307": "97.10",
        "202308": "86.19",
        "202309": "85.22",
        "202310": "85.68",
        "202311": "91.60",
        "202312": "99.57"
    },
    "quarters": {
        "20011": {
            "year_quarter": 20011,
            "year": 2001,
            "quarter": 1,
            "eps": null,
            "eps_growth_year": null,
            "eps_4q": null,
            "eps_4q_growth_year": null,
            "roe": null,
            "roe_4q": 0,
            "gross_profit": null,
            "gross_margin": null,
            "gross_margin_4q_avg": 0,
            "net_income": null,
            "net_income_4q": null,
            "revenue": null,
            "revenue_4q": null,
            "common_shares": null,
            "book_valuer_per_share": null,
            "book_valuer_per_share_4q_avg": 0,
            "equity": null,
            "current_ratio": null,
            "debt_ratio": null,
            "inventory_turnover_ratio": null,
            "account_receivable_turnover_ratio": null,
            "reinvestment_rate": null,
            "research_to_sale_ratio": null,
            "price_fair": 0,
            "eps_avg_yearly": 0,
            "eps_latest_yearly": 0,
            "eps_growth_yearly": 0
        },
        "20012": {
            "year_quarter": 20012,
            "year": 2001,
            "quarter": 2,
            "eps": null,
            "eps_growth_year": null,
            "eps_4q": null,
            "eps_4q_growth_year": null,
            "roe": null,
            "roe_4q": 0,
            "gross_profit": null,
            "gross_margin": null,
            "gross_margin_4q_avg": 0,
            "net_income": null,
            "net_income_4q": null,
            "revenue": null,
            "revenue_4q": null,
            "common_shares": null,
            "book_valuer_per_share": null,
            "book_valuer_per_share_4q_avg": 0,
            "equity": null,
            "current_ratio": null,
            "debt_ratio": null,
            "inventory_turnover_ratio": null,
            "account_receivable_turnover_ratio": null,
            "reinvestment_rate": null,
            "research_to_sale_ratio": null,
            "price_fair": 0,
            "eps_avg_yearly": 0,
            "eps_latest_yearly": 0,
            "eps_growth_yearly": 0
        },
        "20013": {
            "year_quarter": 20013,
            "year": 2001,
            "quarter": 3,
            "eps": null,
            "eps_growth_year": null,
            "eps_4q": null,
            "eps_4q_growth_year": null,
            "roe": null,
            "roe_4q": 0,
            "gross_profit": null,
            "gross_margin": null,
            "gross_margin_4q_avg": 0,
            "net_income": null,
            "net_income_4q": null,
            "revenue": null,
            "revenue_4q": null,
            "common_shares": null,
            "book_valuer_per_share": null,
            "book_valuer_per_share_4q_avg": 0,
            "equity": null,
            "current_ratio": null,
            "debt_ratio": null,
            "inventory_turnover_ratio": null,
            "account_receivable_turnover_ratio": null,
            "reinvestment_rate": null,
            "research_to_sale_ratio": null,
            "price_fair": 0,
            "eps_avg_yearly": 0,
            "eps_latest_yearly": 0,
            "eps_growth_yearly": 0
        },
        "20014": {
            "year_quarter": 20014,
            "year": 2001,
            "quarter": 4,
            "eps": null,
            "eps_growth_year": null,
            "eps_4q": null,
            "eps_4q_growth_year": null,
            "roe": null,
            "roe_4q": 0,
            "gross_profit": null,
            "gross_margin": null,
            "gross_margin_4q_avg": 0,
            "net_income": null,
            "net_income_4q": null,
            "revenue": null,
            "revenue_4q": null,
            "common_shares": 500000,
            "book_valuer_per_share": 13.06,
            "book_valuer_per_share_4q_avg": 3.27,
            "equity": 652945,
            "current_ratio": 709.09,
            "debt_ratio": 10.56,
            "inventory_turnover_ratio": null,
            "account_receivable_turnover_ratio": null,
            "reinvestment_rate": null,
            "research_to_sale_ratio": null,
            "price_fair": 0,
            "eps_avg_yearly": 0,
            "eps_latest_yearly": 0,
            "eps_growth_yearly": 0
        },
        "20021": {
            "year_quarter": 20021,
            "year": 2002,
            "quarter": 1,
            "eps": null,
            "eps_growth_year": null,
            "eps_4q": null,
            "eps_4q_growth_year": null,
            "roe": null,
            "roe_4q": 0,
            "gross_profit": null,
            "gross_margin": null,
            "gross_margin_4q_avg": 0,
            "net_income": null,
            "net_income_4q": null,
            "revenue": null,
            "revenue_4q": null,
            "common_shares": null,
            "book_valuer_per_share": null,
            "book_valuer_per_share_4q_avg": 3.27,
            "equity": null,
            "current_ratio": null,
            "debt_ratio": null,
            "inventory_turnover_ratio": null,
            "account_receivable_turnover_ratio": null,
            "reinvestment_rate": null,
            "research_to_sale_ratio": null,
            "price_fair": 0,
            "eps_avg_yearly": 0,
            "eps_latest_yearly": 0,
            "eps_growth_yearly": 0
        },
        "20022": {
            "year_quarter": 20022,
            "year": 2002,
            "quarter": 2,
            "eps": null,
            "eps_growth_year": null,
            "eps_4q": null,
            "eps_4q_growth_year": null,
            "roe": null,
            "roe_4q": 0,
            "gross_profit": null,
            "gross_margin": null,
            "gross_margin_4q_avg": 0,
            "net_income": null,
            "net_income_4q": null,
            "revenue": null,
            "revenue_4q": null,
            "common_shares": null,
            "book_valuer_per_share": null,
            "book_valuer_per_share_4q_avg": 3.27,
            "equity": null,
            "current_ratio": null,
            "debt_ratio": null,
            "inventory_turnover_ratio": null,
            "account_receivable_turnover_ratio": null,
            "reinvestment_rate": null,
            "research_to_sale_ratio": null,
            "price_fair": 0,
            "eps_avg_yearly": 0,
            "eps_latest_yearly": 0,
            "eps_growth_yearly": 0
        },
        "20023": {
            "year_quarter": 20023,
            "year": 2002,
            "quarter": 3,
            "eps": null,
            "eps_growth_year": null,
            "eps_4q": null,
            "eps_4q_growth_year": null,
            "roe": null,
            "roe_4q": 0,
            "gross_profit": null,
            "gross_margin": null,
            "gross_margin_4q_avg": 0,
            "net_income": null,
            "net_income_4q": null,
            "revenue": null,
            "revenue_4q": null,
            "common_shares": null,
            "book_valuer_per_share": null,
            "book_valuer_per_share_4q_avg": 3.27,
            "equity": null,
            "current_ratio": null,
            "debt_ratio": null,
            "inventory_turnover_ratio": null,
            "account_receivable_turnover_ratio": null,
            "reinvestment_rate": null,
            "research_to_sale_ratio": null,
            "price_fair": 0,
            "eps_avg_yearly": 0,
            "eps_latest_yearly": 0,
            "eps_growth_yearly": 0
        },
        "20024": {
            "year_quarter": 20024,
            "year": 2002,
            "quarter": 4,
            "eps": null,
            "eps_growth_year": null,
            "eps_4q": null,
            "eps_4q_growth_year": null,
            "roe": null,
            "roe_4q": 0,
            "gross_profit": null,
            "gross_margin": null,
            "gross_margin_4q_avg": 0,
            "net_income": null,
            "net_income_4q": null,
            "revenue": null,
            "revenue_4q": null,
            "common_shares": 500000,
            "book_valuer_per_share": 13.93,
            "book_valuer_per_share_4q_avg": 3.48,
            "equity": 696611,
            "current_ratio": 355.27,
            "debt_ratio": 21.82,
            "inventory_turnover_ratio": null,
            "account_receivable_turnover_ratio": null,
            "reinvestment_rate": null,
            "research_to_sale_ratio": null,
            "price_fair": 0,
            "eps_avg_yearly": 0,
            "eps_latest_yearly": 0,
            "eps_growth_yearly": 0
        },
        "20031": {
            "year_quarter": 20031,
            "year": 2003,
            "quarter": 1,
            "eps": 0.4,
            "eps_growth_year": null,
            "eps_4q": null,
            "eps_4q_growth_year": null,
            "roe": 2.81,
            "roe_4q": 2.81,
            "gross_profit": 40369,
            "gross_margin": 13.92,
            "gross_margin_4q_avg": 3.48,
            "net_income": 19866,
            "net_income_4q": null,
            "revenue": 289932,
            "revenue_4q": null,
            "common_shares": 500000,
            "book_valuer_per_share": 14.33,
            "book_valuer_per_share_4q_avg": 7.07,
            "equity": 716477,
            "current_ratio": 423.4,
            "debt_ratio": 19.65,
            "inventory_turnover_ratio": 1.08,
            "account_receivable_turnover_ratio": null,
            "reinvestment_rate": null,
            "research_to_sale_ratio": null,
            "price_fair": 0,
            "eps_avg_yearly": 0,
            "eps_latest_yearly": 0,
            "eps_growth_yearly": 0
        },
        "20032": {
            "year_quarter": 20032,
            "year": 2003,
            "quarter": 2,
            "eps": 0.58,
            "eps_growth_year": null,
            "eps_4q": null,
            "eps_4q_growth_year": null,
            "roe": 3.99,
            "roe_4q": 6.800000000000001,
            "gross_profit": 41814,
            "gross_margin": 13.38,
            "gross_margin_4q_avg": 6.83,
            "net_income": 29186,
            "net_income_4q": null,
            "revenue": 312421,
            "revenue_4q": null,
            "common_shares": 500000,
            "book_valuer_per_share": 14.92,
            "book_valuer_per_share_4q_avg": 10.8,
            "equity": 746198,
            "current_ratio": 418.56,
            "debt_ratio": 19.47,
            "inventory_turnover_ratio": 1.23,
            "account_receivable_turnover_ratio": null,
            "reinvestment_rate": null,
            "research_to_sale_ratio": null,
            "price_fair": 81.2,
            "eps_avg_yearly": 2.32,
            "eps_latest_yearly": 2.32,
            "eps_growth_yearly": 180
        },
        "20033": {
            "year_quarter": 20033,
            "year": 2003,
            "quarter": 3,
            "eps": 0.68,
            "eps_growth_year": null,
            "eps_4q": null,
            "eps_4q_growth_year": null,
            "roe": 4.79,
            "roe_4q": 11.590000000000002,
            "gross_profit": 73146,
            "gross_margin": 15.94,
            "gross_margin_4q_avg": 10.81,
            "net_income": 36580,
            "net_income_4q": null,
            "revenue": 458901,
            "revenue_4q": null,
            "common_shares": 500000,
            "book_valuer_per_share": 15.65,
            "book_valuer_per_share_4q_avg": 14.71,
            "equity": 782709,
            "current_ratio": 322.13,
            "debt_ratio": 25.88,
            "inventory_turnover_ratio": 1.82,
            "account_receivable_turnover_ratio": null,
            "reinvestment_rate": null,
            "research_to_sale_ratio": null,
            "price_fair": 88.2,
            "eps_avg_yearly": 2.52,
            "eps_latest_yearly": 2.72,
            "eps_growth_yearly": 124.48
        },
        "20034": {
            "year_quarter": 20034,
            "year": 2003,
            "quarter": 4,
            "eps": 0.84,
            "eps_growth_year": null,
            "eps_4q": 2.42,
            "eps_4q_growth_year": null,
            "roe": 5.63,
            "roe_4q": 17.22,
            "gross_profit": 76622,
            "gross_margin": 16.88,
            "gross_margin_4q_avg": 15.03,
            "net_income": 45394,
            "net_income_4q": null,
            "revenue": 453973,
            "revenue_4q": null,
            "common_shares": 537890,
            "book_valuer_per_share": 15.41,
            "book_valuer_per_share_4q_avg": 15.08,
            "equity": 828754,
            "current_ratio": 313.98,
            "debt_ratio": 27.76,
            "inventory_turnover_ratio": 1.53,
            "account_receivable_turnover_ratio": null,
            "reinvestment_rate": null,
            "research_to_sale_ratio": null,
            "price_fair": 98,
            "eps_avg_yearly": 2.8,
            "eps_latest_yearly": 3.36,
            "eps_growth_yearly": 114.36
        },
        "20041": {
            "year_quarter": 20041,
            "year": 2004,
            "quarter": 1,
            "eps": 0.85,
            "eps_growth_year": 112.5,
            "eps_4q": 2.93,
            "eps_4q_growth_year": null,
            "roe": 5.34,
            "roe_4q": 19.75,
            "gross_profit": 78498,
            "gross_margin": 16.51,
            "gross_margin_4q_avg": 15.68,
            "net_income": 45499,
            "net_income_4q": null,
            "revenue": 475387,
            "revenue_4q": null,
            "common_shares": 537890,
            "book_valuer_per_share": 16.25,
            "book_valuer_per_share_4q_avg": 15.56,
            "equity": 874253,
            "current_ratio": 311.68,
            "debt_ratio": 28.01,
            "inventory_turnover_ratio": 1.23,
            "account_receivable_turnover_ratio": null,
            "reinvestment_rate": null,
            "research_to_sale_ratio": null,
            "price_fair": 103.25,
            "eps_avg_yearly": 2.95,
            "eps_latest_yearly": 3.4,
            "eps_growth_yearly": 86.96
        },
        "20042": {
            "year_quarter": 20042,
            "year": 2004,
            "quarter": 2,
            "eps": 0.82,
            "eps_growth_year": 41.38,
            "eps_4q": 3.19,
            "eps_4q_growth_year": null,
            "roe": 4.93,
            "roe_4q": 20.689999999999998,
            "gross_profit": 74881,
            "gross_margin": 16.96,
            "gross_margin_4q_avg": 16.57,
            "net_income": 44095,
            "net_income_4q": null,
            "revenue": 441493,
            "revenue_4q": null,
            "common_shares": 537890,
            "book_valuer_per_share": 17.03,
            "book_valuer_per_share_4q_avg": 16.09,
            "equity": 916093,
            "current_ratio": 281.88,
            "debt_ratio": 32.29,
            "inventory_turnover_ratio": 0.95,
            "account_receivable_turnover_ratio": null,
            "reinvestment_rate": null,
            "research_to_sale_ratio": null,
            "price_fair": 105.56,
            "eps_avg_yearly": 3.02,
            "eps_latest_yearly": 3.28,
            "eps_growth_yearly": 66.75
        },
        "20043": {
            "year_quarter": 20043,
            "year": 2004,
            "quarter": 3,
            "eps": 0.57,
            "eps_growth_year": -16.18,
            "eps_4q": 2.69,
            "eps_4q_growth_year": null,
            "roe": 3.89,
            "roe_4q": 19.79,
            "gross_profit": 76962,
            "gross_margin": 15.38,
            "gross_margin_4q_avg": 16.43,
            "net_income": 36352,
            "net_income_4q": null,
            "revenue": 500533,
            "revenue_4q": null,
            "common_shares": 642154,
            "book_valuer_per_share": 14.83,
            "book_valuer_per_share_4q_avg": 15.88,
            "equity": 952446,
            "current_ratio": 290.05,
            "debt_ratio": 30.97,
            "inventory_turnover_ratio": 1.04,
            "account_receivable_turnover_ratio": null,
            "reinvestment_rate": null,
            "research_to_sale_ratio": null,
            "price_fair": 101.27,
            "eps_avg_yearly": 2.89,
            "eps_latest_yearly": 2.28,
            "eps_growth_yearly": 35.3
        },
        "20044": {
            "year_quarter": 20044,
            "year": 2004,
            "quarter": 4,
            "eps": 0.5,
            "eps_growth_year": -40.48,
            "eps_4q": 2.44,
            "eps_4q_growth_year": 0.74,
            "roe": 3.35,
            "roe_4q": 17.509999999999998,
            "gross_profit": 77445,
            "gross_margin": 12.79,
            "gross_margin_4q_avg": 15.41,
            "net_income": 32420,
            "net_income_4q": null,
            "revenue": 605622,
            "revenue_4q": null,
            "common_shares": 642154,
            "book_valuer_per_share": 15.33,
            "book_valuer_per_share_4q_avg": 15.86,
            "equity": 984503,
            "current_ratio": 263.1,
            "debt_ratio": 34.97,
            "inventory_turnover_ratio": 1.3,
            "account_receivable_turnover_ratio": null,
            "reinvestment_rate": null,
            "research_to_sale_ratio": null,
            "price_fair": 91.92,
            "eps_avg_yearly": 2.77,
            "eps_latest_yearly": 2,
            "eps_growth_yearly": 23.24
        },
        "20051": {
            "year_quarter": 20051,
            "year": 2005,
            "quarter": 1,
            "eps": 0.29,
            "eps_growth_year": -65.88,
            "eps_4q": 2.03,
            "eps_4q_growth_year": -30.48,
            "roe": 1.89,
            "roe_4q": 14.06,
            "gross_profit": 53850,
            "gross_margin": 9.28,
            "gross_margin_4q_avg": 13.6,
            "net_income": 18762,
            "net_income_4q": null,
            "revenue": 580007,
            "revenue_4q": null,
            "common_shares": 642154,
            "book_valuer_per_share": 15.62,
            "book_valuer_per_share_4q_avg": 15.7,
            "equity": 1003256,
            "current_ratio": 239.35,
            "debt_ratio": 38.08,
            "inventory_turnover_ratio": 1.17,
            "account_receivable_turnover_ratio": null,
            "reinvestment_rate": null,
            "research_to_sale_ratio": null,
            "price_fair": 7.7,
            "eps_avg_yearly": 2.57,
            "eps_latest_yearly": 1.16,
            "eps_growth_yearly": -0.67
        },
        "20052": {
            "year_quarter": 20052,
            "year": 2005,
            "quarter": 2,
            "eps": 0.55,
            "eps_growth_year": -32.93,
            "eps_4q": 1.9,
            "eps_4q_growth_year": -40.42,
            "roe": 3.58,
            "roe_4q": 12.71,
            "gross_profit": 68750,
            "gross_margin": 11.8,
            "gross_margin_4q_avg": 12.31,
            "net_income": 35639,
            "net_income_4q": null,
            "revenue": 582767,
            "revenue_4q": null,
            "common_shares": 642154,
            "book_valuer_per_share": 15.41,
            "book_valuer_per_share_4q_avg": 15.3,
            "equity": 989250,
            "current_ratio": 215.72,
            "debt_ratio": 42.12,
            "inventory_turnover_ratio": 0.96,
            "account_receivable_turnover_ratio": null,
            "reinvestment_rate": null,
            "research_to_sale_ratio": null,
            "price_fair": 88.36,
            "eps_avg_yearly": 2.52,
            "eps_latest_yearly": 2.2,
            "eps_growth_yearly": 39.25
        },
        "20053": {
            "year_quarter": 20053,
            "year": 2005,
            "quarter": 3,
            "eps": 1.47,
            "eps_growth_year": 157.89,
            "eps_4q": 2.64,
            "eps_4q_growth_year": -1.69,
            "roe": 10.1,
            "roe_4q": 18.92,
            "gross_profit": 127598,
            "gross_margin": 13.61,
            "gross_margin_4q_avg": 11.87,
            "net_income": 108961,
            "net_income_4q": null,
            "revenue": 937800,
            "revenue_4q": null,
            "common_shares": 645944,
            "book_valuer_per_share": 18.08,
            "book_valuer_per_share_4q_avg": 16.11,
            "equity": 1168049,
            "current_ratio": 202.36,
            "debt_ratio": 43.82,
            "inventory_turnover_ratio": 1.59,
            "account_receivable_turnover_ratio": null,
            "reinvestment_rate": null,
            "research_to_sale_ratio": null,
            "price_fair": 100.1,
            "eps_avg_yearly": 2.86,
            "eps_latest_yearly": 5.88,
            "eps_growth_yearly": 102.24
        },
        "20054": {
            "year_quarter": 20054,
            "year": 2005,
            "quarter": 4,
            "eps": 1,
            "eps_growth_year": 100,
            "eps_4q": 3.12,
            "eps_4q_growth_year": 27.61,
            "roe": 5.77,
            "roe_4q": 21.34,
            "gross_profit": 138588,
            "gross_margin": 15.22,
            "gross_margin_4q_avg": 12.48,
            "net_income": 77178,
            "net_income_4q": null,
            "revenue": 910302,
            "revenue_4q": null,
            "common_shares": 876423,
            "book_valuer_per_share": 17.21,
            "book_valuer_per_share_4q_avg": 16.58,
            "equity": 1507968,
            "current_ratio": 222.86,
            "debt_ratio": 40.04,
            "inventory_turnover_ratio": 1.8,
            "account_receivable_turnover_ratio": null,
            "reinvestment_rate": null,
            "research_to_sale_ratio": null,
            "price_fair": 103.73,
            "eps_avg_yearly": 2.96,
            "eps_latest_yearly": 4,
            "eps_growth_yearly": 81.32
        },
        "20061": {
            "year_quarter": 20061,
            "year": 2006,
            "quarter": 1,
            "eps": 0.36,
            "eps_growth_year": 24.14,
            "eps_4q": 2.84,
            "eps_4q_growth_year": 39.57,
            "roe": 2.11,
            "roe_4q": 21.559999999999995,
            "gross_profit": 79695,
            "gross_margin": 11.76,
            "gross_margin_4q_avg": 13.1,
            "net_income": 32199,
            "net_income_4q": null,
            "revenue": 677756,
            "revenue_4q": null,
            "common_shares": 877543,
            "book_valuer_per_share": 17.56,
            "book_valuer_per_share_4q_avg": 17.07,
            "equity": 1540866,
            "current_ratio": 276.08,
            "debt_ratio": 31.6,
            "inventory_turnover_ratio": 1.08,
            "account_receivable_turnover_ratio": null,
            "reinvestment_rate": null,
            "research_to_sale_ratio": null,
            "price_fair": 99.28,
            "eps_avg_yearly": 2.84,
            "eps_latest_yearly": 1.44,
            "eps_growth_yearly": 53.21
        },
        "20062": {
            "year_quarter": 20062,
            "year": 2006,
            "quarter": 2,
            "eps": 0.36,
            "eps_growth_year": -34.55,
            "eps_4q": 2.83,
            "eps_4q_growth_year": 48.62,
            "roe": 2.09,
            "roe_4q": 20.07,
            "gross_profit": 81372,
            "gross_margin": 11.72,
            "gross_margin_4q_avg": 13.08,
            "net_income": 31886,
            "net_income_4q": null,
            "revenue": 694020,
            "revenue_4q": null,
            "common_shares": 877543,
            "book_valuer_per_share": 17.16,
            "book_valuer_per_share_4q_avg": 17.5,
            "equity": 1505876,
            "current_ratio": 292.89,
            "debt_ratio": 29.56,
            "inventory_turnover_ratio": 0.86,
            "account_receivable_turnover_ratio": null,
            "reinvestment_rate": null,
            "research_to_sale_ratio": null,
            "price_fair": 95.52,
            "eps_avg_yearly": 2.73,
            "eps_latest_yearly": 1.44,
            "eps_growth_yearly": 49.11
        },
        "20063": {
            "year_quarter": 20063,
            "year": 2006,
            "quarter": 3,
            "eps": 0.8,
            "eps_growth_year": -45.58,
            "eps_4q": 2.17,
            "eps_4q_growth_year": -17.91,
            "roe": 5.34,
            "roe_4q": 15.309999999999999,
            "gross_profit": 129852,
            "gross_margin": 11.41,
            "gross_margin_4q_avg": 12.53,
            "net_income": 82599,
            "net_income_4q": null,
            "revenue": 1137902,
            "revenue_4q": null,
            "common_shares": 1031335,
            "book_valuer_per_share": 15.42,
            "book_valuer_per_share_4q_avg": 16.84,
            "equity": 1590193,
            "current_ratio": 220.25,
            "debt_ratio": 40.77,
            "inventory_turnover_ratio": 1.36,
            "account_receivable_turnover_ratio": null,
            "reinvestment_rate": null,
            "research_to_sale_ratio": null,
            "price_fair": 96.7,
            "eps_avg_yearly": 2.76,
            "eps_latest_yearly": 3.2,
            "eps_growth_yearly": 80.53
        },
        "20064": {
            "year_quarter": 20064,
            "year": 2006,
            "quarter": 4,
            "eps": 0.32,
            "eps_growth_year": -68,
            "eps_4q": 1.73,
            "eps_4q_growth_year": -44.39,
            "roe": 2.07,
            "roe_4q": 11.61,
            "gross_profit": 89104,
            "gross_margin": 11.39,
            "gross_margin_4q_avg": 11.57,
            "net_income": 33215,
            "net_income_4q": null,
            "revenue": 782048,
            "revenue_4q": null,
            "common_shares": 1031855,
            "book_valuer_per_share": 15.73,
            "book_valuer_per_share_4q_avg": 16.47,
            "equity": 1622759,
            "current_ratio": 208.82,
            "debt_ratio": 44.31,
            "inventory_turnover_ratio": 0.82,
            "account_receivable_turnover_ratio": null,
            "reinvestment_rate": 6.33,
            "research_to_sale_ratio": null,
            "price_fair": 93.24,
            "eps_avg_yearly": 2.66,
            "eps_latest_yearly": 1.28,
            "eps_growth_yearly": 59.16
        },
        "20071": {
            "year_quarter": 20071,
            "year": 2007,
            "quarter": 1,
            "eps": 0.48,
            "eps_growth_year": 33.33,
            "eps_4q": 1.88,
            "eps_4q_growth_year": -33.84,
            "roe": 3.07,
            "roe_4q": 12.57,
            "gross_profit": 90252,
            "gross_margin": 11.43,
            "gross_margin_4q_avg": 11.49,
            "net_income": 50687,
            "net_income_4q": null,
            "revenue": 789668,
            "revenue_4q": null,
            "common_shares": 1032355,
            "book_valuer_per_share": 16.22,
            "book_valuer_per_share_4q_avg": 16.13,
            "equity": 1674598,
            "current_ratio": 242.38,
            "debt_ratio": 38.19,
            "inventory_turnover_ratio": 0.81,
            "account_receivable_turnover_ratio": null,
            "reinvestment_rate": 5.75,
            "research_to_sale_ratio": null,
            "price_fair": 91.61,
            "eps_avg_yearly": 2.62,
            "eps_latest_yearly": 1.92,
            "eps_growth_yearly": 67.96
        },
        "20072": {
            "year_quarter": 20072,
            "year": 2007,
            "quarter": 2,
            "eps": 0.79,
            "eps_growth_year": 119.44,
            "eps_4q": 2.39,
            "eps_4q_growth_year": -15.57,
            "roe": 4.84,
            "roe_4q": 15.32,
            "gross_profit": 115838,
            "gross_margin": 12.55,
            "gross_margin_4q_avg": 11.7,
            "net_income": 82450,
            "net_income_4q": null,
            "revenue": 922911,
            "revenue_4q": null,
            "common_shares": 1034938,
            "book_valuer_per_share": 16.77,
            "book_valuer_per_share_4q_avg": 16.04,
            "equity": 1735976,
            "current_ratio": 282.4,
            "debt_ratio": 41.38,
            "inventory_turnover_ratio": 1.01,
            "account_receivable_turnover_ratio": null,
            "reinvestment_rate": 7.89,
            "research_to_sale_ratio": null,
            "price_fair": 93.45,
            "eps_avg_yearly": 2.67,
            "eps_latest_yearly": 3.16,
            "eps_growth_yearly": 72.86
        },
        "20073": {
            "year_quarter": 20073,
            "year": 2007,
            "quarter": 3,
            "eps": 0.64,
            "eps_growth_year": -20,
            "eps_4q": 2.08,
            "eps_4q_growth_year": -4.03,
            "roe": 3.94,
            "roe_4q": 13.92,
            "gross_profit": 144012,
            "gross_margin": 12.66,
            "gross_margin_4q_avg": 12.01,
            "net_income": 73892,
            "net_income_4q": null,
            "revenue": 1137388,
            "revenue_4q": null,
            "common_shares": 1176547,
            "book_valuer_per_share": 17.16,
            "book_valuer_per_share_4q_avg": 16.47,
            "equity": 2018477,
            "current_ratio": 266.8,
            "debt_ratio": 38.44,
            "inventory_turnover_ratio": 1.16,
            "account_receivable_turnover_ratio": null,
            "reinvestment_rate": 7.73,
            "research_to_sale_ratio": null,
            "price_fair": 93.1,
            "eps_avg_yearly": 2.66,
            "eps_latest_yearly": 2.56,
            "eps_growth_yearly": 63.8
        },
        "20074": {
            "year_quarter": 20074,
            "year": 2007,
            "quarter": 4,
            "eps": 0.2,
            "eps_growth_year": -37.5,
            "eps_4q": 1.99,
            "eps_4q_growth_year": 15.06,
            "roe": 1.14,
            "roe_4q": 12.99,
            "gross_profit": 124250,
            "gross_margin": 14.03,
            "gross_margin_4q_avg": 12.67,
            "net_income": 23077,
            "net_income_4q": null,
            "revenue": 885649,
            "revenue_4q": null,
            "common_shares": 1177427,
            "book_valuer_per_share": 17.32,
            "book_valuer_per_share_4q_avg": 16.87,
            "equity": 2038945,
            "current_ratio": 340.8,
            "debt_ratio": 32.14,
            "inventory_turnover_ratio": 0.84,
            "account_receivable_turnover_ratio": null,
            "reinvestment_rate": 9.29,
            "research_to_sale_ratio": null,
            "price_fair": 87.5,
            "eps_avg_yearly": 2.5,
            "eps_latest_yearly": 0.8,
            "eps_growth_yearly": 40.73
        },
        "20081": {
            "year_quarter": 20081,
            "year": 2008,
            "quarter": 1,
            "eps": -0.2,
            "eps_growth_year": -141.67,
            "eps_4q": 1.37,
            "eps_4q_growth_year": -26.89,
            "roe": -1.12,
            "roe_4q": 8.8,
            "gross_profit": 102093,
            "gross_margin": 11.76,
            "gross_margin_4q_avg": 12.75,
            "net_income": -22804,
            "net_income_4q": null,
            "revenue": 868424,
            "revenue_4q": null,
            "common_shares": 1179367,
            "book_valuer_per_share": 17.1,
            "book_valuer_per_share_4q_avg": 17.09,
            "equity": 2017172,
            "current_ratio": 369.02,
            "debt_ratio": 30.72,
            "inventory_turnover_ratio": 0.88,
            "account_receivable_turnover_ratio": null,
            "reinvestment_rate": 9.03,
            "research_to_sale_ratio": null,
            "price_fair": 85.4,
            "eps_avg_yearly": 2.44,
            "eps_latest_yearly": 0.8,
            "eps_growth_yearly": 43.13
        },
        "20082": {
            "year_quarter": 20082,
            "year": 2008,
            "quarter": 2,
            "eps": 0.19,
            "eps_growth_year": -75.95,
            "eps_4q": 0.74,
            "eps_4q_growth_year": -68.83,
            "roe": 1.3,
            "roe_4q": 5.26,
            "gross_profit": 84386,
            "gross_margin": 10.79,
            "gross_margin_4q_avg": 12.31,
            "net_income": 25460,
            "net_income_4q": null,
            "revenue": 781744,
            "revenue_4q": null,
            "common_shares": 1179367,
            "book_valuer_per_share": 16.12,
            "book_valuer_per_share_4q_avg": 16.93,
            "equity": 1900963,
            "current_ratio": 236.9,
            "debt_ratio": 33.52,
            "inventory_turnover_ratio": 0.8,
            "account_receivable_turnover_ratio": null,
            "reinvestment_rate": 5.44,
            "research_to_sale_ratio": null,
            "price_fair": 83.3,
            "eps_avg_yearly": 2.38,
            "eps_latest_yearly": 0.8,
            "eps_growth_yearly": 47.22
        },
        "20083": {
            "year_quarter": 20083,
            "year": 2008,
            "quarter": 3,
            "eps": 0.62,
            "eps_growth_year": -3.12,
            "eps_4q": 0.82,
            "eps_4q_growth_year": -60.68,
            "roe": 4.15,
            "roe_4q": 5.47,
            "gross_profit": 132608,
            "gross_margin": 15.52,
            "gross_margin_4q_avg": 13.03,
            "net_income": 80526,
            "net_income_4q": null,
            "revenue": 854389,
            "revenue_4q": null,
            "common_shares": 1264357,
            "book_valuer_per_share": 15.68,
            "book_valuer_per_share_4q_avg": 16.56,
            "equity": 1982321,
            "current_ratio": 247.04,
            "debt_ratio": 32.49,
            "inventory_turnover_ratio": 0.76,
            "account_receivable_turnover_ratio": null,
            "reinvestment_rate": 4.45,
            "research_to_sale_ratio": null,
            "price_fair": 83.8,
            "eps_avg_yearly": 2.39,
            "eps_latest_yearly": 2.48,
            "eps_growth_yearly": 120.59
        },
        "20084": {
            "year_quarter": 20084,
            "year": 2008,
            "quarter": 4,
            "eps": 0.42,
            "eps_growth_year": 110,
            "eps_4q": 1.08,
            "eps_4q_growth_year": -45.92,
            "roe": 2.7,
            "roe_4q": 7.03,
            "gross_profit": 79936,
            "gross_margin": 15.42,
            "gross_margin_4q_avg": 13.37,
            "net_income": 53050,
            "net_income_4q": null,
            "revenue": 518341,
            "revenue_4q": null,
            "common_shares": 1234657,
            "book_valuer_per_share": 15.77,
            "book_valuer_per_share_4q_avg": 16.17,
            "equity": 1946864,
            "current_ratio": 308.15,
            "debt_ratio": 25.31,
            "inventory_turnover_ratio": 0.47,
            "account_receivable_turnover_ratio": 1.26,
            "reinvestment_rate": 3.92,
            "research_to_sale_ratio": null,
            "price_fair": 83,
            "eps_avg_yearly": 2.37,
            "eps_latest_yearly": 1.68,
            "eps_growth_yearly": 114.88
        },
        "20091": {
            "year_quarter": 20091,
            "year": 2009,
            "quarter": 1,
            "eps": 0.63,
            "eps_growth_year": null,
            "eps_4q": 1.88,
            "eps_4q_growth_year": 36.6,
            "roe": 3.92,
            "roe_4q": 12.07,
            "gross_profit": 109502,
            "gross_margin": 17.73,
            "gross_margin_4q_avg": 14.87,
            "net_income": 80393,
            "net_income_4q": null,
            "revenue": 617659,
            "revenue_4q": null,
            "common_shares": 1309357,
            "book_valuer_per_share": 16.43,
            "book_valuer_per_share_4q_avg": 16,
            "equity": 2151608,
            "current_ratio": 294.13,
            "debt_ratio": 27.61,
            "inventory_turnover_ratio": 0.62,
            "account_receivable_turnover_ratio": 0.74,
            "reinvestment_rate": 3.24,
            "research_to_sale_ratio": null,
            "price_fair": 86.4,
            "eps_avg_yearly": 2.47,
            "eps_latest_yearly": 2.52,
            "eps_growth_yearly": 141.17
        },
        "20092": {
            "year_quarter": 20092,
            "year": 2009,
            "quarter": 2,
            "eps": 0.14,
            "eps_growth_year": -26.32,
            "eps_4q": 1.83,
            "eps_4q_growth_year": 146.12,
            "roe": 0.84,
            "roe_4q": 11.61,
            "gross_profit": 133724,
            "gross_margin": 17.51,
            "gross_margin_4q_avg": 16.55,
            "net_income": 17727,
            "net_income_4q": null,
            "revenue": 763509,
            "revenue_4q": null,
            "common_shares": 1309357,
            "book_valuer_per_share": 15.8,
            "book_valuer_per_share_4q_avg": 15.92,
            "equity": 2068934,
            "current_ratio": 291.23,
            "debt_ratio": 30.37,
            "inventory_turnover_ratio": 0.8,
            "account_receivable_turnover_ratio": 0.78,
            "reinvestment_rate": 3.74,
            "research_to_sale_ratio": null,
            "price_fair": 82.3,
            "eps_avg_yearly": 2.35,
            "eps_latest_yearly": 0.56,
            "eps_growth_yearly": 93.33
        },
        "20093": {
            "year_quarter": 20093,
            "year": 2009,
            "quarter": 3,
            "eps": 0.35,
            "eps_growth_year": -43.55,
            "eps_4q": 1.46,
            "eps_4q_growth_year": 78.37,
            "roe": 2.27,
            "roe_4q": 9.73,
            "gross_profit": 132943,
            "gross_margin": 15.04,
            "gross_margin_4q_avg": 16.43,
            "net_income": 47697,
            "net_income_4q": null,
            "revenue": 883753,
            "revenue_4q": null,
            "common_shares": 1361831,
            "book_valuer_per_share": 15.63,
            "book_valuer_per_share_4q_avg": 15.91,
            "equity": 2128689,
            "current_ratio": 305.67,
            "debt_ratio": 29.33,
            "inventory_turnover_ratio": 0.89,
            "account_receivable_turnover_ratio": 0.77,
            "reinvestment_rate": 3.85,
            "research_to_sale_ratio": null,
            "price_fair": 71.1,
            "eps_avg_yearly": 2.03,
            "eps_latest_yearly": 1.4,
            "eps_growth_yearly": 88.39
        },
        "20094": {
            "year_quarter": 20094,
            "year": 2009,
            "quarter": 4,
            "eps": 0.36,
            "eps_growth_year": -14.29,
            "eps_4q": 1.41,
            "eps_4q_growth_year": 30.29,
            "roe": 2.24,
            "roe_4q": 9.27,
            "gross_profit": 119306,
            "gross_margin": 15,
            "gross_margin_4q_avg": 16.32,
            "net_income": 49119,
            "net_income_4q": null,
            "revenue": 795574,
            "revenue_4q": null,
            "common_shares": 1387158,
            "book_valuer_per_share": 16.23,
            "book_valuer_per_share_4q_avg": 16.02,
            "equity": 2251722,
            "current_ratio": 349.56,
            "debt_ratio": 23.77,
            "inventory_turnover_ratio": 0.78,
            "account_receivable_turnover_ratio": 1.47,
            "reinvestment_rate": 26.71,
            "research_to_sale_ratio": null,
            "price_fair": 64.7,
            "eps_avg_yearly": 1.85,
            "eps_latest_yearly": 1.44,
            "eps_growth_yearly": 98.34
        },
        "20101": {
            "year_quarter": 20101,
            "year": 2010,
            "quarter": 1,
            "eps": 0.4,
            "eps_growth_year": -36.51,
            "eps_4q": 1.22,
            "eps_4q_growth_year": -34.91,
            "roe": 2.43,
            "roe_4q": 7.779999999999999,
            "gross_profit": 132969,
            "gross_margin": 15.44,
            "gross_margin_4q_avg": 15.75,
            "net_income": 55476,
            "net_income_4q": null,
            "revenue": 861326,
            "revenue_4q": null,
            "common_shares": 1392142,
            "book_valuer_per_share": 16.69,
            "book_valuer_per_share_4q_avg": 16.09,
            "equity": 2323351,
            "current_ratio": 311.9,
            "debt_ratio": 25.81,
            "inventory_turnover_ratio": 0.83,
            "account_receivable_turnover_ratio": 0.79,
            "reinvestment_rate": 45.27,
            "research_to_sale_ratio": 3.03,
            "price_fair": 65.1,
            "eps_avg_yearly": 1.86,
            "eps_latest_yearly": 1.6,
            "eps_growth_yearly": 119.8
        },
        "20102": {
            "year_quarter": 20102,
            "year": 2010,
            "quarter": 2,
            "eps": 0.52,
            "eps_growth_year": 271.05,
            "eps_4q": 1.58,
            "eps_4q_growth_year": -13.67,
            "roe": 3.22,
            "roe_4q": 10.16,
            "gross_profit": 149825,
            "gross_margin": 15.91,
            "gross_margin_4q_avg": 15.35,
            "net_income": 74615,
            "net_income_4q": null,
            "revenue": 941605,
            "revenue_4q": null,
            "common_shares": 1394522,
            "book_valuer_per_share": 16.55,
            "book_valuer_per_share_4q_avg": 16.28,
            "equity": 2307327,
            "current_ratio": 283.5,
            "debt_ratio": 39.16,
            "inventory_turnover_ratio": 0.84,
            "account_receivable_turnover_ratio": 0.81,
            "reinvestment_rate": 43.05,
            "research_to_sale_ratio": 2.98,
            "price_fair": 66.7,
            "eps_avg_yearly": 1.91,
            "eps_latest_yearly": 2.08,
            "eps_growth_yearly": 128.38
        },
        "20103": {
            "year_quarter": 20103,
            "year": 2010,
            "quarter": 3,
            "eps": 0.37,
            "eps_growth_year": 5.09,
            "eps_4q": 1.61,
            "eps_4q_growth_year": 10.43,
            "roe": 2.27,
            "roe_4q": 10.16,
            "gross_profit": 174924,
            "gross_margin": 17.73,
            "gross_margin_4q_avg": 16.02,
            "net_income": 52996,
            "net_income_4q": null,
            "revenue": 986390,
            "revenue_4q": null,
            "common_shares": 1439639,
            "book_valuer_per_share": 16.33,
            "book_valuer_per_share_4q_avg": 16.45,
            "equity": 2352438,
            "current_ratio": 378.07,
            "debt_ratio": 32.15,
            "inventory_turnover_ratio": 0.72,
            "account_receivable_turnover_ratio": 0.81,
            "reinvestment_rate": 43.35,
            "research_to_sale_ratio": 3.7,
            "price_fair": 62.4,
            "eps_avg_yearly": 1.78,
            "eps_latest_yearly": 1.48,
            "eps_growth_yearly": 85.21
        },
        "20104": {
            "year_quarter": 20104,
            "year": 2010,
            "quarter": 4,
            "eps": -0.29,
            "eps_growth_year": -180.92,
            "eps_4q": 0.98,
            "eps_4q_growth_year": -30.45,
            "roe": -1.82,
            "roe_4q": 6.1,
            "gross_profit": 72955,
            "gross_margin": 8.89,
            "gross_margin_4q_avg": 14.49,
            "net_income": -42041,
            "net_income_4q": null,
            "revenue": 821069,
            "revenue_4q": null,
            "common_shares": 1443199,
            "book_valuer_per_share": 15.77,
            "book_valuer_per_share_4q_avg": 16.34,
            "equity": 2275604,
            "current_ratio": 505.12,
            "debt_ratio": 27.6,
            "inventory_turnover_ratio": 0.62,
            "account_receivable_turnover_ratio": 0.73,
            "reinvestment_rate": 49.59,
            "research_to_sale_ratio": 4.67,
            "price_fair": 63.75,
            "eps_avg_yearly": 1.82,
            "eps_latest_yearly": 1.48,
            "eps_growth_yearly": 110.23
        },
        "20111": {
            "year_quarter": 20111,
            "year": 2011,
            "quarter": 1,
            "eps": -0.13,
            "eps_growth_year": -132.5,
            "eps_4q": 0.46,
            "eps_4q_growth_year": -62.04,
            "roe": -0.82,
            "roe_4q": 2.85,
            "gross_profit": 54961,
            "gross_margin": 7,
            "gross_margin_4q_avg": 12.38,
            "net_income": -18640,
            "net_income_4q": null,
            "revenue": 784798,
            "revenue_4q": null,
            "common_shares": 1443759,
            "book_valuer_per_share": 15.6,
            "book_valuer_per_share_4q_avg": 16.06,
            "equity": 2252026,
            "current_ratio": 466.09,
            "debt_ratio": 30.73,
            "inventory_turnover_ratio": 0.65,
            "account_receivable_turnover_ratio": 0.75,
            "reinvestment_rate": 68.36,
            "research_to_sale_ratio": 4.42,
            "price_fair": 63.47,
            "eps_avg_yearly": 1.81,
            "eps_latest_yearly": 1.48,
            "eps_growth_yearly": 102.75
        },
        "20112": {
            "year_quarter": 20112,
            "year": 2011,
            "quarter": 2,
            "eps": -0.23,
            "eps_growth_year": -143.64,
            "eps_4q": -0.28,
            "eps_4q_growth_year": -117.72,
            "roe": -1.52,
            "roe_4q": -1.8900000000000001,
            "gross_profit": 57588,
            "gross_margin": 7.78,
            "gross_margin_4q_avg": 10.35,
            "net_income": -32733,
            "net_income_4q": null,
            "revenue": 740609,
            "revenue_4q": null,
            "common_shares": 1443759,
            "book_valuer_per_share": 14.26,
            "book_valuer_per_share_4q_avg": 15.49,
            "equity": 2058931,
            "current_ratio": 381.06,
            "debt_ratio": 35.1,
            "inventory_turnover_ratio": 0.64,
            "account_receivable_turnover_ratio": 0.71,
            "reinvestment_rate": 70.86,
            "research_to_sale_ratio": 4.69,
            "price_fair": 59.18,
            "eps_avg_yearly": 1.69,
            "eps_latest_yearly": 1.48,
            "eps_growth_yearly": 88.61
        },
        "20113": {
            "year_quarter": 20113,
            "year": 2011,
            "quarter": 3,
            "eps": 0.29,
            "eps_growth_year": -20.49,
            "eps_4q": -0.35,
            "eps_4q_growth_year": -122,
            "roe": 2.03,
            "roe_4q": -2.1300000000000003,
            "gross_profit": 96301,
            "gross_margin": 12.24,
            "gross_margin_4q_avg": 8.98,
            "net_income": 42221,
            "net_income_4q": null,
            "revenue": 786689,
            "revenue_4q": null,
            "common_shares": 1443759,
            "book_valuer_per_share": 14.52,
            "book_valuer_per_share_4q_avg": 15.04,
            "equity": 2095675,
            "current_ratio": 470.96,
            "debt_ratio": 31.64,
            "inventory_turnover_ratio": 0.67,
            "account_receivable_turnover_ratio": 0.76,
            "reinvestment_rate": 76.2,
            "research_to_sale_ratio": 5.59,
            "price_fair": 56.14,
            "eps_avg_yearly": 1.6,
            "eps_latest_yearly": 1.48,
            "eps_growth_yearly": 105.06
        },
        "20114": {
            "year_quarter": 20114,
            "year": 2011,
            "quarter": 4,
            "eps": -0.74,
            "eps_growth_year": null,
            "eps_4q": -0.8,
            "eps_4q_growth_year": -182.22,
            "roe": -5.16,
            "roe_4q": -5.470000000000001,
            "gross_profit": 86835,
            "gross_margin": 13.61,
            "gross_margin_4q_avg": 10.16,
            "net_income": -106880,
            "net_income_4q": null,
            "revenue": 638223,
            "revenue_4q": null,
            "common_shares": 1443959,
            "book_valuer_per_share": 14.16,
            "book_valuer_per_share_4q_avg": 14.64,
            "equity": 2045312,
            "current_ratio": 289.83,
            "debt_ratio": 29.46,
            "inventory_turnover_ratio": 0.6,
            "account_receivable_turnover_ratio": 0.67,
            "reinvestment_rate": 96.4,
            "research_to_sale_ratio": 6.54,
            "price_fair": 59.27,
            "eps_avg_yearly": 1.69,
            "eps_latest_yearly": 1.48,
            "eps_growth_yearly": 147.29
        },
        "20121": {
            "year_quarter": 20121,
            "year": 2012,
            "quarter": 1,
            "eps": 0.05,
            "eps_growth_year": null,
            "eps_4q": -0.62,
            "eps_4q_growth_year": -233.94,
            "roe": 0.38,
            "roe_4q": -4.2700000000000005,
            "gross_profit": 93487,
            "gross_margin": 14.52,
            "gross_margin_4q_avg": 12.04,
            "net_income": 7735,
            "net_income_4q": null,
            "revenue": 644042,
            "revenue_4q": null,
            "common_shares": 1443959,
            "book_valuer_per_share": 14.3,
            "book_valuer_per_share_4q_avg": 14.31,
            "equity": 2064605,
            "current_ratio": 280.89,
            "debt_ratio": 32.96,
            "inventory_turnover_ratio": 0.67,
            "account_receivable_turnover_ratio": 0.77,
            "reinvestment_rate": 108.69,
            "research_to_sale_ratio": 4.9,
            "price_fair": 59.27,
            "eps_avg_yearly": 1.69,
            "eps_latest_yearly": 1.48,
            "eps_growth_yearly": 147.29
        },
        "20122": {
            "year_quarter": 20122,
            "year": 2012,
            "quarter": 2,
            "eps": -0.05,
            "eps_growth_year": null,
            "eps_4q": -0.46,
            "eps_4q_growth_year": null,
            "roe": -0.36,
            "roe_4q": -3.1100000000000008,
            "gross_profit": 97971,
            "gross_margin": 16.04,
            "gross_margin_4q_avg": 14.1,
            "net_income": -7277,
            "net_income_4q": null,
            "revenue": 610744,
            "revenue_4q": null,
            "common_shares": 1443959,
            "book_valuer_per_share": 14.28,
            "book_valuer_per_share_4q_avg": 14.32,
            "equity": 2012559,
            "current_ratio": 266.21,
            "debt_ratio": 35.07,
            "inventory_turnover_ratio": 0.62,
            "account_receivable_turnover_ratio": 0.74,
            "reinvestment_rate": 99.37,
            "research_to_sale_ratio": 5.4,
            "price_fair": 59.27,
            "eps_avg_yearly": 1.69,
            "eps_latest_yearly": 1.48,
            "eps_growth_yearly": 147.29
        },
        "20123": {
            "year_quarter": 20123,
            "year": 2012,
            "quarter": 3,
            "eps": 0.1,
            "eps_growth_year": -64.6,
            "eps_4q": -0.65,
            "eps_4q_growth_year": null,
            "roe": 0.72,
            "roe_4q": -4.42,
            "gross_profit": 97340,
            "gross_margin": 16.51,
            "gross_margin_4q_avg": 15.17,
            "net_income": 14586,
            "net_income_4q": null,
            "revenue": 589500,
            "revenue_4q": null,
            "common_shares": 1408959,
            "book_valuer_per_share": 14.38,
            "book_valuer_per_share_4q_avg": 14.28,
            "equity": 2026133,
            "current_ratio": 427.66,
            "debt_ratio": 24.03,
            "inventory_turnover_ratio": 0.57,
            "account_receivable_turnover_ratio": 0.71,
            "reinvestment_rate": 120.31,
            "research_to_sale_ratio": 6.3,
            "price_fair": 55.83,
            "eps_avg_yearly": 1.6,
            "eps_latest_yearly": 1.48,
            "eps_growth_yearly": 52.54
        },
        "20124": {
            "year_quarter": 20124,
            "year": 2012,
            "quarter": 4,
            "eps": -1.53,
            "eps_growth_year": null,
            "eps_4q": -1.42,
            "eps_4q_growth_year": null,
            "roe": -11.12,
            "roe_4q": -10.379999999999997,
            "gross_profit": -84477,
            "gross_margin": -18.62,
            "gross_margin_4q_avg": 7.11,
            "net_income": -212226,
            "net_income_4q": null,
            "revenue": 453726,
            "revenue_4q": null,
            "common_shares": 1408959,
            "book_valuer_per_share": 12.93,
            "book_valuer_per_share_4q_avg": 13.97,
            "equity": 1789978,
            "current_ratio": 540.43,
            "debt_ratio": 21.27,
            "inventory_turnover_ratio": 0.72,
            "account_receivable_turnover_ratio": 0.63,
            "reinvestment_rate": 1492.9,
            "research_to_sale_ratio": 7.5,
            "price_fair": 55.4,
            "eps_avg_yearly": 1.58,
            "eps_latest_yearly": 1.48,
            "eps_growth_yearly": 78.48
        },
        "20131": {
            "year_quarter": 20131,
            "year": 2013,
            "quarter": 1,
            "eps": -0.13,
            "eps_growth_year": -360,
            "eps_4q": -1.61,
            "eps_4q_growth_year": null,
            "roe": -0.99,
            "roe_4q": -11.749999999999998,
            "gross_profit": 73645,
            "gross_margin": 15.14,
            "gross_margin_4q_avg": 7.27,
            "net_income": -17685,
            "net_income_4q": null,
            "revenue": 486442,
            "revenue_4q": null,
            "common_shares": 1384859,
            "book_valuer_per_share": 12.96,
            "book_valuer_per_share_4q_avg": 13.64,
            "equity": 1794876,
            "current_ratio": 455.79,
            "debt_ratio": 23.94,
            "inventory_turnover_ratio": 0.68,
            "account_receivable_turnover_ratio": 0.78,
            "reinvestment_rate": null,
            "research_to_sale_ratio": 5.72,
            "price_fair": 49.93,
            "eps_avg_yearly": 1.43,
            "eps_latest_yearly": 1.48,
            "eps_growth_yearly": 58.23
        },
        "20132": {
            "year_quarter": 20132,
            "year": 2013,
            "quarter": 2,
            "eps": -0.06,
            "eps_growth_year": null,
            "eps_4q": -1.62,
            "eps_4q_growth_year": null,
            "roe": -0.5,
            "roe_4q": -11.889999999999999,
            "gross_profit": 41840,
            "gross_margin": 8.6,
            "gross_margin_4q_avg": 5.41,
            "net_income": -8917,
            "net_income_4q": null,
            "revenue": 486309,
            "revenue_4q": null,
            "common_shares": 1384859,
            "book_valuer_per_share": 12.79,
            "book_valuer_per_share_4q_avg": 13.27,
            "equity": 1770885,
            "current_ratio": 455.37,
            "debt_ratio": 24.13,
            "inventory_turnover_ratio": 0.8,
            "account_receivable_turnover_ratio": 0.8,
            "reinvestment_rate": null,
            "research_to_sale_ratio": 5.42,
            "price_fair": 56,
            "eps_avg_yearly": 1.6,
            "eps_latest_yearly": 1.48,
            "eps_growth_yearly": 132.1
        },
        "20133": {
            "year_quarter": 20133,
            "year": 2013,
            "quarter": 3,
            "eps": -0.08,
            "eps_growth_year": -177.28,
            "eps_4q": -1.4,
            "eps_4q_growth_year": null,
            "roe": -0.6,
            "roe_4q": -13.209999999999999,
            "gross_profit": 74503,
            "gross_margin": 13.88,
            "gross_margin_4q_avg": 4.75,
            "net_income": -11872,
            "net_income_4q": null,
            "revenue": 536944,
            "revenue_4q": null,
            "common_shares": 1784859,
            "book_valuer_per_share": 12.13,
            "book_valuer_per_share_4q_avg": 12.7,
            "equity": 2164764,
            "current_ratio": 501.9,
            "debt_ratio": 19.5,
            "inventory_turnover_ratio": 0.95,
            "account_receivable_turnover_ratio": 0.9,
            "reinvestment_rate": null,
            "research_to_sale_ratio": 5.06,
            "price_fair": 41.45,
            "eps_avg_yearly": 1.65,
            "eps_latest_yearly": 1.48,
            "eps_growth_yearly": 15.12
        },
        "20134": {
            "year_quarter": 20134,
            "year": 2013,
            "quarter": 4,
            "eps": -0.44,
            "eps_growth_year": null,
            "eps_4q": -0.66,
            "eps_4q_growth_year": null,
            "roe": -3.69,
            "roe_4q": -5.78,
            "gross_profit": -2495,
            "gross_margin": -0.5,
            "gross_margin_4q_avg": 9.28,
            "net_income": -78450,
            "net_income_4q": null,
            "revenue": 501477,
            "revenue_4q": null,
            "common_shares": 1784859,
            "book_valuer_per_share": 11.71,
            "book_valuer_per_share_4q_avg": 12.4,
            "equity": 2090745,
            "current_ratio": 464.1,
            "debt_ratio": 17.68,
            "inventory_turnover_ratio": 1.23,
            "account_receivable_turnover_ratio": 0.86,
            "reinvestment_rate": null,
            "research_to_sale_ratio": 6.09,
            "price_fair": 45.33,
            "eps_avg_yearly": 1.72,
            "eps_latest_yearly": 1.48,
            "eps_growth_yearly": 16.35
        },
        "20141": {
            "year_quarter": 20141,
            "year": 2014,
            "quarter": 1,
            "eps": 0.19,
            "eps_growth_year": null,
            "eps_4q": -0.4,
            "eps_4q_growth_year": null,
            "roe": 1.33,
            "roe_4q": -3.46,
            "gross_profit": 65788,
            "gross_margin": 14.85,
            "gross_margin_4q_avg": 9.21,
            "net_income": 28254,
            "net_income_4q": null,
            "revenue": 442908,
            "revenue_4q": null,
            "common_shares": 1795534,
            "book_valuer_per_share": 11.98,
            "book_valuer_per_share_4q_avg": 12.15,
            "equity": 2150645,
            "current_ratio": 568.67,
            "debt_ratio": 14.42,
            "inventory_turnover_ratio": 1.02,
            "account_receivable_turnover_ratio": 0.83,
            "reinvestment_rate": null,
            "research_to_sale_ratio": 4.85,
            "price_fair": 21.91,
            "eps_avg_yearly": 1.78,
            "eps_latest_yearly": 1.48,
            "eps_growth_yearly": 2.31
        },
        "20142": {
            "year_quarter": 20142,
            "year": 2014,
            "quarter": 2,
            "eps": 0.1,
            "eps_growth_year": null,
            "eps_4q": -0.25,
            "eps_4q_growth_year": null,
            "roe": 0.8,
            "roe_4q": -2.16,
            "gross_profit": 81966,
            "gross_margin": 15.01,
            "gross_margin_4q_avg": 10.81,
            "net_income": 17297,
            "net_income_4q": null,
            "revenue": 546060,
            "revenue_4q": null,
            "common_shares": 1796184,
            "book_valuer_per_share": 12,
            "book_valuer_per_share_4q_avg": 11.96,
            "equity": 2154651,
            "current_ratio": 466.64,
            "debt_ratio": 17.97,
            "inventory_turnover_ratio": 1.26,
            "account_receivable_turnover_ratio": 1.06,
            "reinvestment_rate": null,
            "research_to_sale_ratio": 3.39,
            "price_fair": 2.82,
            "eps_avg_yearly": 0.94,
            "eps_latest_yearly": 0.4,
            "eps_growth_yearly": -152.43
        },
        "20143": {
            "year_quarter": 20143,
            "year": 2014,
            "quarter": 3,
            "eps": 0.29,
            "eps_growth_year": null,
            "eps_4q": 0.1,
            "eps_4q_growth_year": null,
            "roe": 2.33,
            "roe_4q": 0.77,
            "gross_profit": 96389,
            "gross_margin": 17.34,
            "gross_margin_4q_avg": 11.68,
            "net_income": 50703,
            "net_income_4q": null,
            "revenue": 555894,
            "revenue_4q": null,
            "common_shares": 1814284,
            "book_valuer_per_share": 12.15,
            "book_valuer_per_share_4q_avg": 11.96,
            "equity": 2203939,
            "current_ratio": 484.16,
            "debt_ratio": 17.37,
            "inventory_turnover_ratio": 1.2,
            "account_receivable_turnover_ratio": 1.02,
            "reinvestment_rate": null,
            "research_to_sale_ratio": 2.54,
            "price_fair": 27.3,
            "eps_avg_yearly": 0.78,
            "eps_latest_yearly": 1.16,
            "eps_growth_yearly": 285.26
        },
        "20144": {
            "year_quarter": 20144,
            "year": 2014,
            "quarter": 4,
            "eps": 0.42,
            "eps_growth_year": null,
            "eps_4q": 0.96,
            "eps_4q_growth_year": null,
            "roe": 3.43,
            "roe_4q": 7.89,
            "gross_profit": 146834,
            "gross_margin": 28.44,
            "gross_margin_4q_avg": 18.91,
            "net_income": 77166,
            "net_income_4q": null,
            "revenue": 516251,
            "revenue_4q": null,
            "common_shares": 1814284,
            "book_valuer_per_share": 12.63,
            "book_valuer_per_share_4q_avg": 12.19,
            "equity": 2293663,
            "current_ratio": 610.19,
            "debt_ratio": 13.91,
            "inventory_turnover_ratio": 0.97,
            "account_receivable_turnover_ratio": 1.01,
            "reinvestment_rate": null,
            "research_to_sale_ratio": 3.6,
            "price_fair": 37.8,
            "eps_avg_yearly": 1.08,
            "eps_latest_yearly": 1.68,
            "eps_growth_yearly": 249.95
        },
        "20151": {
            "year_quarter": 20151,
            "year": 2015,
            "quarter": 1,
            "eps": 0.27,
            "eps_growth_year": 42.11,
            "eps_4q": 1.07,
            "eps_4q_growth_year": null,
            "roe": 2.1,
            "roe_4q": 8.66,
            "gross_profit": 102869,
            "gross_margin": 23.95,
            "gross_margin_4q_avg": 21.19,
            "net_income": 48724,
            "net_income_4q": null,
            "revenue": 429445,
            "revenue_4q": null,
            "common_shares": 1816872,
            "book_valuer_per_share": 12.89,
            "book_valuer_per_share_4q_avg": 12.42,
            "equity": 2341111,
            "current_ratio": 516.08,
            "debt_ratio": 16.3,
            "inventory_turnover_ratio": 0.75,
            "account_receivable_turnover_ratio": 0.99,
            "reinvestment_rate": null,
            "research_to_sale_ratio": 3.44,
            "price_fair": 37.8,
            "eps_avg_yearly": 1.08,
            "eps_latest_yearly": 1.08,
            "eps_growth_yearly": 151.74
        },
        "20152": {
            "year_quarter": 20152,
            "year": 2015,
            "quarter": 2,
            "eps": 0.13,
            "eps_growth_year": 30,
            "eps_4q": 2.45,
            "eps_4q_growth_year": null,
            "roe": 1.29,
            "roe_4q": 9.15,
            "gross_profit": 83141,
            "gross_margin": 21.79,
            "gross_margin_4q_avg": 22.88,
            "net_income": 23392,
            "net_income_4q": null,
            "revenue": 381484,
            "revenue_4q": null,
            "common_shares": 1815502,
            "book_valuer_per_share": 15.85,
            "book_valuer_per_share_4q_avg": 13.38,
            "equity": 1293635,
            "current_ratio": 162.68,
            "debt_ratio": 51.11,
            "inventory_turnover_ratio": 0.61,
            "account_receivable_turnover_ratio": 1.06,
            "reinvestment_rate": null,
            "research_to_sale_ratio": 3.63,
            "price_fair": 33.88,
            "eps_avg_yearly": 0.97,
            "eps_latest_yearly": 0.52,
            "eps_growth_yearly": 79.91
        },
        "20153": {
            "year_quarter": 20153,
            "year": 2015,
            "quarter": 3,
            "eps": 0.33,
            "eps_growth_year": 13.79,
            "eps_4q": 2.22,
            "eps_4q_growth_year": 2163.57,
            "roe": 2.43,
            "roe_4q": 9.25,
            "gross_profit": 79531,
            "gross_margin": 20.6,
            "gross_margin_4q_avg": 23.7,
            "net_income": 31912,
            "net_income_4q": null,
            "revenue": 386002,
            "revenue_4q": null,
            "common_shares": 815718,
            "book_valuer_per_share": 16.28,
            "book_valuer_per_share_4q_avg": 14.41,
            "equity": 1328064,
            "current_ratio": 440.65,
            "debt_ratio": 16.66,
            "inventory_turnover_ratio": 0.71,
            "account_receivable_turnover_ratio": 1.15,
            "reinvestment_rate": null,
            "research_to_sale_ratio": 3.81,
            "price_fair": 35.93,
            "eps_avg_yearly": 1.03,
            "eps_latest_yearly": 1.32,
            "eps_growth_yearly": 169.16
        },
        "20154": {
            "year_quarter": 20154,
            "year": 2015,
            "quarter": 4,
            "eps": -0.12,
            "eps_growth_year": -127.36,
            "eps_4q": 1.16,
            "eps_4q_growth_year": 21.33,
            "roe": -0.71,
            "roe_4q": 5.11,
            "gross_profit": 47010,
            "gross_margin": 13.11,
            "gross_margin_4q_avg": 19.86,
            "net_income": -9485,
            "net_income_4q": null,
            "revenue": 358693,
            "revenue_4q": null,
            "common_shares": 815808,
            "book_valuer_per_share": 16.26,
            "book_valuer_per_share_4q_avg": 15.32,
            "equity": 1326896,
            "current_ratio": 401.49,
            "debt_ratio": 18.13,
            "inventory_turnover_ratio": 0.92,
            "account_receivable_turnover_ratio": 1.11,
            "reinvestment_rate": null,
            "research_to_sale_ratio": 4.97,
            "price_fair": 35.93,
            "eps_avg_yearly": 1.03,
            "eps_latest_yearly": 1.32,
            "eps_growth_yearly": 169.16
        },
        "20161": {
            "year_quarter": 20161,
            "year": 2016,
            "quarter": 1,
            "eps": 0.09,
            "eps_growth_year": -66.67,
            "eps_4q": 0.65,
            "eps_4q_growth_year": -38.89,
            "roe": 0.55,
            "roe_4q": 3.5600000000000005,
            "gross_profit": 63919,
            "gross_margin": 19.07,
            "gross_margin_4q_avg": 18.64,
            "net_income": 7386,
            "net_income_4q": null,
            "revenue": 335264,
            "revenue_4q": null,
            "common_shares": 815808,
            "book_valuer_per_share": 16.38,
            "book_valuer_per_share_4q_avg": 16.19,
            "equity": 1336573,
            "current_ratio": 406.98,
            "debt_ratio": 17.87,
            "inventory_turnover_ratio": 0.89,
            "account_receivable_turnover_ratio": 1.14,
            "reinvestment_rate": null,
            "research_to_sale_ratio": 4.58,
            "price_fair": 35.93,
            "eps_avg_yearly": 1.03,
            "eps_latest_yearly": 1.32,
            "eps_growth_yearly": 169.16
        },
        "20162": {
            "year_quarter": 20162,
            "year": 2016,
            "quarter": 2,
            "eps": 0.65,
            "eps_growth_year": 400,
            "eps_4q": 1.02,
            "eps_4q_growth_year": -58.5,
            "roe": 4.02,
            "roe_4q": 6.289999999999999,
            "gross_profit": 66226,
            "gross_margin": 17.57,
            "gross_margin_4q_avg": 17.59,
            "net_income": 53123,
            "net_income_4q": null,
            "revenue": 376875,
            "revenue_4q": null,
            "common_shares": 815647,
            "book_valuer_per_share": 16.03,
            "book_valuer_per_share_4q_avg": 16.24,
            "equity": 1307158,
            "current_ratio": 309.53,
            "debt_ratio": 24.59,
            "inventory_turnover_ratio": 0.95,
            "account_receivable_turnover_ratio": 1.25,
            "reinvestment_rate": -999.83,
            "research_to_sale_ratio": 4.44,
            "price_fair": 43.8,
            "eps_avg_yearly": 1.25,
            "eps_latest_yearly": 2.6,
            "eps_growth_yearly": 500.55
        },
        "20163": {
            "year_quarter": 20163,
            "year": 2016,
            "quarter": 3,
            "eps": 0.09,
            "eps_growth_year": -72.73,
            "eps_4q": 0.72,
            "eps_4q_growth_year": -67.53,
            "roe": 0.54,
            "roe_4q": 4.3999999999999995,
            "gross_profit": 77647,
            "gross_margin": 15.37,
            "gross_margin_4q_avg": 16.28,
            "net_income": 7129,
            "net_income_4q": null,
            "revenue": 505336,
            "revenue_4q": null,
            "common_shares": 816110,
            "book_valuer_per_share": 16.08,
            "book_valuer_per_share_4q_avg": 16.19,
            "equity": 1311851,
            "current_ratio": 284.52,
            "debt_ratio": 27.15,
            "inventory_turnover_ratio": 1.14,
            "account_receivable_turnover_ratio": 1.34,
            "reinvestment_rate": -2045.67,
            "research_to_sale_ratio": 3.06,
            "price_fair": 39.9,
            "eps_avg_yearly": 1.14,
            "eps_latest_yearly": 0.36,
            "eps_growth_yearly": 394.9
        },
        "20164": {
            "year_quarter": 20164,
            "year": 2016,
            "quarter": 4,
            "eps": 0.04,
            "eps_growth_year": null,
            "eps_4q": 0.88,
            "eps_4q_growth_year": -23.84,
            "roe": 0.24,
            "roe_4q": 5.35,
            "gross_profit": 69052,
            "gross_margin": 13.87,
            "gross_margin_4q_avg": 16.47,
            "net_income": 3103,
            "net_income_4q": null,
            "revenue": 497963,
            "revenue_4q": null,
            "common_shares": 812826,
            "book_valuer_per_share": 16.14,
            "book_valuer_per_share_4q_avg": 16.16,
            "equity": 1315972,
            "current_ratio": 301.86,
            "debt_ratio": 25.66,
            "inventory_turnover_ratio": 1.05,
            "account_receivable_turnover_ratio": 1.13,
            "reinvestment_rate": -60.61,
            "research_to_sale_ratio": 5.04,
            "price_fair": 36.09,
            "eps_avg_yearly": 1.03,
            "eps_latest_yearly": 0.16,
            "eps_growth_yearly": 326.33
        },
        "20171": {
            "year_quarter": 20171,
            "year": 2017,
            "quarter": 1,
            "eps": -0.27,
            "eps_growth_year": -400,
            "eps_4q": 0.53,
            "eps_4q_growth_year": -19.3,
            "roe": -1.69,
            "roe_4q": 3.1099999999999994,
            "gross_profit": 50260,
            "gross_margin": 13.24,
            "gross_margin_4q_avg": 15.01,
            "net_income": -22085,
            "net_income_4q": null,
            "revenue": 379708,
            "revenue_4q": null,
            "common_shares": 812826,
            "book_valuer_per_share": 15.87,
            "book_valuer_per_share_4q_avg": 16.03,
            "equity": 1293514,
            "current_ratio": 346.98,
            "debt_ratio": 21.99,
            "inventory_turnover_ratio": 0.75,
            "account_receivable_turnover_ratio": 0.97,
            "reinvestment_rate": -50.8,
            "research_to_sale_ratio": 4.82,
            "price_fair": 36.09,
            "eps_avg_yearly": 1.03,
            "eps_latest_yearly": 0.16,
            "eps_growth_yearly": 326.33
        },
        "20172": {
            "year_quarter": 20172,
            "year": 2017,
            "quarter": 2,
            "eps": 0.12,
            "eps_growth_year": -81.54,
            "eps_4q": -0.01,
            "eps_4q_growth_year": -100.92,
            "roe": 0.75,
            "roe_4q": -0.15999999999999992,
            "gross_profit": 78610,
            "gross_margin": 16.56,
            "gross_margin_4q_avg": 14.76,
            "net_income": 9569,
            "net_income_4q": null,
            "revenue": 474693,
            "revenue_4q": null,
            "common_shares": 812826,
            "book_valuer_per_share": 15.28,
            "book_valuer_per_share_4q_avg": 15.84,
            "equity": 1246211,
            "current_ratio": 342.6,
            "debt_ratio": 22.12,
            "inventory_turnover_ratio": 0.85,
            "account_receivable_turnover_ratio": 1.23,
            "reinvestment_rate": -38.87,
            "research_to_sale_ratio": 3.05,
            "price_fair": 36.09,
            "eps_avg_yearly": 1.03,
            "eps_latest_yearly": 0.16,
            "eps_growth_yearly": 326.33
        },
        "20173": {
            "year_quarter": 20173,
            "year": 2017,
            "quarter": 3,
            "eps": 0.29,
            "eps_growth_year": 222.22,
            "eps_4q": 0.18,
            "eps_4q_growth_year": -74.65,
            "roe": 1.79,
            "roe_4q": 1.09,
            "gross_profit": 95965,
            "gross_margin": 16.02,
            "gross_margin_4q_avg": 14.92,
            "net_income": 22900,
            "net_income_4q": null,
            "revenue": 598898,
            "revenue_4q": null,
            "common_shares": 812910,
            "book_valuer_per_share": 15.72,
            "book_valuer_per_share_4q_avg": 15.75,
            "equity": 1308476,
            "current_ratio": 262.44,
            "debt_ratio": 29.75,
            "inventory_turnover_ratio": 1.05,
            "account_receivable_turnover_ratio": 1.2,
            "reinvestment_rate": -30.83,
            "research_to_sale_ratio": 3.04,
            "price_fair": 36.54,
            "eps_avg_yearly": 1.04,
            "eps_latest_yearly": 1.16,
            "eps_growth_yearly": 350.37
        },
        "20174": {
            "year_quarter": 20174,
            "year": 2017,
            "quarter": 4,
            "eps": 0.34,
            "eps_growth_year": 677.61,
            "eps_4q": 0.48,
            "eps_4q_growth_year": -45.38,
            "roe": 2.04,
            "roe_4q": 2.89,
            "gross_profit": 113482,
            "gross_margin": 16.78,
            "gross_margin_4q_avg": 15.65,
            "net_income": 26993,
            "net_income_4q": null,
            "revenue": 676332,
            "revenue_4q": null,
            "common_shares": 813405,
            "book_valuer_per_share": 16.02,
            "book_valuer_per_share_4q_avg": 15.72,
            "equity": 1332553,
            "current_ratio": 261.94,
            "debt_ratio": 30.24,
            "inventory_turnover_ratio": 1.17,
            "account_receivable_turnover_ratio": 1.14,
            "reinvestment_rate": -16.96,
            "research_to_sale_ratio": 3.7,
            "price_fair": 37.55,
            "eps_avg_yearly": 1.07,
            "eps_latest_yearly": 1.36,
            "eps_growth_yearly": 324.79
        },
        "20181": {
            "year_quarter": 20181,
            "year": 2018,
            "quarter": 1,
            "eps": 0.18,
            "eps_growth_year": null,
            "eps_4q": 0.92,
            "eps_4q_growth_year": 75.37,
            "roe": 1.05,
            "roe_4q": 5.63,
            "gross_profit": 85142,
            "gross_margin": 15.2,
            "gross_margin_4q_avg": 16.14,
            "net_income": 14100,
            "net_income_4q": null,
            "revenue": 560041,
            "revenue_4q": null,
            "common_shares": 813405,
            "book_valuer_per_share": 16.22,
            "book_valuer_per_share_4q_avg": 15.81,
            "equity": 1348729,
            "current_ratio": 236.65,
            "debt_ratio": 33.1,
            "inventory_turnover_ratio": 0.95,
            "account_receivable_turnover_ratio": 1.02,
            "reinvestment_rate": -33.18,
            "research_to_sale_ratio": 3.49,
            "price_fair": 36.52,
            "eps_avg_yearly": 1.04,
            "eps_latest_yearly": 0.72,
            "eps_growth_yearly": 282.03
        },
        "20182": {
            "year_quarter": 20182,
            "year": 2018,
            "quarter": 2,
            "eps": 0.74,
            "eps_growth_year": 516.67,
            "eps_4q": 1.54,
            "eps_4q_growth_year": null,
            "roe": 4.4,
            "roe_4q": 9.280000000000001,
            "gross_profit": 141801,
            "gross_margin": 19.62,
            "gross_margin_4q_avg": 16.91,
            "net_income": 59971,
            "net_income_4q": null,
            "revenue": 722842,
            "revenue_4q": null,
            "common_shares": 813405,
            "book_valuer_per_share": 16.56,
            "book_valuer_per_share_4q_avg": 16.13,
            "equity": 1376383,
            "current_ratio": 198.2,
            "debt_ratio": 38.36,
            "inventory_turnover_ratio": 1.05,
            "account_receivable_turnover_ratio": 1.32,
            "reinvestment_rate": -23.81,
            "research_to_sale_ratio": 2.4,
            "price_fair": 43.98,
            "eps_avg_yearly": 1.26,
            "eps_latest_yearly": 2.96,
            "eps_growth_yearly": 401.53
        },
        "20183": {
            "year_quarter": 20183,
            "year": 2018,
            "quarter": 3,
            "eps": 0.67,
            "eps_growth_year": 131.03,
            "eps_4q": 1.93,
            "eps_4q_growth_year": 953,
            "roe": 3.73,
            "roe_4q": 11.220000000000002,
            "gross_profit": 157315,
            "gross_margin": 19.62,
            "gross_margin_4q_avg": 17.81,
            "net_income": 52171,
            "net_income_4q": null,
            "revenue": 801806,
            "revenue_4q": null,
            "common_shares": 813405,
            "book_valuer_per_share": 17.18,
            "book_valuer_per_share_4q_avg": 16.5,
            "equity": 1423788,
            "current_ratio": 187.92,
            "debt_ratio": 41.1,
            "inventory_turnover_ratio": 1.05,
            "account_receivable_turnover_ratio": 1.2,
            "reinvestment_rate": -23.04,
            "research_to_sale_ratio": 2.09,
            "price_fair": 48.42,
            "eps_avg_yearly": 1.38,
            "eps_latest_yearly": 2.68,
            "eps_growth_yearly": 335.04
        },
        "20184": {
            "year_quarter": 20184,
            "year": 2018,
            "quarter": 4,
            "eps": 0.46,
            "eps_growth_year": 34.21,
            "eps_4q": 2.04,
            "eps_4q_growth_year": 323.79,
            "roe": 2.33,
            "roe_4q": 11.510000000000002,
            "gross_profit": 115471,
            "gross_margin": 18.49,
            "gross_margin_4q_avg": 18.23,
            "net_income": 33657,
            "net_income_4q": null,
            "revenue": 624401,
            "revenue_4q": null,
            "common_shares": 813405,
            "book_valuer_per_share": 17.67,
            "book_valuer_per_share_4q_avg": 16.91,
            "equity": 1459751,
            "current_ratio": 205.04,
            "debt_ratio": 37.5,
            "inventory_turnover_ratio": 0.71,
            "account_receivable_turnover_ratio": 0.95,
            "reinvestment_rate": -24.62,
            "research_to_sale_ratio": 3.76,
            "price_fair": 48.88,
            "eps_avg_yearly": 1.4,
            "eps_latest_yearly": 1.84,
            "eps_growth_yearly": 309.65
        },
        "20191": {
            "year_quarter": 20191,
            "year": 2019,
            "quarter": 1,
            "eps": 0.23,
            "eps_growth_year": 27.78,
            "eps_4q": 2.09,
            "eps_4q_growth_year": 126.98,
            "roe": 1.12,
            "roe_4q": 11.58,
            "gross_profit": 88556,
            "gross_margin": 17.74,
            "gross_margin_4q_avg": 18.87,
            "net_income": 16486,
            "net_income_4q": null,
            "revenue": 499205,
            "revenue_4q": null,
            "common_shares": 813405,
            "book_valuer_per_share": 17.9,
            "book_valuer_per_share_4q_avg": 17.33,
            "equity": 1477167,
            "current_ratio": 227.47,
            "debt_ratio": 32.88,
            "inventory_turnover_ratio": 0.52,
            "account_receivable_turnover_ratio": 0.91,
            "reinvestment_rate": -26.26,
            "research_to_sale_ratio": 5.04,
            "price_fair": 48.42,
            "eps_avg_yearly": 1.38,
            "eps_latest_yearly": 0.92,
            "eps_growth_yearly": 304.89
        },
        "20192": {
            "year_quarter": 20192,
            "year": 2019,
            "quarter": 2,
            "eps": 0.12,
            "eps_growth_year": -83.78,
            "eps_4q": 1.48,
            "eps_4q_growth_year": -3.8,
            "roe": 0.48,
            "roe_4q": 7.66,
            "gross_profit": 79143,
            "gross_margin": 15.03,
            "gross_margin_4q_avg": 17.72,
            "net_income": 6965,
            "net_income_4q": null,
            "revenue": 526430,
            "revenue_4q": null,
            "common_shares": 813405,
            "book_valuer_per_share": 17,
            "book_valuer_per_share_4q_avg": 17.44,
            "equity": 1400518,
            "current_ratio": 196.31,
            "debt_ratio": 38.87,
            "inventory_turnover_ratio": 0.54,
            "account_receivable_turnover_ratio": 1,
            "reinvestment_rate": -27.37,
            "research_to_sale_ratio": 4.42,
            "price_fair": 48.3,
            "eps_avg_yearly": 1.38,
            "eps_latest_yearly": 0.48,
            "eps_growth_yearly": 306.23
        },
        "20193": {
            "year_quarter": 20193,
            "year": 2019,
            "quarter": 3,
            "eps": 0.22,
            "eps_growth_year": -67.16,
            "eps_4q": 1.03,
            "eps_4q_growth_year": -46.29,
            "roe": 1.14,
            "roe_4q": 5.07,
            "gross_profit": 87846,
            "gross_margin": 15.26,
            "gross_margin_4q_avg": 16.63,
            "net_income": 15989,
            "net_income_4q": null,
            "revenue": 575480,
            "revenue_4q": null,
            "common_shares": 813405,
            "book_valuer_per_share": 17.2,
            "book_valuer_per_share_4q_avg": 17.44,
            "equity": 1414360,
            "current_ratio": 199.16,
            "debt_ratio": 38.76,
            "inventory_turnover_ratio": 0.57,
            "account_receivable_turnover_ratio": 1,
            "reinvestment_rate": -24.95,
            "research_to_sale_ratio": 3.96,
            "price_fair": 47.02,
            "eps_avg_yearly": 1.34,
            "eps_latest_yearly": 0.88,
            "eps_growth_yearly": 282.73
        },
        "20194": {
            "year_quarter": 20194,
            "year": 2019,
            "quarter": 4,
            "eps": 0.1,
            "eps_growth_year": -77.32,
            "eps_4q": 0.68,
            "eps_4q_growth_year": -66.82,
            "roe": 0.18,
            "roe_4q": 2.92,
            "gross_profit": 87018,
            "gross_margin": 14.12,
            "gross_margin_4q_avg": 15.54,
            "net_income": 2489,
            "net_income_4q": null,
            "revenue": 616134,
            "revenue_4q": null,
            "common_shares": 813405,
            "book_valuer_per_share": 17.3,
            "book_valuer_per_share_4q_avg": 17.35,
            "equity": 1416050,
            "current_ratio": 210.45,
            "debt_ratio": 37.05,
            "inventory_turnover_ratio": 0.63,
            "account_receivable_turnover_ratio": 1.06,
            "reinvestment_rate": -23.35,
            "research_to_sale_ratio": 4.67,
            "price_fair": 44.48,
            "eps_avg_yearly": 1.27,
            "eps_latest_yearly": 0.4,
            "eps_growth_yearly": 244.19
        },
        "20201": {
            "year_quarter": 20201,
            "year": 2020,
            "quarter": 1,
            "eps": 0.29,
            "eps_growth_year": 26.09,
            "eps_4q": 0.74,
            "eps_4q_growth_year": -64.62,
            "roe": 1.56,
            "roe_4q": 3.36,
            "gross_profit": 78701,
            "gross_margin": 14.41,
            "gross_margin_4q_avg": 14.71,
            "net_income": 22296,
            "net_income_4q": null,
            "revenue": 546063,
            "revenue_4q": null,
            "common_shares": 813405,
            "book_valuer_per_share": 17.55,
            "book_valuer_per_share_4q_avg": 17.26,
            "equity": 1435412,
            "current_ratio": 227.99,
            "debt_ratio": 34.25,
            "inventory_turnover_ratio": 0.58,
            "account_receivable_turnover_ratio": 1.06,
            "reinvestment_rate": -24.26,
            "research_to_sale_ratio": 4.41,
            "price_fair": 44.2,
            "eps_avg_yearly": 1.26,
            "eps_latest_yearly": 1.16,
            "eps_growth_yearly": 281.04
        },
        "20202": {
            "year_quarter": 20202,
            "year": 2020,
            "quarter": 2,
            "eps": 0.57,
            "eps_growth_year": 375,
            "eps_4q": 1.19,
            "eps_4q_growth_year": -19.59,
            "roe": 3.3,
            "roe_4q": 6.179999999999999,
            "gross_profit": 128028,
            "gross_margin": 16.53,
            "gross_margin_4q_avg": 15.08,
            "net_income": 47617,
            "net_income_4q": null,
            "revenue": 774447,
            "revenue_4q": null,
            "common_shares": 813405,
            "book_valuer_per_share": 17.73,
            "book_valuer_per_share_4q_avg": 17.45,
            "equity": 1451159,
            "current_ratio": 211.63,
            "debt_ratio": 37.65,
            "inventory_turnover_ratio": 0.82,
            "account_receivable_turnover_ratio": 1.32,
            "reinvestment_rate": -20.93,
            "research_to_sale_ratio": 3.15,
            "price_fair": 43.4,
            "eps_avg_yearly": 1.24,
            "eps_latest_yearly": 2.28,
            "eps_growth_yearly": 130.85
        },
        "20203": {
            "year_quarter": 20203,
            "year": 2020,
            "quarter": 3,
            "eps": 0.68,
            "eps_growth_year": 209.09,
            "eps_4q": 1.65,
            "eps_4q_growth_year": 59.3,
            "roe": 3.65,
            "roe_4q": 8.69,
            "gross_profit": 142956,
            "gross_margin": 16.78,
            "gross_margin_4q_avg": 15.46,
            "net_income": 54069,
            "net_income_4q": null,
            "revenue": 851829,
            "revenue_4q": null,
            "common_shares": 813405,
            "book_valuer_per_share": 18.5,
            "book_valuer_per_share_4q_avg": 17.77,
            "equity": 1512770,
            "current_ratio": 215.02,
            "debt_ratio": 37.65,
            "inventory_turnover_ratio": 0.91,
            "account_receivable_turnover_ratio": 1.16,
            "reinvestment_rate": -16.84,
            "research_to_sale_ratio": 2.89,
            "price_fair": 49.3,
            "eps_avg_yearly": 1.41,
            "eps_latest_yearly": 2.72,
            "eps_growth_yearly": 160.98
        },
        "20204": {
            "year_quarter": 20204,
            "year": 2020,
            "quarter": 4,
            "eps": 0.9,
            "eps_growth_year": 756.64,
            "eps_4q": 2.44,
            "eps_4q_growth_year": 259.79,
            "roe": 4.65,
            "roe_4q": 13.160000000000002,
            "gross_profit": 162158,
            "gross_margin": 17.01,
            "gross_margin_4q_avg": 16.18,
            "net_income": 72366,
            "net_income_4q": null,
            "revenue": 953437,
            "revenue_4q": null,
            "common_shares": 813405,
            "book_valuer_per_share": 19.63,
            "book_valuer_per_share_4q_avg": 18.35,
            "equity": 1599991,
            "current_ratio": 195.15,
            "debt_ratio": 41.66,
            "inventory_turnover_ratio": 1.06,
            "account_receivable_turnover_ratio": 1.2,
            "reinvestment_rate": 12.55,
            "research_to_sale_ratio": 2.86,
            "price_fair": 57.9,
            "eps_avg_yearly": 1.65,
            "eps_latest_yearly": 3.6,
            "eps_growth_yearly": 186.09
        },
        "20211": {
            "year_quarter": 20211,
            "year": 2021,
            "quarter": 1,
            "eps": 1.4,
            "eps_growth_year": 382.76,
            "eps_4q": 3.55,
            "eps_4q_growth_year": 379.25,
            "roe": 6.85,
            "roe_4q": 18.45,
            "gross_profit": 223782,
            "gross_margin": 21.75,
            "gross_margin_4q_avg": 18.02,
            "net_income": 113637,
            "net_income_4q": null,
            "revenue": 1028777,
            "revenue_4q": null,
            "common_shares": 813405,
            "book_valuer_per_share": 21.09,
            "book_valuer_per_share_4q_avg": 19.24,
            "equity": 1718062,
            "current_ratio": 189.33,
            "debt_ratio": 41.93,
            "inventory_turnover_ratio": 1.23,
            "account_receivable_turnover_ratio": 1.2,
            "reinvestment_rate": 10.95,
            "research_to_sale_ratio": 2.24,
            "price_fair": 67.11,
            "eps_avg_yearly": 1.92,
            "eps_latest_yearly": 5.6,
            "eps_growth_yearly": 188.5
        },
        "20212": {
            "year_quarter": 20212,
            "year": 2021,
            "quarter": 2,
            "eps": 1.71,
            "eps_growth_year": 200,
            "eps_4q": 4.69,
            "eps_4q_growth_year": 293.68,
            "roe": 7.82,
            "roe_4q": 22.97,
            "gross_profit": 302630,
            "gross_margin": 29.36,
            "gross_margin_4q_avg": 21.23,
            "net_income": 139878,
            "net_income_4q": null,
            "revenue": 1030723,
            "revenue_4q": null,
            "common_shares": 813405,
            "book_valuer_per_share": 22.82,
            "book_valuer_per_share_4q_avg": 20.51,
            "equity": 1858933,
            "current_ratio": 198.5,
            "debt_ratio": 40.95,
            "inventory_turnover_ratio": 1.3,
            "account_receivable_turnover_ratio": 1.15,
            "reinvestment_rate": 18.49,
            "research_to_sale_ratio": 2.66,
            "price_fair": 77.88,
            "eps_avg_yearly": 2.23,
            "eps_latest_yearly": 6.84,
            "eps_growth_yearly": 182.26
        },
        "20213": {
            "year_quarter": 20213,
            "year": 2021,
            "quarter": 3,
            "eps": 2.38,
            "eps_growth_year": 250,
            "eps_4q": 6.39,
            "eps_4q_growth_year": 287.96,
            "roe": 10,
            "roe_4q": 29.32,
            "gross_profit": 350145,
            "gross_margin": 33.86,
            "gross_margin_4q_avg": 25.5,
            "net_income": 192736,
            "net_income_4q": null,
            "revenue": 1034101,
            "revenue_4q": null,
            "common_shares": 813405,
            "book_valuer_per_share": 24.5,
            "book_valuer_per_share_4q_avg": 22.01,
            "equity": 1995269,
            "current_ratio": 178.27,
            "debt_ratio": 41.55,
            "inventory_turnover_ratio": 1.23,
            "account_receivable_turnover_ratio": 1.12,
            "reinvestment_rate": 18.75,
            "research_to_sale_ratio": 3.25,
            "price_fair": 96.16,
            "eps_avg_yearly": 2.75,
            "eps_latest_yearly": 9.52,
            "eps_growth_yearly": 156.63
        },
        "20214": {
            "year_quarter": 20214,
            "year": 2021,
            "quarter": 4,
            "eps": 2.53,
            "eps_growth_year": 182.45,
            "eps_4q": 8.03,
            "eps_4q_growth_year": 229.11,
            "roe": 9.77,
            "roe_4q": 34.44,
            "gross_profit": 373873,
            "gross_margin": 33.68,
            "gross_margin_4q_avg": 29.66,
            "net_income": 205229,
            "net_income_4q": null,
            "revenue": 1110038,
            "revenue_4q": null,
            "common_shares": 813405,
            "book_valuer_per_share": 27.12,
            "book_valuer_per_share_4q_avg": 23.88,
            "equity": 2207428,
            "current_ratio": 194.15,
            "debt_ratio": 38.23,
            "inventory_turnover_ratio": 1.25,
            "account_receivable_turnover_ratio": 1.13,
            "reinvestment_rate": 15.76,
            "research_to_sale_ratio": 3.18,
            "price_fair": 115.33,
            "eps_avg_yearly": 3.3,
            "eps_latest_yearly": 10.12,
            "eps_growth_yearly": 153.9
        },
        "20221": {
            "year_quarter": 20221,
            "year": 2022,
            "quarter": 1,
            "eps": 3.53,
            "eps_growth_year": 152.14,
            "eps_4q": 10.15,
            "eps_4q_growth_year": 185.77,
            "roe": 12.21,
            "roe_4q": 39.8,
            "gross_profit": 432205,
            "gross_margin": 38.19,
            "gross_margin_4q_avg": 33.77,
            "net_income": 286235,
            "net_income_4q": null,
            "revenue": 1131708,
            "revenue_4q": null,
            "common_shares": 813405,
            "book_valuer_per_share": 30.51,
            "book_valuer_per_share_4q_avg": 26.24,
            "equity": 2482776,
            "current_ratio": 219.35,
            "debt_ratio": 35.92,
            "inventory_turnover_ratio": 1.12,
            "account_receivable_turnover_ratio": 1.1,
            "reinvestment_rate": 15.22,
            "research_to_sale_ratio": 2.06,
            "price_fair": 144.64,
            "eps_avg_yearly": 4.13,
            "eps_latest_yearly": 14.12,
            "eps_growth_yearly": 175.55
        },
        "20222": {
            "year_quarter": 20222,
            "year": 2022,
            "quarter": 2,
            "eps": 3.09,
            "eps_growth_year": 80.7,
            "eps_4q": 8.38,
            "eps_4q_growth_year": 78.53,
            "roe": 7.52,
            "roe_4q": 39.5,
            "gross_profit": 438744,
            "gross_margin": 37.72,
            "gross_margin_4q_avg": 35.86,
            "net_income": 287771,
            "net_income_4q": null,
            "revenue": 1163163,
            "revenue_4q": null,
            "common_shares": 1163405,
            "book_valuer_per_share": 44.42,
            "book_valuer_per_share_4q_avg": 31.64,
            "equity": 5168638,
            "current_ratio": 457.14,
            "debt_ratio": 20.18,
            "inventory_turnover_ratio": 1.02,
            "account_receivable_turnover_ratio": 1.08,
            "reinvestment_rate": 13.1,
            "research_to_sale_ratio": 2.41,
            "price_fair": 165.2,
            "eps_avg_yearly": 4.72,
            "eps_latest_yearly": 12.36,
            "eps_growth_yearly": 94.65
        },
        "20223": {
            "year_quarter": 20223,
            "year": 2022,
            "quarter": 3,
            "eps": 2.06,
            "eps_growth_year": -13.45,
            "eps_4q": 8.78,
            "eps_4q_growth_year": 37.35,
            "roe": 4.52,
            "roe_4q": 34.019999999999996,
            "gross_profit": 302038,
            "gross_margin": 33.19,
            "gross_margin_4q_avg": 35.7,
            "net_income": 239335,
            "net_income_4q": null,
            "revenue": 910105,
            "revenue_4q": null,
            "common_shares": 1163405,
            "book_valuer_per_share": 46.53,
            "book_valuer_per_share_4q_avg": 37.15,
            "equity": 5412329,
            "current_ratio": 515.44,
            "debt_ratio": 17.27,
            "inventory_turnover_ratio": 0.71,
            "account_receivable_turnover_ratio": 0.9,
            "reinvestment_rate": 14.48,
            "research_to_sale_ratio": 3.51,
            "price_fair": 177.36,
            "eps_avg_yearly": 5.07,
            "eps_latest_yearly": 8.24,
            "eps_growth_yearly": 88.68
        },
        "20224": {
            "year_quarter": 20224,
            "year": 2022,
            "quarter": 4,
            "eps": 0.72,
            "eps_growth_year": -71.59,
            "eps_4q": 7.67,
            "eps_4q_growth_year": -4.45,
            "roe": 1.54,
            "roe_4q": 25.79,
            "gross_profit": 225190,
            "gross_margin": 31.89,
            "gross_margin_4q_avg": 35.25,
            "net_income": 83756,
            "net_income_4q": null,
            "revenue": 706162,
            "revenue_4q": null,
            "common_shares": 1173405,
            "book_valuer_per_share": 46.7,
            "book_valuer_per_share_4q_avg": 42.04,
            "equity": 5478368,
            "current_ratio": 722.81,
            "debt_ratio": 11.25,
            "inventory_turnover_ratio": 0.53,
            "account_receivable_turnover_ratio": 0.86,
            "reinvestment_rate": 13.04,
            "research_to_sale_ratio": 12.55,
            "price_fair": 179.64,
            "eps_avg_yearly": 5.13,
            "eps_latest_yearly": 2.88,
            "eps_growth_yearly": 80.26
        },
        "20231": {
            "year_quarter": 20231,
            "year": 2023,
            "quarter": 1,
            "eps": 0.49,
            "eps_growth_year": -86.12,
            "eps_4q": 5.69,
            "eps_4q_growth_year": -43.99,
            "roe": 1.03,
            "roe_4q": 14.61,
            "gross_profit": 172652,
            "gross_margin": 26.34,
            "gross_margin_4q_avg": 32.29,
            "net_income": 57183,
            "net_income_4q": null,
            "revenue": 655516,
            "revenue_4q": null,
            "common_shares": 1178905,
            "book_valuer_per_share": 47.35,
            "book_valuer_per_share_4q_avg": 46.25,
            "equity": 5581075,
            "current_ratio": 763.95,
            "debt_ratio": 10.73,
            "inventory_turnover_ratio": 0.55,
            "account_receivable_turnover_ratio": 0.93,
            "reinvestment_rate": 13.64,
            "research_to_sale_ratio": 5.76,
            "price_fair": 181.91,
            "eps_avg_yearly": 5.2,
            "eps_latest_yearly": 1.96,
            "eps_growth_yearly": 84.77
        },
        "20232": {
            "year_quarter": 20232,
            "year": 2023,
            "quarter": 2,
            "eps": 0.59,
            "eps_growth_year": -80.91,
            "eps_4q": 3.83,
            "eps_4q_growth_year": -54.33,
            "roe": 1.29,
            "roe_4q": 8.379999999999999,
            "gross_profit": 158986,
            "gross_margin": 22.12,
            "gross_margin_4q_avg": 28.39,
            "net_income": 68677,
            "net_income_4q": null,
            "revenue": 718793,
            "revenue_4q": null,
            "common_shares": 1178905,
            "book_valuer_per_share": 43.07,
            "book_valuer_per_share_4q_avg": 45.91,
            "equity": 5075774,
            "current_ratio": 432.01,
            "debt_ratio": 18.97,
            "inventory_turnover_ratio": 0.67,
            "account_receivable_turnover_ratio": 0.95,
            "reinvestment_rate": 13.16,
            "research_to_sale_ratio": 5.01,
            "price_fair": 186.03,
            "eps_avg_yearly": 5.32,
            "eps_latest_yearly": 2.36,
            "eps_growth_yearly": 101.83
        },
        "20233": {
            "year_quarter": 20233,
            "year": 2023,
            "quarter": 3,
            "eps": 1.16,
            "eps_growth_year": -43.69,
            "eps_4q": 2.94,
            "eps_4q_growth_year": -66.51,
            "roe": 2.63,
            "roe_4q": 6.49,
            "gross_profit": 208403,
            "gross_margin": 26.39,
            "gross_margin_4q_avg": 26.69,
            "net_income": 135530,
            "net_income_4q": null,
            "revenue": 789722,
            "revenue_4q": null,
            "common_shares": 1178905,
            "book_valuer_per_share": 44.32,
            "book_valuer_per_share_4q_avg": 45.36,
            "equity": 5222821,
            "current_ratio": 663.78,
            "debt_ratio": 11.57,
            "inventory_turnover_ratio": 0.76,
            "account_receivable_turnover_ratio": 0.9,
            "reinvestment_rate": 18.65,
            "research_to_sale_ratio": 5.18,
            "price_fair": 194.25,
            "eps_avg_yearly": 5.55,
            "eps_latest_yearly": 4.64,
            "eps_growth_yearly": 105.15
        },
        "20234": {
            "year_quarter": 20234,
            "year": 2023,
            "quarter": 4,
            "eps": 0.58,
            "eps_growth_year": -19.52,
            "eps_4q": 2.8,
            "eps_4q_growth_year": -63.45,
            "roe": 1.3,
            "roe_4q": 6.25,
            "gross_profit": 204974,
            "gross_margin": 29.83,
            "gross_margin_4q_avg": 26.17,
            "net_income": 68276,
            "net_income_4q": null,
            "revenue": 687131,
            "revenue_4q": null,
            "common_shares": 1178905,
            "book_valuer_per_share": 45.06,
            "book_valuer_per_share_4q_avg": 44.95,
            "equity": 5310921,
            "current_ratio": 752.38,
            "debt_ratio": 9.95,
            "inventory_turnover_ratio": 0.66,
            "account_receivable_turnover_ratio": 0.79,
            "reinvestment_rate": 18.51,
            "research_to_sale_ratio": 5.9,
            "price_fair": 198.45,
            "eps_avg_yearly": 5.67,
            "eps_latest_yearly": 2.32,
            "eps_growth_yearly": 106.28
        }
    },
    "months": {
        "2003-10": {
            "month": "2003-10",
            "price": "38.67",
            "revenue": 162179
        },
        "2003-11": {
            "month": "2003-11",
            "price": "42.93",
            "revenue": 131335
        },
        "2003-12": {
            "month": "2003-12",
            "price": "44.70",
            "revenue": 160459
        },
        "2004-01": {
            "month": "2004-01",
            "price": "52.77",
            "revenue": 152005
        },
        "2004-02": {
            "month": "2004-02",
            "price": "61.02",
            "revenue": 157067
        },
        "2004-03": {
            "month": "2004-03",
            "price": "63.02",
            "revenue": 166314
        },
        "2004-04": {
            "month": "2004-04",
            "price": "48.47",
            "revenue": 169138
        },
        "2004-05": {
            "month": "2004-05",
            "price": "40.70",
            "revenue": 132305
        },
        "2004-06": {
            "month": "2004-06",
            "price": "36.34",
            "revenue": 140051
        },
        "2004-07": {
            "month": "2004-07",
            "price": "29.48",
            "revenue": 150042
        },
        "2004-08": {
            "month": "2004-08",
            "price": "26.31",
            "revenue": 156351
        },
        "2004-09": {
            "month": "2004-09",
            "price": "24.79",
            "revenue": 194140
        },
        "2004-10": {
            "month": "2004-10",
            "price": "22.00",
            "revenue": 217877
        },
        "2004-11": {
            "month": "2004-11",
            "price": "20.82",
            "revenue": 198037
        },
        "2004-12": {
            "month": "2004-12",
            "price": "19.95",
            "revenue": 189708
        },
        "2005-01": {
            "month": "2005-01",
            "price": "19.22",
            "revenue": 197557
        },
        "2005-02": {
            "month": "2005-02",
            "price": "23.37",
            "revenue": 128004
        },
        "2005-03": {
            "month": "2005-03",
            "price": "26.42",
            "revenue": 254445
        },
        "2005-04": {
            "month": "2005-04",
            "price": "26.87",
            "revenue": 215296
        },
        "2005-05": {
            "month": "2005-05",
            "price": "23.26",
            "revenue": 195498
        },
        "2005-06": {
            "month": "2005-06",
            "price": "27.42",
            "revenue": 171974
        },
        "2005-07": {
            "month": "2005-07",
            "price": "30.21",
            "revenue": 239420
        },
        "2005-08": {
            "month": "2005-08",
            "price": "27.78",
            "revenue": 318739
        },
        "2005-09": {
            "month": "2005-09",
            "price": "29.97",
            "revenue": 379640
        },
        "2005-10": {
            "month": "2005-10",
            "price": "30.97",
            "revenue": 281632
        },
        "2005-11": {
            "month": "2005-11",
            "price": "34.04",
            "revenue": 350900
        },
        "2005-12": {
            "month": "2005-12",
            "price": "41.96",
            "revenue": 277770
        },
        "2006-01": {
            "month": "2006-01",
            "price": "44.66",
            "revenue": 246334
        },
        "2006-02": {
            "month": "2006-02",
            "price": "38.84",
            "revenue": 192907
        },
        "2006-03": {
            "month": "2006-03",
            "price": "36.66",
            "revenue": 238514
        },
        "2006-04": {
            "month": "2006-04",
            "price": "38.70",
            "revenue": 264618
        },
        "2006-05": {
            "month": "2006-05",
            "price": "36.64",
            "revenue": 200011
        },
        "2006-06": {
            "month": "2006-06",
            "price": "27.82",
            "revenue": 229392
        },
        "2006-07": {
            "month": "2006-07",
            "price": "30.44",
            "revenue": 324532
        },
        "2006-08": {
            "month": "2006-08",
            "price": "31.51",
            "revenue": 406398
        },
        "2006-09": {
            "month": "2006-09",
            "price": "36.00",
            "revenue": 406972
        },
        "2006-10": {
            "month": "2006-10",
            "price": "31.72",
            "revenue": 304476
        },
        "2006-11": {
            "month": "2006-11",
            "price": "32.53",
            "revenue": 250916
        },
        "2006-12": {
            "month": "2006-12",
            "price": "40.52",
            "revenue": 226657
        },
        "2007-01": {
            "month": "2007-01",
            "price": "43.00",
            "revenue": 295381
        },
        "2007-02": {
            "month": "2007-02",
            "price": "39.61",
            "revenue": 187611
        },
        "2007-03": {
            "month": "2007-03",
            "price": "41.27",
            "revenue": 306676
        },
        "2007-04": {
            "month": "2007-04",
            "price": "46.22",
            "revenue": 326721
        },
        "2007-05": {
            "month": "2007-05",
            "price": "49.57",
            "revenue": 275097
        },
        "2007-06": {
            "month": "2007-06",
            "price": "58.65",
            "revenue": 321093
        },
        "2007-07": {
            "month": "2007-07",
            "price": "75.04",
            "revenue": 354679
        },
        "2007-08": {
            "month": "2007-08",
            "price": "57.61",
            "revenue": 410581
        },
        "2007-09": {
            "month": "2007-09",
            "price": "55.52",
            "revenue": 372128
        },
        "2007-10": {
            "month": "2007-10",
            "price": "49.24",
            "revenue": 337803
        },
        "2007-11": {
            "month": "2007-11",
            "price": "37.72",
            "revenue": 288120
        },
        "2007-12": {
            "month": "2007-12",
            "price": "36.50",
            "revenue": 259727
        },
        "2008-01": {
            "month": "2008-01",
            "price": "38.28",
            "revenue": 322123
        },
        "2008-02": {
            "month": "2008-02",
            "price": "36.47",
            "revenue": 235625
        },
        "2008-03": {
            "month": "2008-03",
            "price": "36.15",
            "revenue": 310675
        },
        "2008-04": {
            "month": "2008-04",
            "price": "35.80",
            "revenue": 276410
        },
        "2008-05": {
            "month": "2008-05",
            "price": "33.01",
            "revenue": 259864
        },
        "2008-06": {
            "month": "2008-06",
            "price": "25.20",
            "revenue": 245490
        },
        "2008-07": {
            "month": "2008-07",
            "price": "21.87",
            "revenue": 312833
        },
        "2008-08": {
            "month": "2008-08",
            "price": "23.42",
            "revenue": 271848
        },
        "2008-09": {
            "month": "2008-09",
            "price": "15.46",
            "revenue": 269737
        },
        "2008-10": {
            "month": "2008-10",
            "price": "11.67",
            "revenue": 220350
        },
        "2008-11": {
            "month": "2008-11",
            "price": "10.40",
            "revenue": 138211
        },
        "2008-12": {
            "month": "2008-12",
            "price": "11.89",
            "revenue": 159692
        },
        "2009-01": {
            "month": "2009-01",
            "price": "13.53",
            "revenue": 147456
        },
        "2009-02": {
            "month": "2009-02",
            "price": "15.20",
            "revenue": 194085
        },
        "2009-03": {
            "month": "2009-03",
            "price": "20.93",
            "revenue": 276111
        },
        "2009-04": {
            "month": "2009-04",
            "price": "26.70",
            "revenue": 269003
        },
        "2009-05": {
            "month": "2009-05",
            "price": "32.32",
            "revenue": 235066
        },
        "2009-06": {
            "month": "2009-06",
            "price": "27.44",
            "revenue": 259441
        },
        "2009-07": {
            "month": "2009-07",
            "price": "30.49",
            "revenue": 302889
        },
        "2009-08": {
            "month": "2009-08",
            "price": "30.60",
            "revenue": 276703
        },
        "2009-09": {
            "month": "2009-09",
            "price": "30.15",
            "revenue": 303605
        },
        "2009-10": {
            "month": "2009-10",
            "price": "31.56",
            "revenue": 267675
        },
        "2009-11": {
            "month": "2009-11",
            "price": "33.03",
            "revenue": 248829
        },
        "2009-12": {
            "month": "2009-12",
            "price": "39.37",
            "revenue": 278456
        },
        "2010-01": {
            "month": "2010-01",
            "price": "41.03",
            "revenue": 314458
        },
        "2010-02": {
            "month": "2010-02",
            "price": "38.89",
            "revenue": 206522
        },
        "2010-03": {
            "month": "2010-03",
            "price": "40.22",
            "revenue": 339536
        },
        "2010-04": {
            "month": "2010-04",
            "price": "39.68",
            "revenue": 313026
        },
        "2010-05": {
            "month": "2010-05",
            "price": "32.70",
            "revenue": 290320
        },
        "2010-06": {
            "month": "2010-06",
            "price": "32.28",
            "revenue": 337626
        },
        "2010-07": {
            "month": "2010-07",
            "price": "35.40",
            "revenue": 301044
        },
        "2010-08": {
            "month": "2010-08",
            "price": "36.69",
            "revenue": 345532
        },
        "2010-09": {
            "month": "2010-09",
            "price": "34.45",
            "revenue": 338806
        },
        "2010-10": {
            "month": "2010-10",
            "price": "31.84",
            "revenue": 264235
        },
        "2010-11": {
            "month": "2010-11",
            "price": "28.65",
            "revenue": 245832
        },
        "2010-12": {
            "month": "2010-12",
            "price": "30.17",
            "revenue": 310518
        },
        "2011-01": {
            "month": "2011-01",
            "price": "29.40",
            "revenue": 277743
        },
        "2011-02": {
            "month": "2011-02",
            "price": "27.34",
            "revenue": 206666
        },
        "2011-03": {
            "month": "2011-03",
            "price": "24.52",
            "revenue": 299763
        },
        "2011-04": {
            "month": "2011-04",
            "price": "23.07",
            "revenue": 255627
        },
        "2011-05": {
            "month": "2011-05",
            "price": "22.22",
            "revenue": 243555
        },
        "2011-06": {
            "month": "2011-06",
            "price": "19.77",
            "revenue": 246859
        },
        "2011-07": {
            "month": "2011-07",
            "price": "16.50",
            "revenue": 247624
        },
        "2011-08": {
            "month": "2011-08",
            "price": "14.80",
            "revenue": 284522
        },
        "2011-09": {
            "month": "2011-09",
            "price": "13.79",
            "revenue": 252046
        },
        "2011-10": {
            "month": "2011-10",
            "price": "13.91",
            "revenue": 221037
        },
        "2011-11": {
            "month": "2011-11",
            "price": "13.03",
            "revenue": 210303
        },
        "2011-12": {
            "month": "2011-12",
            "price": "10.35",
            "revenue": 206395
        },
        "2012-01": {
            "month": "2012-01",
            "price": "10.98",
            "revenue": 181941
        },
        "2012-02": {
            "month": "2012-02",
            "price": "13.96",
            "revenue": 209891
        },
        "2012-03": {
            "month": "2012-03",
            "price": "13.44",
            "revenue": 251913
        },
        "2012-04": {
            "month": "2012-04",
            "price": "11.44",
            "revenue": 217995
        },
        "2012-05": {
            "month": "2012-05",
            "price": "12.06",
            "revenue": 204791
        },
        "2012-06": {
            "month": "2012-06",
            "price": "11.51",
            "revenue": 187652
        },
        "2012-07": {
            "month": "2012-07",
            "price": "10.65",
            "revenue": 194038
        },
        "2012-08": {
            "month": "2012-08",
            "price": "10.66",
            "revenue": 209062
        },
        "2012-09": {
            "month": "2012-09",
            "price": "11.18",
            "revenue": 186435
        },
        "2012-10": {
            "month": "2012-10",
            "price": "9.89",
            "revenue": 145012
        },
        "2012-11": {
            "month": "2012-11",
            "price": "9.09",
            "revenue": 157656
        },
        "2012-12": {
            "month": "2012-12",
            "price": "10.03",
            "revenue": 151282
        },
        "2013-01": {
            "month": "2013-01",
            "price": "9.93",
            "revenue": 190469
        },
        "2013-02": {
            "month": "2013-02",
            "price": "9.78",
            "revenue": 123948
        },
        "2013-03": {
            "month": "2013-03",
            "price": "9.83",
            "revenue": 172033
        },
        "2013-04": {
            "month": "2013-04",
            "price": "9.46",
            "revenue": 162011
        },
        "2013-05": {
            "month": "2013-05",
            "price": "10.42",
            "revenue": 167754
        },
        "2013-06": {
            "month": "2013-06",
            "price": "10.25",
            "revenue": 156559
        },
        "2013-07": {
            "month": "2013-07",
            "price": "10.27",
            "revenue": 181700
        },
        "2013-08": {
            "month": "2013-08",
            "price": "12.22",
            "revenue": 185291
        },
        "2013-09": {
            "month": "2013-09",
            "price": "15.10",
            "revenue": 158851
        },
        "2013-10": {
            "month": "2013-10",
            "price": "15.23",
            "revenue": 174936
        },
        "2013-11": {
            "month": "2013-11",
            "price": "19.22",
            "revenue": 172639
        },
        "2013-12": {
            "month": "2013-12",
            "price": "24.01",
            "revenue": 164995
        },
        "2014-01": {
            "month": "2014-01",
            "price": "26.55",
            "revenue": 165497
        },
        "2014-02": {
            "month": "2014-02",
            "price": "28.89",
            "revenue": 131453
        },
        "2014-03": {
            "month": "2014-03",
            "price": "29.69",
            "revenue": 145951
        },
        "2014-04": {
            "month": "2014-04",
            "price": "27.48",
            "revenue": 180300
        },
        "2014-05": {
            "month": "2014-05",
            "price": "27.10",
            "revenue": 194791
        },
        "2014-06": {
            "month": "2014-06",
            "price": "28.57",
            "revenue": 170962
        },
        "2014-07": {
            "month": "2014-07",
            "price": "27.48",
            "revenue": 195445
        },
        "2014-08": {
            "month": "2014-08",
            "price": "25.08",
            "revenue": 176091
        },
        "2014-09": {
            "month": "2014-09",
            "price": "25.00",
            "revenue": 184716
        },
        "2014-10": {
            "month": "2014-10",
            "price": "21.14",
            "revenue": 190462
        },
        "2014-11": {
            "month": "2014-11",
            "price": "21.04",
            "revenue": 167923
        },
        "2014-12": {
            "month": "2014-12",
            "price": "23.31",
            "revenue": 157453
        },
        "2015-01": {
            "month": "2015-01",
            "price": "22.61",
            "revenue": 157373
        },
        "2015-02": {
            "month": "2015-02",
            "price": "23.20",
            "revenue": 125503
        },
        "2015-03": {
            "month": "2015-03",
            "price": "24.83",
            "revenue": 146570
        },
        "2015-04": {
            "month": "2015-04",
            "price": "26.58",
            "revenue": 148956
        },
        "2015-05": {
            "month": "2015-05",
            "price": "27.84",
            "revenue": 124445
        },
        "2015-06": {
            "month": "2015-06",
            "price": "26.50",
            "revenue": 108083
        },
        "2015-07": {
            "month": "2015-07",
            "price": "23.72",
            "revenue": 130565
        },
        "2015-08": {
            "month": "2015-08",
            "price": "19.26",
            "revenue": 122690
        },
        "2015-09": {
            "month": "2015-09",
            "price": "29.15",
            "revenue": 132747
        },
        "2015-10": {
            "month": "2015-10",
            "price": "31.13",
            "revenue": 128309
        },
        "2015-11": {
            "month": "2015-11",
            "price": "30.43",
            "revenue": 119813
        },
        "2015-12": {
            "month": "2015-12",
            "price": "28.70",
            "revenue": 110571
        },
        "2016-01": {
            "month": "2016-01",
            "price": "23.16",
            "revenue": 139539
        },
        "2016-02": {
            "month": "2016-02",
            "price": "24.42",
            "revenue": 80760
        },
        "2016-03": {
            "month": "2016-03",
            "price": "25.78",
            "revenue": 114965
        },
        "2016-04": {
            "month": "2016-04",
            "price": "23.81",
            "revenue": 121915
        },
        "2016-05": {
            "month": "2016-05",
            "price": "21.35",
            "revenue": 118862
        },
        "2016-06": {
            "month": "2016-06",
            "price": "21.76",
            "revenue": 136098
        },
        "2016-07": {
            "month": "2016-07",
            "price": "22.86",
            "revenue": 173619
        },
        "2016-08": {
            "month": "2016-08",
            "price": "26.35",
            "revenue": 163445
        },
        "2016-09": {
            "month": "2016-09",
            "price": "26.23",
            "revenue": 168273
        },
        "2016-10": {
            "month": "2016-10",
            "price": "25.50",
            "revenue": 167521
        },
        "2016-11": {
            "month": "2016-11",
            "price": "22.69",
            "revenue": 166662
        },
        "2016-12": {
            "month": "2016-12",
            "price": "22.18",
            "revenue": 163787
        },
        "2017-01": {
            "month": "2017-01",
            "price": "22.39",
            "revenue": 118685
        },
        "2017-02": {
            "month": "2017-02",
            "price": "21.45",
            "revenue": 124202
        },
        "2017-03": {
            "month": "2017-03",
            "price": "24.43",
            "revenue": 136821
        },
        "2017-04": {
            "month": "2017-04",
            "price": "25.54",
            "revenue": 142726
        },
        "2017-05": {
            "month": "2017-05",
            "price": "23.96",
            "revenue": 147630
        },
        "2017-06": {
            "month": "2017-06",
            "price": "23.47",
            "revenue": 183309
        },
        "2017-07": {
            "month": "2017-07",
            "price": "23.55",
            "revenue": 183528
        },
        "2017-08": {
            "month": "2017-08",
            "price": "24.41",
            "revenue": 198274
        },
        "2017-09": {
            "month": "2017-09",
            "price": "24.91",
            "revenue": 216814
        },
        "2017-10": {
            "month": "2017-10",
            "price": "28.49",
            "revenue": 213293
        },
        "2017-11": {
            "month": "2017-11",
            "price": "33.88",
            "revenue": 219382
        },
        "2017-12": {
            "month": "2017-12",
            "price": "30.50",
            "revenue": 244711
        },
        "2018-01": {
            "month": "2018-01",
            "price": "31.97",
            "revenue": 200151
        },
        "2018-02": {
            "month": "2018-02",
            "price": "29.47",
            "revenue": 145155
        },
        "2018-03": {
            "month": "2018-03",
            "price": "28.10",
            "revenue": 214692
        },
        "2018-04": {
            "month": "2018-04",
            "price": "27.11",
            "revenue": 226586
        },
        "2018-05": {
            "month": "2018-05",
            "price": "29.64",
            "revenue": 241001
        },
        "2018-06": {
            "month": "2018-06",
            "price": "49.36",
            "revenue": 255481
        },
        "2018-07": {
            "month": "2018-07",
            "price": "49.78",
            "revenue": 265683
        },
        "2018-08": {
            "month": "2018-08",
            "price": "43.97",
            "revenue": 269395
        },
        "2018-09": {
            "month": "2018-09",
            "price": "38.93",
            "revenue": 266702
        },
        "2018-10": {
            "month": "2018-10",
            "price": "31.57",
            "revenue": 217234
        },
        "2018-11": {
            "month": "2018-11",
            "price": "29.89",
            "revenue": 239963
        },
        "2018-12": {
            "month": "2018-12",
            "price": "31.60",
            "revenue": 168606
        },
        "2019-01": {
            "month": "2019-01",
            "price": "30.40",
            "revenue": 184420
        },
        "2019-02": {
            "month": "2019-02",
            "price": "32.52",
            "revenue": 130034
        },
        "2019-03": {
            "month": "2019-03",
            "price": "30.46",
            "revenue": 184774
        },
        "2019-04": {
            "month": "2019-04",
            "price": "29.75",
            "revenue": 182918
        },
        "2019-05": {
            "month": "2019-05",
            "price": "26.06",
            "revenue": 158020
        },
        "2019-06": {
            "month": "2019-06",
            "price": "25.44",
            "revenue": 185489
        },
        "2019-07": {
            "month": "2019-07",
            "price": "27.97",
            "revenue": 190427
        },
        "2019-08": {
            "month": "2019-08",
            "price": "27.88",
            "revenue": 193902
        },
        "2019-09": {
            "month": "2019-09",
            "price": "28.46",
            "revenue": 191180
        },
        "2019-10": {
            "month": "2019-10",
            "price": "28.61",
            "revenue": 221155
        },
        "2019-11": {
            "month": "2019-11",
            "price": "28.10",
            "revenue": 208504
        },
        "2019-12": {
            "month": "2019-12",
            "price": "29.45",
            "revenue": 186622
        },
        "2020-01": {
            "month": "2020-01",
            "price": "28.23",
            "revenue": 186154
        },
        "2020-02": {
            "month": "2020-02",
            "price": "25.81",
            "revenue": 155295
        },
        "2020-03": {
            "month": "2020-03",
            "price": "20.43",
            "revenue": 204600
        },
        "2020-04": {
            "month": "2020-04",
            "price": "20.98",
            "revenue": 240881
        },
        "2020-05": {
            "month": "2020-05",
            "price": "24.90",
            "revenue": 273014
        },
        "2020-06": {
            "month": "2020-06",
            "price": "27.33",
            "revenue": 260523
        },
        "2020-07": {
            "month": "2020-07",
            "price": "28.13",
            "revenue": 274089
        },
        "2020-08": {
            "month": "2020-08",
            "price": "28.81",
            "revenue": 265276
        },
        "2020-09": {
            "month": "2020-09",
            "price": "31.44",
            "revenue": 312522
        },
        "2020-10": {
            "month": "2020-10",
            "price": "41.30",
            "revenue": 314893
        },
        "2020-11": {
            "month": "2020-11",
            "price": "42.28",
            "revenue": 303406
        },
        "2020-12": {
            "month": "2020-12",
            "price": "48.04",
            "revenue": 335066
        },
        "2021-01": {
            "month": "2021-01",
            "price": "51.28",
            "revenue": 370715
        },
        "2021-02": {
            "month": "2021-02",
            "price": "48.90",
            "revenue": 274729
        },
        "2021-03": {
            "month": "2021-03",
            "price": "54.28",
            "revenue": 383311
        },
        "2021-04": {
            "month": "2021-04",
            "price": "70.66",
            "revenue": 310696
        },
        "2021-05": {
            "month": "2021-05",
            "price": "63.64",
            "revenue": 359958
        },
        "2021-06": {
            "month": "2021-06",
            "price": "70.72",
            "revenue": 360099
        },
        "2021-07": {
            "month": "2021-07",
            "price": "101.46",
            "revenue": 342722
        },
        "2021-08": {
            "month": "2021-08",
            "price": "106.73",
            "revenue": 341482
        },
        "2021-09": {
            "month": "2021-09",
            "price": "95.40",
            "revenue": 349951
        },
        "2021-10": {
            "month": "2021-10",
            "price": "88.54",
            "revenue": 359981
        },
        "2021-11": {
            "month": "2021-11",
            "price": "108.84",
            "revenue": 400617
        },
        "2021-12": {
            "month": "2021-12",
            "price": "109.23",
            "revenue": 349461
        },
        "2022-01": {
            "month": "2022-01",
            "price": "105.27",
            "revenue": 375452
        },
        "2022-02": {
            "month": "2022-02",
            "price": "105.30",
            "revenue": 351880
        },
        "2022-03": {
            "month": "2022-03",
            "price": "108.41",
            "revenue": 404370
        },
        "2022-04": {
            "month": "2022-04",
            "price": "101.24",
            "revenue": 327677
        },
        "2022-05": {
            "month": "2022-05",
            "price": "111.02",
            "revenue": 437243
        },
        "2022-06": {
            "month": "2022-06",
            "price": "126.81",
            "revenue": 398320
        },
        "2022-07": {
            "month": "2022-07",
            "price": "104.63",
            "revenue": 333983
        },
        "2022-08": {
            "month": "2022-08",
            "price": "108.96",
            "revenue": 287845
        },
        "2022-09": {
            "month": "2022-09",
            "price": "109.69",
            "revenue": 288271
        },
        "2022-10": {
            "month": "2022-10",
            "price": "99.94",
            "revenue": 253439
        },
        "2022-11": {
            "month": "2022-11",
            "price": "103.89",
            "revenue": 239214
        },
        "2022-12": {
            "month": "2022-12",
            "price": "108.61",
            "revenue": 213534
        },
        "2023-01": {
            "month": "2023-01",
            "price": "106.46",
            "revenue": 195755
        },
        "2023-02": {
            "month": "2023-02",
            "price": "112.50",
            "revenue": 197373
        },
        "2023-03": {
            "month": "2023-03",
            "price": "106.89",
            "revenue": 262382
        },
        "2023-04": {
            "month": "2023-04",
            "price": "108.50",
            "revenue": 225094
        },
        "2023-05": {
            "month": "2023-05",
            "price": "103.48",
            "revenue": 252816
        },
        "2023-06": {
            "month": "2023-06",
            "price": "107.32",
            "revenue": 240885
        },
        "2023-07": {
            "month": "2023-07",
            "price": "97.10",
            "revenue": 249174
        },
        "2023-08": {
            "month": "2023-08",
            "price": "86.19",
            "revenue": 282613
        },
        "2023-09": {
            "month": "2023-09",
            "price": "85.22",
            "revenue": 257955
        },
        "2023-10": {
            "month": "2023-10",
            "price": "85.68",
            "revenue": 250290
        },
        "2023-11": {
            "month": "2023-11",
            "price": "91.60",
            "revenue": 222508
        },
        "2023-12": {
            "month": "2023-12",
            "price": "99.57",
            "revenue": 214332
        }
    }
}
