{
    "summary": {
        "stock_name": "宇瞻",
        "stock_id": "8271",
        "category": "半導體",
        "main_business": "記憶體模組<br>快閃記憶體<br>其他",
        "website_url": "http://www.apacer.com",
        "ceo": "張家騉",
        "pe_ratio": 16,
        "report_year_from": 2001,
        "report_year_to": 2023,
        "age": 23,
        "eps_negative_percentage": 0,
        "eps_growth_avg": {
            "last_all": 10.34,
            "last_2y": 20.66,
            "last_4y": 8.81,
            "last_8y": 11.41,
            "last_12y": 10.8,
            "last_16y": null,
            "last_20y": null,
            "at_2006_last_3y": null,
            "at_2007_last_3y": null,
            "at_2008_last_3y": null,
            "at_2009_last_3y": null,
            "at_2010_last_3y": null,
            "at_2011_last_3y": null,
            "at_2012_last_3y": null,
            "at_2013_last_3y": 8.75,
            "at_2014_last_3y": 9.44,
            "at_2015_last_3y": 2.34,
            "at_2016_last_3y": 11.84,
            "at_2017_last_3y": 19.3,
            "at_2018_last_3y": 14.66,
            "at_2019_last_3y": 30.36,
            "at_2020_last_3y": 2.55,
            "at_2021_last_3y": 9.41,
            "at_2022_last_3y": 14.45,
            "at_2023_last_3y": 9.75,
            "at_2024_last_3y": 9.75,
            "at_2006_last_all": null,
            "at_2007_last_all": null,
            "at_2008_last_all": null,
            "at_2009_last_all": null,
            "at_2010_last_all": null,
            "at_2011_last_all": -12.5,
            "at_2012_last_all": 8.42,
            "at_2013_last_all": 8.75,
            "at_2014_last_all": 8.42,
            "at_2015_last_all": -2.61,
            "at_2016_last_all": 10.37,
            "at_2017_last_all": 14.02,
            "at_2018_last_all": 11.19,
            "at_2019_last_all": 10.58,
            "at_2020_last_all": 7.53,
            "at_2021_last_all": 12.48,
            "at_2022_last_all": 12.2,
            "at_2023_last_all": 10.34,
            "at_2024_last_all": 10.34
        },
        "latest_eps": 4.51,
        "latest_price": 73.4,
        "latest_roe": 13.8,
        "latest_gross_margin": 22.48,
        "latest_equity": 4462071,
        "latest_revenue": 2148204,
        "latest_gross_profit": 482974,
        "latest_net_income": 174710,
        "latest_debt_ratio": 29.97,
        "latest_current_ratio": 274.53,
        "latest_account_receivable_turnover_ratio": 2.51,
        "latest_inventory_turnover_ratio": 1.3,
        "latest_reinvestment_rate": 2.17,
        "latest_research_to_sale_ratio": 2.58
    },
    "eps_dividends": {
        "2001": {
            "cash": 0,
            "stock": 0,
            "eps": 0
        },
        "2002": {
            "cash": 0,
            "stock": 0,
            "eps": 0
        },
        "2003": {
            "cash": 0,
            "stock": 0,
            "eps": 0
        },
        "2004": {
            "cash": 0.8,
            "stock": 1,
            "eps": 0
        },
        "2005": {
            "cash": 0.8,
            "stock": 0.2,
            "eps": 0
        },
        "2006": {
            "cash": 0,
            "stock": 0,
            "eps": 0
        },
        "2007": {
            "cash": 1.3,
            "stock": 0.3,
            "eps": 0
        },
        "2008": {
            "cash": 0,
            "stock": 0,
            "eps": 0
        },
        "2009": {
            "cash": 0,
            "stock": 0,
            "eps": 2.78
        },
        "2010": {
            "cash": 0.6,
            "stock": 0.15,
            "eps": 2.9
        },
        "2011": {
            "cash": 2.7199999999999998,
            "stock": 0.48,
            "eps": 2.05
        },
        "2012": {
            "cash": 0,
            "stock": 0,
            "eps": 3.08
        },
        "2013": {
            "cash": 1.62,
            "stock": 0.18,
            "eps": 3.38
        },
        "2014": {
            "cash": 2,
            "stock": 0,
            "eps": 3.62
        },
        "2015": {
            "cash": 2.2,
            "stock": 0,
            "eps": 1.53
        },
        "2016": {
            "cash": 2,
            "stock": 0,
            "eps": 2.88
        },
        "2017": {
            "cash": 2.4,
            "stock": 0,
            "eps": 4.02
        },
        "2018": {
            "cash": 2.6,
            "stock": 0,
            "eps": 3.56
        },
        "2019": {
            "cash": 2.5,
            "stock": 0,
            "eps": 3.74
        },
        "2020": {
            "cash": 2.55,
            "stock": 0,
            "eps": 2.88
        },
        "2021": {
            "cash": 2.02,
            "stock": 0,
            "eps": 4.81
        },
        "2022": {
            "cash": 2.89,
            "stock": 0,
            "eps": 5.23
        },
        "2023": {
            "cash": 3.3,
            "stock": 0,
            "eps": 4.51
        }
    },
    "dividends": {
        "2004-03-05": {
            "cash": 0.8,
            "stock": 1
        },
        "2005-03-18": {
            "cash": 0.8,
            "stock": 0.2
        },
        "2007-03-01": {
            "cash": 1.3,
            "stock": 0.3
        },
        "2010-03-09": {
            "cash": 0.6,
            "stock": 0.15
        },
        "2011-01-01": {
            "cash": 1.44,
            "stock": 0.16
        },
        "2011-03-13": {
            "cash": 1.28,
            "stock": 0.32
        },
        "2013-03-19": {
            "cash": 1.62,
            "stock": 0.18
        },
        "2014-08-14": {
            "cash": 2,
            "stock": 0
        },
        "2015-08-14": {
            "cash": 2.2,
            "stock": 0
        },
        "2016-07-29": {
            "cash": 2,
            "stock": 0
        },
        "2017-07-28": {
            "cash": 2.4,
            "stock": 0
        },
        "2018-07-27": {
            "cash": 2.6,
            "stock": 0
        },
        "2019-07-26": {
            "cash": 2.5,
            "stock": 0
        },
        "2020-07-27": {
            "cash": 2.55,
            "stock": 0
        },
        "2021-08-25": {
            "cash": 2.02,
            "stock": 0
        },
        "2022-05-05": {
            "cash": 2.89,
            "stock": 0
        },
        "2023-07-26": {
            "cash": 3.3,
            "stock": 0
        }
    },
    "prices": {
        "200101": "無",
        "200102": "無",
        "200103": "無",
        "200104": "無",
        "200105": "無",
        "200106": "無",
        "200107": "無",
        "200108": "無",
        "200109": "無",
        "200110": "無",
        "200111": "無",
        "200112": "無",
        "200201": "無",
        "200202": "無",
        "200203": "無",
        "200204": "無",
        "200205": "無",
        "200206": "無",
        "200207": "無",
        "200208": "無",
        "200209": "無",
        "200210": "無",
        "200211": "無",
        "200212": "無",
        "200301": "無",
        "200302": "無",
        "200303": "無",
        "200304": "無",
        "200305": "無",
        "200306": "無",
        "200307": "無",
        "200308": "無",
        "200309": "無",
        "200310": "無",
        "200311": "無",
        "200312": "無",
        "200401": "無",
        "200402": "34.33",
        "200403": "33.07",
        "200404": "34.37",
        "200405": "34.94",
        "200406": "34.46",
        "200407": "29.23",
        "200408": "25.42",
        "200409": "19.92",
        "200410": "無",
        "200411": "14.78",
        "200412": "11.79",
        "200501": "11.28",
        "200502": "11.80",
        "200503": "12.37",
        "200504": "12.29",
        "200505": "10.95",
        "200506": "10.85",
        "200507": "10.76",
        "200508": "10.20",
        "200509": "9.39",
        "200510": "6.18",
        "200511": "5.08",
        "200512": "6.38",
        "200601": "6.82",
        "200602": "6.96",
        "200603": "6.85",
        "200604": "6.39",
        "200605": "7.02",
        "200606": "7.76",
        "200607": "7.03",
        "200608": "7.54",
        "200609": "7.76",
        "200610": "8.07",
        "200611": "11.08",
        "200612": "14.15",
        "200701": "14.96",
        "200702": "16.05",
        "200703": "24.11",
        "200704": "23.72",
        "200705": "24.84",
        "200706": "31.57",
        "200707": "20.75",
        "200708": "43.81",
        "200709": "33.42",
        "200710": "24.63",
        "200711": "20.25",
        "200712": "17.61",
        "200801": "14.66",
        "200802": "12.60",
        "200803": "11.99",
        "200804": "10.91",
        "200805": "12.20",
        "200806": "10.97",
        "200807": "10.35",
        "200808": "10.06",
        "200809": "6.53",
        "200810": "5.88",
        "200811": "5.29",
        "200812": "5.19",
        "200901": "5.56",
        "200902": "5.17",
        "200903": "7.25",
        "200904": "8.09",
        "200905": "11.88",
        "200906": "11.06",
        "200907": "12.04",
        "200908": "13.06",
        "200909": "16.37",
        "200910": "18.62",
        "200911": "18.73",
        "200912": "20.85",
        "201001": "26.60",
        "201002": "22.60",
        "201003": "26.47",
        "201004": "28.15",
        "201005": "27.73",
        "201006": "28.66",
        "201007": "26.68",
        "201008": "25.30",
        "201009": "24.05",
        "201010": "24.71",
        "201011": "24.59",
        "201012": "26.40",
        "201101": "29.08",
        "201102": "28.06",
        "201103": "25.50",
        "201104": "24.04",
        "201105": "23.65",
        "201106": "22.45",
        "201107": "17.91",
        "201108": "14.44",
        "201109": "15.28",
        "201110": "18.09",
        "201111": "15.89",
        "201112": "14.28",
        "201201": "15.07",
        "201202": "18.79",
        "201203": "18.89",
        "201204": "21.79",
        "201205": "24.80",
        "201206": "23.80",
        "201207": "23.90",
        "201208": "26.12",
        "201209": "25.63",
        "201210": "25.23",
        "201211": "24.10",
        "201212": "24.96",
        "201301": "26.80",
        "201302": "26.78",
        "201303": "28.22",
        "201304": "30.02",
        "201305": "33.51",
        "201306": "32.86",
        "201307": "32.15",
        "201308": "29.85",
        "201309": "29.23",
        "201310": "30.24",
        "201311": "27.81",
        "201312": "27.30",
        "201401": "28.90",
        "201402": "29.24",
        "201403": "30.50",
        "201404": "30.90",
        "201405": "32.15",
        "201406": "35.46",
        "201407": "34.75",
        "201408": "33.12",
        "201409": "32.09",
        "201410": "30.19",
        "201411": "30.87",
        "201412": "31.51",
        "201501": "32.30",
        "201502": "32.53",
        "201503": "32.34",
        "201504": "31.82",
        "201505": "26.85",
        "201506": "25.30",
        "201507": "21.63",
        "201508": "16.34",
        "201509": "18.02",
        "201510": "19.12",
        "201511": "18.22",
        "201512": "17.49",
        "201601": "16.18",
        "201602": "16.68",
        "201603": "21.78",
        "201604": "21.78",
        "201605": "23.43",
        "201606": "26.57",
        "201607": "27.14",
        "201608": "26.69",
        "201609": "27.78",
        "201610": "33.12",
        "201611": "32.66",
        "201612": "33.14",
        "201701": "32.67",
        "201702": "34.84",
        "201703": "36.99",
        "201704": "38.66",
        "201705": "40.45",
        "201706": "42.92",
        "201707": "40.86",
        "201708": "39.82",
        "201709": "39.51",
        "201710": "39.51",
        "201711": "39.88",
        "201712": "38.34",
        "201801": "38.49",
        "201802": "37.89",
        "201803": "40.23",
        "201804": "39.49",
        "201805": "39.76",
        "201806": "40.29",
        "201807": "37.13",
        "201808": "36.59",
        "201809": "34.33",
        "201810": "28.27",
        "201811": "28.32",
        "201812": "29.16",
        "201901": "29.05",
        "201902": "31.69",
        "201903": "34.40",
        "201904": "34.15",
        "201905": "32.64",
        "201906": "32.24",
        "201907": "31.84",
        "201908": "32.04",
        "201909": "32.85",
        "201910": "31.95",
        "201911": "35.92",
        "201912": "39.70",
        "202001": "43.14",
        "202002": "43.45",
        "202003": "39.03",
        "202004": "42.86",
        "202005": "48.21",
        "202006": "47.54",
        "202007": "43.23",
        "202008": "39.57",
        "202009": "36.08",
        "202010": "36.35",
        "202011": "36.75",
        "202012": "39.33",
        "202101": "39.64",
        "202102": "39.97",
        "202103": "41.90",
        "202104": "47.57",
        "202105": "45.25",
        "202106": "46.55",
        "202107": "49.52",
        "202108": "45.88",
        "202109": "43.28",
        "202110": "41.44",
        "202111": "45.40",
        "202112": "47.04",
        "202201": "45.53",
        "202202": "48.31",
        "202203": "47.63",
        "202204": "42.15",
        "202205": "42.36",
        "202206": "40.85",
        "202207": "37.22",
        "202208": "40.16",
        "202209": "39.73",
        "202210": "40.11",
        "202211": "41.61",
        "202212": "41.59",
        "202301": "42.20",
        "202302": "45.31",
        "202303": "49.69",
        "202304": "52.88",
        "202305": "50.73",
        "202306": "61.27",
        "202307": "55.93",
        "202308": "51.75",
        "202309": "55.94",
        "202310": "58.42",
        "202311": "58.89",
        "202312": "60.99"
    },
    "quarters": {
        "20011": {
            "year_quarter": 20011,
            "year": 2001,
            "quarter": 1,
            "eps": null,
            "eps_growth_year": null,
            "eps_4q": null,
            "eps_4q_growth_year": null,
            "roe": null,
            "roe_4q": 0,
            "gross_profit": null,
            "gross_margin": null,
            "gross_margin_4q_avg": 0,
            "net_income": null,
            "net_income_4q": null,
            "revenue": null,
            "revenue_4q": null,
            "common_shares": null,
            "book_valuer_per_share": null,
            "book_valuer_per_share_4q_avg": 0,
            "equity": null,
            "current_ratio": null,
            "debt_ratio": null,
            "inventory_turnover_ratio": null,
            "account_receivable_turnover_ratio": null,
            "reinvestment_rate": null,
            "research_to_sale_ratio": null,
            "price_fair": 0,
            "eps_avg_yearly": 0,
            "eps_latest_yearly": 0,
            "eps_growth_yearly": 0
        },
        "20012": {
            "year_quarter": 20012,
            "year": 2001,
            "quarter": 2,
            "eps": null,
            "eps_growth_year": null,
            "eps_4q": null,
            "eps_4q_growth_year": null,
            "roe": null,
            "roe_4q": 0,
            "gross_profit": null,
            "gross_margin": null,
            "gross_margin_4q_avg": 0,
            "net_income": null,
            "net_income_4q": null,
            "revenue": null,
            "revenue_4q": null,
            "common_shares": null,
            "book_valuer_per_share": null,
            "book_valuer_per_share_4q_avg": 0,
            "equity": null,
            "current_ratio": null,
            "debt_ratio": null,
            "inventory_turnover_ratio": null,
            "account_receivable_turnover_ratio": null,
            "reinvestment_rate": null,
            "research_to_sale_ratio": null,
            "price_fair": 0,
            "eps_avg_yearly": 0,
            "eps_latest_yearly": 0,
            "eps_growth_yearly": 0
        },
        "20013": {
            "year_quarter": 20013,
            "year": 2001,
            "quarter": 3,
            "eps": null,
            "eps_growth_year": null,
            "eps_4q": null,
            "eps_4q_growth_year": null,
            "roe": null,
            "roe_4q": 0,
            "gross_profit": null,
            "gross_margin": null,
            "gross_margin_4q_avg": 0,
            "net_income": null,
            "net_income_4q": null,
            "revenue": null,
            "revenue_4q": null,
            "common_shares": null,
            "book_valuer_per_share": null,
            "book_valuer_per_share_4q_avg": 0,
            "equity": null,
            "current_ratio": null,
            "debt_ratio": null,
            "inventory_turnover_ratio": null,
            "account_receivable_turnover_ratio": null,
            "reinvestment_rate": null,
            "research_to_sale_ratio": null,
            "price_fair": 0,
            "eps_avg_yearly": 0,
            "eps_latest_yearly": 0,
            "eps_growth_yearly": 0
        },
        "20014": {
            "year_quarter": 20014,
            "year": 2001,
            "quarter": 4,
            "eps": null,
            "eps_growth_year": null,
            "eps_4q": null,
            "eps_4q_growth_year": null,
            "roe": null,
            "roe_4q": 0,
            "gross_profit": null,
            "gross_margin": null,
            "gross_margin_4q_avg": 0,
            "net_income": null,
            "net_income_4q": null,
            "revenue": null,
            "revenue_4q": null,
            "common_shares": 762625,
            "book_valuer_per_share": 10.5,
            "book_valuer_per_share_4q_avg": 2.63,
            "equity": 800396,
            "current_ratio": 161.7,
            "debt_ratio": 50.4,
            "inventory_turnover_ratio": null,
            "account_receivable_turnover_ratio": null,
            "reinvestment_rate": null,
            "research_to_sale_ratio": null,
            "price_fair": 0,
            "eps_avg_yearly": 0,
            "eps_latest_yearly": 0,
            "eps_growth_yearly": 0
        },
        "20021": {
            "year_quarter": 20021,
            "year": 2002,
            "quarter": 1,
            "eps": null,
            "eps_growth_year": null,
            "eps_4q": null,
            "eps_4q_growth_year": null,
            "roe": null,
            "roe_4q": 0,
            "gross_profit": null,
            "gross_margin": null,
            "gross_margin_4q_avg": 0,
            "net_income": null,
            "net_income_4q": null,
            "revenue": null,
            "revenue_4q": null,
            "common_shares": null,
            "book_valuer_per_share": null,
            "book_valuer_per_share_4q_avg": 2.63,
            "equity": null,
            "current_ratio": null,
            "debt_ratio": null,
            "inventory_turnover_ratio": null,
            "account_receivable_turnover_ratio": null,
            "reinvestment_rate": null,
            "research_to_sale_ratio": null,
            "price_fair": 0,
            "eps_avg_yearly": 0,
            "eps_latest_yearly": 0,
            "eps_growth_yearly": 0
        },
        "20022": {
            "year_quarter": 20022,
            "year": 2002,
            "quarter": 2,
            "eps": null,
            "eps_growth_year": null,
            "eps_4q": null,
            "eps_4q_growth_year": null,
            "roe": null,
            "roe_4q": 0,
            "gross_profit": null,
            "gross_margin": null,
            "gross_margin_4q_avg": 0,
            "net_income": null,
            "net_income_4q": null,
            "revenue": null,
            "revenue_4q": null,
            "common_shares": null,
            "book_valuer_per_share": null,
            "book_valuer_per_share_4q_avg": 2.63,
            "equity": null,
            "current_ratio": null,
            "debt_ratio": null,
            "inventory_turnover_ratio": null,
            "account_receivable_turnover_ratio": null,
            "reinvestment_rate": null,
            "research_to_sale_ratio": null,
            "price_fair": 0,
            "eps_avg_yearly": 0,
            "eps_latest_yearly": 0,
            "eps_growth_yearly": 0
        },
        "20023": {
            "year_quarter": 20023,
            "year": 2002,
            "quarter": 3,
            "eps": null,
            "eps_growth_year": null,
            "eps_4q": null,
            "eps_4q_growth_year": null,
            "roe": null,
            "roe_4q": 0,
            "gross_profit": null,
            "gross_margin": null,
            "gross_margin_4q_avg": 0,
            "net_income": null,
            "net_income_4q": null,
            "revenue": null,
            "revenue_4q": null,
            "common_shares": null,
            "book_valuer_per_share": null,
            "book_valuer_per_share_4q_avg": 2.63,
            "equity": null,
            "current_ratio": null,
            "debt_ratio": null,
            "inventory_turnover_ratio": null,
            "account_receivable_turnover_ratio": null,
            "reinvestment_rate": null,
            "research_to_sale_ratio": null,
            "price_fair": 0,
            "eps_avg_yearly": 0,
            "eps_latest_yearly": 0,
            "eps_growth_yearly": 0
        },
        "20024": {
            "year_quarter": 20024,
            "year": 2002,
            "quarter": 4,
            "eps": null,
            "eps_growth_year": null,
            "eps_4q": null,
            "eps_4q_growth_year": null,
            "roe": null,
            "roe_4q": 0,
            "gross_profit": null,
            "gross_margin": null,
            "gross_margin_4q_avg": 0,
            "net_income": null,
            "net_income_4q": null,
            "revenue": null,
            "revenue_4q": null,
            "common_shares": 838888,
            "book_valuer_per_share": 12.46,
            "book_valuer_per_share_4q_avg": 3.12,
            "equity": 1045084,
            "current_ratio": 166.46,
            "debt_ratio": 48.82,
            "inventory_turnover_ratio": null,
            "account_receivable_turnover_ratio": null,
            "reinvestment_rate": null,
            "research_to_sale_ratio": null,
            "price_fair": 0,
            "eps_avg_yearly": 0,
            "eps_latest_yearly": 0,
            "eps_growth_yearly": 0
        },
        "20031": {
            "year_quarter": 20031,
            "year": 2003,
            "quarter": 1,
            "eps": null,
            "eps_growth_year": null,
            "eps_4q": null,
            "eps_4q_growth_year": null,
            "roe": null,
            "roe_4q": 0,
            "gross_profit": null,
            "gross_margin": null,
            "gross_margin_4q_avg": 0,
            "net_income": null,
            "net_income_4q": null,
            "revenue": null,
            "revenue_4q": null,
            "common_shares": null,
            "book_valuer_per_share": null,
            "book_valuer_per_share_4q_avg": 3.12,
            "equity": null,
            "current_ratio": null,
            "debt_ratio": null,
            "inventory_turnover_ratio": null,
            "account_receivable_turnover_ratio": null,
            "reinvestment_rate": null,
            "research_to_sale_ratio": null,
            "price_fair": 0,
            "eps_avg_yearly": 0,
            "eps_latest_yearly": 0,
            "eps_growth_yearly": 0
        },
        "20032": {
            "year_quarter": 20032,
            "year": 2003,
            "quarter": 2,
            "eps": null,
            "eps_growth_year": null,
            "eps_4q": null,
            "eps_4q_growth_year": null,
            "roe": null,
            "roe_4q": 0,
            "gross_profit": null,
            "gross_margin": null,
            "gross_margin_4q_avg": 0,
            "net_income": null,
            "net_income_4q": null,
            "revenue": null,
            "revenue_4q": null,
            "common_shares": null,
            "book_valuer_per_share": null,
            "book_valuer_per_share_4q_avg": 3.12,
            "equity": null,
            "current_ratio": null,
            "debt_ratio": null,
            "inventory_turnover_ratio": null,
            "account_receivable_turnover_ratio": null,
            "reinvestment_rate": null,
            "research_to_sale_ratio": null,
            "price_fair": 0,
            "eps_avg_yearly": 0,
            "eps_latest_yearly": 0,
            "eps_growth_yearly": 0
        },
        "20033": {
            "year_quarter": 20033,
            "year": 2003,
            "quarter": 3,
            "eps": null,
            "eps_growth_year": null,
            "eps_4q": null,
            "eps_4q_growth_year": null,
            "roe": null,
            "roe_4q": 0,
            "gross_profit": null,
            "gross_margin": null,
            "gross_margin_4q_avg": 0,
            "net_income": null,
            "net_income_4q": null,
            "revenue": null,
            "revenue_4q": null,
            "common_shares": null,
            "book_valuer_per_share": null,
            "book_valuer_per_share_4q_avg": 3.12,
            "equity": null,
            "current_ratio": null,
            "debt_ratio": null,
            "inventory_turnover_ratio": null,
            "account_receivable_turnover_ratio": null,
            "reinvestment_rate": null,
            "research_to_sale_ratio": null,
            "price_fair": 0,
            "eps_avg_yearly": 0,
            "eps_latest_yearly": 0,
            "eps_growth_yearly": 0
        },
        "20034": {
            "year_quarter": 20034,
            "year": 2003,
            "quarter": 4,
            "eps": null,
            "eps_growth_year": null,
            "eps_4q": null,
            "eps_4q_growth_year": null,
            "roe": null,
            "roe_4q": 0,
            "gross_profit": null,
            "gross_margin": null,
            "gross_margin_4q_avg": 0,
            "net_income": null,
            "net_income_4q": null,
            "revenue": null,
            "revenue_4q": null,
            "common_shares": 912560,
            "book_valuer_per_share": 13.59,
            "book_valuer_per_share_4q_avg": 3.4,
            "equity": 1240032,
            "current_ratio": 171.3,
            "debt_ratio": 51.44,
            "inventory_turnover_ratio": null,
            "account_receivable_turnover_ratio": null,
            "reinvestment_rate": null,
            "research_to_sale_ratio": null,
            "price_fair": 0,
            "eps_avg_yearly": 0,
            "eps_latest_yearly": 0,
            "eps_growth_yearly": 0
        },
        "20041": {
            "year_quarter": 20041,
            "year": 2004,
            "quarter": 1,
            "eps": null,
            "eps_growth_year": null,
            "eps_4q": null,
            "eps_4q_growth_year": null,
            "roe": null,
            "roe_4q": 0,
            "gross_profit": null,
            "gross_margin": null,
            "gross_margin_4q_avg": 0,
            "net_income": null,
            "net_income_4q": null,
            "revenue": null,
            "revenue_4q": null,
            "common_shares": null,
            "book_valuer_per_share": null,
            "book_valuer_per_share_4q_avg": 3.4,
            "equity": null,
            "current_ratio": null,
            "debt_ratio": null,
            "inventory_turnover_ratio": null,
            "account_receivable_turnover_ratio": null,
            "reinvestment_rate": null,
            "research_to_sale_ratio": null,
            "price_fair": 0,
            "eps_avg_yearly": 0,
            "eps_latest_yearly": 0,
            "eps_growth_yearly": 0
        },
        "20042": {
            "year_quarter": 20042,
            "year": 2004,
            "quarter": 2,
            "eps": null,
            "eps_growth_year": null,
            "eps_4q": null,
            "eps_4q_growth_year": null,
            "roe": null,
            "roe_4q": 0,
            "gross_profit": null,
            "gross_margin": null,
            "gross_margin_4q_avg": 0,
            "net_income": null,
            "net_income_4q": null,
            "revenue": null,
            "revenue_4q": null,
            "common_shares": null,
            "book_valuer_per_share": null,
            "book_valuer_per_share_4q_avg": 3.4,
            "equity": null,
            "current_ratio": null,
            "debt_ratio": null,
            "inventory_turnover_ratio": null,
            "account_receivable_turnover_ratio": null,
            "reinvestment_rate": null,
            "research_to_sale_ratio": null,
            "price_fair": 0,
            "eps_avg_yearly": 0,
            "eps_latest_yearly": 0,
            "eps_growth_yearly": 0
        },
        "20043": {
            "year_quarter": 20043,
            "year": 2004,
            "quarter": 3,
            "eps": null,
            "eps_growth_year": null,
            "eps_4q": null,
            "eps_4q_growth_year": null,
            "roe": null,
            "roe_4q": 0,
            "gross_profit": null,
            "gross_margin": null,
            "gross_margin_4q_avg": 0,
            "net_income": null,
            "net_income_4q": null,
            "revenue": null,
            "revenue_4q": null,
            "common_shares": null,
            "book_valuer_per_share": null,
            "book_valuer_per_share_4q_avg": 3.4,
            "equity": null,
            "current_ratio": null,
            "debt_ratio": null,
            "inventory_turnover_ratio": null,
            "account_receivable_turnover_ratio": null,
            "reinvestment_rate": null,
            "research_to_sale_ratio": null,
            "price_fair": 0,
            "eps_avg_yearly": 0,
            "eps_latest_yearly": 0,
            "eps_growth_yearly": 0
        },
        "20044": {
            "year_quarter": 20044,
            "year": 2004,
            "quarter": 4,
            "eps": null,
            "eps_growth_year": null,
            "eps_4q": null,
            "eps_4q_growth_year": null,
            "roe": null,
            "roe_4q": 0,
            "gross_profit": null,
            "gross_margin": null,
            "gross_margin_4q_avg": 0,
            "net_income": null,
            "net_income_4q": null,
            "revenue": null,
            "revenue_4q": null,
            "common_shares": 1021216,
            "book_valuer_per_share": 12.72,
            "book_valuer_per_share_4q_avg": 3.18,
            "equity": 1299319,
            "current_ratio": 159.24,
            "debt_ratio": 58.95,
            "inventory_turnover_ratio": null,
            "account_receivable_turnover_ratio": null,
            "reinvestment_rate": null,
            "research_to_sale_ratio": null,
            "price_fair": 0,
            "eps_avg_yearly": 0,
            "eps_latest_yearly": 0,
            "eps_growth_yearly": 0
        },
        "20051": {
            "year_quarter": 20051,
            "year": 2005,
            "quarter": 1,
            "eps": null,
            "eps_growth_year": null,
            "eps_4q": null,
            "eps_4q_growth_year": null,
            "roe": null,
            "roe_4q": 0,
            "gross_profit": null,
            "gross_margin": null,
            "gross_margin_4q_avg": 0,
            "net_income": null,
            "net_income_4q": null,
            "revenue": null,
            "revenue_4q": null,
            "common_shares": null,
            "book_valuer_per_share": null,
            "book_valuer_per_share_4q_avg": 3.18,
            "equity": null,
            "current_ratio": null,
            "debt_ratio": null,
            "inventory_turnover_ratio": null,
            "account_receivable_turnover_ratio": null,
            "reinvestment_rate": null,
            "research_to_sale_ratio": null,
            "price_fair": 0,
            "eps_avg_yearly": 0,
            "eps_latest_yearly": 0,
            "eps_growth_yearly": 0
        },
        "20052": {
            "year_quarter": 20052,
            "year": 2005,
            "quarter": 2,
            "eps": null,
            "eps_growth_year": null,
            "eps_4q": null,
            "eps_4q_growth_year": null,
            "roe": null,
            "roe_4q": 0,
            "gross_profit": null,
            "gross_margin": null,
            "gross_margin_4q_avg": 0,
            "net_income": null,
            "net_income_4q": null,
            "revenue": null,
            "revenue_4q": null,
            "common_shares": null,
            "book_valuer_per_share": null,
            "book_valuer_per_share_4q_avg": 3.18,
            "equity": null,
            "current_ratio": null,
            "debt_ratio": null,
            "inventory_turnover_ratio": null,
            "account_receivable_turnover_ratio": null,
            "reinvestment_rate": null,
            "research_to_sale_ratio": null,
            "price_fair": 0,
            "eps_avg_yearly": 0,
            "eps_latest_yearly": 0,
            "eps_growth_yearly": 0
        },
        "20053": {
            "year_quarter": 20053,
            "year": 2005,
            "quarter": 3,
            "eps": null,
            "eps_growth_year": null,
            "eps_4q": null,
            "eps_4q_growth_year": null,
            "roe": null,
            "roe_4q": 0,
            "gross_profit": null,
            "gross_margin": null,
            "gross_margin_4q_avg": 0,
            "net_income": null,
            "net_income_4q": null,
            "revenue": null,
            "revenue_4q": null,
            "common_shares": null,
            "book_valuer_per_share": null,
            "book_valuer_per_share_4q_avg": 3.18,
            "equity": null,
            "current_ratio": null,
            "debt_ratio": null,
            "inventory_turnover_ratio": null,
            "account_receivable_turnover_ratio": null,
            "reinvestment_rate": null,
            "research_to_sale_ratio": null,
            "price_fair": 0,
            "eps_avg_yearly": 0,
            "eps_latest_yearly": 0,
            "eps_growth_yearly": 0
        },
        "20054": {
            "year_quarter": 20054,
            "year": 2005,
            "quarter": 4,
            "eps": null,
            "eps_growth_year": null,
            "eps_4q": null,
            "eps_4q_growth_year": null,
            "roe": null,
            "roe_4q": 0,
            "gross_profit": null,
            "gross_margin": null,
            "gross_margin_4q_avg": 0,
            "net_income": null,
            "net_income_4q": null,
            "revenue": null,
            "revenue_4q": null,
            "common_shares": 1049000,
            "book_valuer_per_share": 11.1,
            "book_valuer_per_share_4q_avg": 2.78,
            "equity": 1164513,
            "current_ratio": 205.06,
            "debt_ratio": 46.5,
            "inventory_turnover_ratio": null,
            "account_receivable_turnover_ratio": null,
            "reinvestment_rate": null,
            "research_to_sale_ratio": null,
            "price_fair": 0,
            "eps_avg_yearly": 0,
            "eps_latest_yearly": 0,
            "eps_growth_yearly": 0
        },
        "20061": {
            "year_quarter": 20061,
            "year": 2006,
            "quarter": 1,
            "eps": null,
            "eps_growth_year": null,
            "eps_4q": null,
            "eps_4q_growth_year": null,
            "roe": null,
            "roe_4q": 0,
            "gross_profit": null,
            "gross_margin": null,
            "gross_margin_4q_avg": 0,
            "net_income": null,
            "net_income_4q": null,
            "revenue": null,
            "revenue_4q": null,
            "common_shares": null,
            "book_valuer_per_share": null,
            "book_valuer_per_share_4q_avg": 2.78,
            "equity": null,
            "current_ratio": null,
            "debt_ratio": null,
            "inventory_turnover_ratio": null,
            "account_receivable_turnover_ratio": null,
            "reinvestment_rate": null,
            "research_to_sale_ratio": null,
            "price_fair": 0,
            "eps_avg_yearly": 0,
            "eps_latest_yearly": 0,
            "eps_growth_yearly": 0
        },
        "20062": {
            "year_quarter": 20062,
            "year": 2006,
            "quarter": 2,
            "eps": null,
            "eps_growth_year": null,
            "eps_4q": null,
            "eps_4q_growth_year": null,
            "roe": null,
            "roe_4q": 0,
            "gross_profit": null,
            "gross_margin": null,
            "gross_margin_4q_avg": 0,
            "net_income": null,
            "net_income_4q": null,
            "revenue": null,
            "revenue_4q": null,
            "common_shares": null,
            "book_valuer_per_share": null,
            "book_valuer_per_share_4q_avg": 2.78,
            "equity": null,
            "current_ratio": null,
            "debt_ratio": null,
            "inventory_turnover_ratio": null,
            "account_receivable_turnover_ratio": null,
            "reinvestment_rate": null,
            "research_to_sale_ratio": null,
            "price_fair": 0,
            "eps_avg_yearly": 0,
            "eps_latest_yearly": 0,
            "eps_growth_yearly": 0
        },
        "20063": {
            "year_quarter": 20063,
            "year": 2006,
            "quarter": 3,
            "eps": null,
            "eps_growth_year": null,
            "eps_4q": null,
            "eps_4q_growth_year": null,
            "roe": null,
            "roe_4q": 0,
            "gross_profit": null,
            "gross_margin": null,
            "gross_margin_4q_avg": 0,
            "net_income": null,
            "net_income_4q": null,
            "revenue": null,
            "revenue_4q": null,
            "common_shares": null,
            "book_valuer_per_share": null,
            "book_valuer_per_share_4q_avg": 2.78,
            "equity": null,
            "current_ratio": null,
            "debt_ratio": null,
            "inventory_turnover_ratio": null,
            "account_receivable_turnover_ratio": null,
            "reinvestment_rate": null,
            "research_to_sale_ratio": null,
            "price_fair": 0,
            "eps_avg_yearly": 0,
            "eps_latest_yearly": 0,
            "eps_growth_yearly": 0
        },
        "20064": {
            "year_quarter": 20064,
            "year": 2006,
            "quarter": 4,
            "eps": null,
            "eps_growth_year": null,
            "eps_4q": null,
            "eps_4q_growth_year": null,
            "roe": null,
            "roe_4q": 0,
            "gross_profit": null,
            "gross_margin": null,
            "gross_margin_4q_avg": 0,
            "net_income": null,
            "net_income_4q": null,
            "revenue": null,
            "revenue_4q": null,
            "common_shares": 1049000,
            "book_valuer_per_share": 13.11,
            "book_valuer_per_share_4q_avg": 3.28,
            "equity": 1374959,
            "current_ratio": 152.08,
            "debt_ratio": 63.1,
            "inventory_turnover_ratio": null,
            "account_receivable_turnover_ratio": null,
            "reinvestment_rate": null,
            "research_to_sale_ratio": null,
            "price_fair": 0,
            "eps_avg_yearly": 0,
            "eps_latest_yearly": 0,
            "eps_growth_yearly": 0
        },
        "20071": {
            "year_quarter": 20071,
            "year": 2007,
            "quarter": 1,
            "eps": null,
            "eps_growth_year": null,
            "eps_4q": null,
            "eps_4q_growth_year": null,
            "roe": null,
            "roe_4q": 0,
            "gross_profit": null,
            "gross_margin": null,
            "gross_margin_4q_avg": 0,
            "net_income": null,
            "net_income_4q": null,
            "revenue": null,
            "revenue_4q": null,
            "common_shares": null,
            "book_valuer_per_share": null,
            "book_valuer_per_share_4q_avg": 3.28,
            "equity": null,
            "current_ratio": null,
            "debt_ratio": null,
            "inventory_turnover_ratio": null,
            "account_receivable_turnover_ratio": null,
            "reinvestment_rate": null,
            "research_to_sale_ratio": null,
            "price_fair": 0,
            "eps_avg_yearly": 0,
            "eps_latest_yearly": 0,
            "eps_growth_yearly": 0
        },
        "20072": {
            "year_quarter": 20072,
            "year": 2007,
            "quarter": 2,
            "eps": null,
            "eps_growth_year": null,
            "eps_4q": null,
            "eps_4q_growth_year": null,
            "roe": null,
            "roe_4q": 0,
            "gross_profit": null,
            "gross_margin": null,
            "gross_margin_4q_avg": 0,
            "net_income": null,
            "net_income_4q": null,
            "revenue": null,
            "revenue_4q": null,
            "common_shares": null,
            "book_valuer_per_share": null,
            "book_valuer_per_share_4q_avg": 3.28,
            "equity": null,
            "current_ratio": null,
            "debt_ratio": null,
            "inventory_turnover_ratio": null,
            "account_receivable_turnover_ratio": null,
            "reinvestment_rate": null,
            "research_to_sale_ratio": null,
            "price_fair": 0,
            "eps_avg_yearly": 0,
            "eps_latest_yearly": 0,
            "eps_growth_yearly": 0
        },
        "20073": {
            "year_quarter": 20073,
            "year": 2007,
            "quarter": 3,
            "eps": null,
            "eps_growth_year": null,
            "eps_4q": null,
            "eps_4q_growth_year": null,
            "roe": null,
            "roe_4q": 0,
            "gross_profit": null,
            "gross_margin": null,
            "gross_margin_4q_avg": 0,
            "net_income": null,
            "net_income_4q": null,
            "revenue": null,
            "revenue_4q": null,
            "common_shares": null,
            "book_valuer_per_share": null,
            "book_valuer_per_share_4q_avg": 3.28,
            "equity": null,
            "current_ratio": null,
            "debt_ratio": null,
            "inventory_turnover_ratio": null,
            "account_receivable_turnover_ratio": null,
            "reinvestment_rate": null,
            "research_to_sale_ratio": null,
            "price_fair": 0,
            "eps_avg_yearly": 0,
            "eps_latest_yearly": 0,
            "eps_growth_yearly": 0
        },
        "20074": {
            "year_quarter": 20074,
            "year": 2007,
            "quarter": 4,
            "eps": null,
            "eps_growth_year": null,
            "eps_4q": null,
            "eps_4q_growth_year": null,
            "roe": null,
            "roe_4q": 0,
            "gross_profit": null,
            "gross_margin": null,
            "gross_margin_4q_avg": 0,
            "net_income": null,
            "net_income_4q": null,
            "revenue": null,
            "revenue_4q": null,
            "common_shares": 1095598,
            "book_valuer_per_share": 8.32,
            "book_valuer_per_share_4q_avg": 2.08,
            "equity": 911006,
            "current_ratio": 128.49,
            "debt_ratio": 73.01,
            "inventory_turnover_ratio": null,
            "account_receivable_turnover_ratio": null,
            "reinvestment_rate": null,
            "research_to_sale_ratio": null,
            "price_fair": 0,
            "eps_avg_yearly": 0,
            "eps_latest_yearly": 0,
            "eps_growth_yearly": 0
        },
        "20081": {
            "year_quarter": 20081,
            "year": 2008,
            "quarter": 1,
            "eps": null,
            "eps_growth_year": null,
            "eps_4q": null,
            "eps_4q_growth_year": null,
            "roe": null,
            "roe_4q": 0,
            "gross_profit": null,
            "gross_margin": null,
            "gross_margin_4q_avg": 0,
            "net_income": null,
            "net_income_4q": null,
            "revenue": null,
            "revenue_4q": null,
            "common_shares": null,
            "book_valuer_per_share": null,
            "book_valuer_per_share_4q_avg": 2.08,
            "equity": null,
            "current_ratio": null,
            "debt_ratio": null,
            "inventory_turnover_ratio": null,
            "account_receivable_turnover_ratio": null,
            "reinvestment_rate": null,
            "research_to_sale_ratio": null,
            "price_fair": 0,
            "eps_avg_yearly": 0,
            "eps_latest_yearly": 0,
            "eps_growth_yearly": 0
        },
        "20082": {
            "year_quarter": 20082,
            "year": 2008,
            "quarter": 2,
            "eps": null,
            "eps_growth_year": null,
            "eps_4q": null,
            "eps_4q_growth_year": null,
            "roe": null,
            "roe_4q": 0,
            "gross_profit": null,
            "gross_margin": null,
            "gross_margin_4q_avg": 0,
            "net_income": null,
            "net_income_4q": null,
            "revenue": null,
            "revenue_4q": null,
            "common_shares": null,
            "book_valuer_per_share": null,
            "book_valuer_per_share_4q_avg": 2.08,
            "equity": null,
            "current_ratio": null,
            "debt_ratio": null,
            "inventory_turnover_ratio": null,
            "account_receivable_turnover_ratio": null,
            "reinvestment_rate": null,
            "research_to_sale_ratio": null,
            "price_fair": 0,
            "eps_avg_yearly": 0,
            "eps_latest_yearly": 0,
            "eps_growth_yearly": 0
        },
        "20083": {
            "year_quarter": 20083,
            "year": 2008,
            "quarter": 3,
            "eps": null,
            "eps_growth_year": null,
            "eps_4q": null,
            "eps_4q_growth_year": null,
            "roe": null,
            "roe_4q": 0,
            "gross_profit": null,
            "gross_margin": null,
            "gross_margin_4q_avg": 0,
            "net_income": null,
            "net_income_4q": null,
            "revenue": null,
            "revenue_4q": null,
            "common_shares": null,
            "book_valuer_per_share": null,
            "book_valuer_per_share_4q_avg": 2.08,
            "equity": null,
            "current_ratio": null,
            "debt_ratio": null,
            "inventory_turnover_ratio": null,
            "account_receivable_turnover_ratio": null,
            "reinvestment_rate": null,
            "research_to_sale_ratio": null,
            "price_fair": 0,
            "eps_avg_yearly": 0,
            "eps_latest_yearly": 0,
            "eps_growth_yearly": 0
        },
        "20084": {
            "year_quarter": 20084,
            "year": 2008,
            "quarter": 4,
            "eps": null,
            "eps_growth_year": null,
            "eps_4q": null,
            "eps_4q_growth_year": null,
            "roe": null,
            "roe_4q": 0,
            "gross_profit": null,
            "gross_margin": null,
            "gross_margin_4q_avg": 0,
            "net_income": null,
            "net_income_4q": null,
            "revenue": null,
            "revenue_4q": null,
            "common_shares": 1095598,
            "book_valuer_per_share": 8.54,
            "book_valuer_per_share_4q_avg": 2.14,
            "equity": 935834,
            "current_ratio": 209.65,
            "debt_ratio": 43.19,
            "inventory_turnover_ratio": null,
            "account_receivable_turnover_ratio": null,
            "reinvestment_rate": null,
            "research_to_sale_ratio": null,
            "price_fair": 0,
            "eps_avg_yearly": 0,
            "eps_latest_yearly": 0,
            "eps_growth_yearly": 0
        },
        "20091": {
            "year_quarter": 20091,
            "year": 2009,
            "quarter": 1,
            "eps": 1.02,
            "eps_growth_year": null,
            "eps_4q": null,
            "eps_4q_growth_year": null,
            "roe": 11.28,
            "roe_4q": 11.28,
            "gross_profit": 280282,
            "gross_margin": 12.89,
            "gross_margin_4q_avg": 3.22,
            "net_income": 111986,
            "net_income_4q": null,
            "revenue": 2175199,
            "revenue_4q": null,
            "common_shares": 1095598,
            "book_valuer_per_share": 9.59,
            "book_valuer_per_share_4q_avg": 4.53,
            "equity": 1050217,
            "current_ratio": 213.9,
            "debt_ratio": 42.73,
            "inventory_turnover_ratio": 4.33,
            "account_receivable_turnover_ratio": 3.83,
            "reinvestment_rate": null,
            "research_to_sale_ratio": null,
            "price_fair": 0,
            "eps_avg_yearly": 0,
            "eps_latest_yearly": 0,
            "eps_growth_yearly": 0
        },
        "20092": {
            "year_quarter": 20092,
            "year": 2009,
            "quarter": 2,
            "eps": 0.34,
            "eps_growth_year": null,
            "eps_4q": null,
            "eps_4q_growth_year": null,
            "roe": 3.46,
            "roe_4q": 14.739999999999998,
            "gross_profit": 219434,
            "gross_margin": 8.85,
            "gross_margin_4q_avg": 5.44,
            "net_income": 36936,
            "net_income_4q": null,
            "revenue": 2479601,
            "revenue_4q": null,
            "common_shares": 1095598,
            "book_valuer_per_share": 9.91,
            "book_valuer_per_share_4q_avg": 7.01,
            "equity": 1085196,
            "current_ratio": 174.02,
            "debt_ratio": 53.85,
            "inventory_turnover_ratio": 3.87,
            "account_receivable_turnover_ratio": 3.35,
            "reinvestment_rate": null,
            "research_to_sale_ratio": null,
            "price_fair": 4.08,
            "eps_avg_yearly": 1.36,
            "eps_latest_yearly": 1.36,
            "eps_growth_yearly": -266.67
        },
        "20093": {
            "year_quarter": 20093,
            "year": 2009,
            "quarter": 3,
            "eps": 0.6,
            "eps_growth_year": null,
            "eps_4q": null,
            "eps_4q_growth_year": null,
            "roe": 5.95,
            "roe_4q": 20.689999999999998,
            "gross_profit": 241953,
            "gross_margin": 7.07,
            "gross_margin_4q_avg": 7.2,
            "net_income": 66523,
            "net_income_4q": null,
            "revenue": 3419872,
            "revenue_4q": null,
            "common_shares": 1095598,
            "book_valuer_per_share": 10.51,
            "book_valuer_per_share_4q_avg": 9.64,
            "equity": 1151353,
            "current_ratio": 166.5,
            "debt_ratio": 57.45,
            "inventory_turnover_ratio": 3.78,
            "account_receivable_turnover_ratio": 3.46,
            "reinvestment_rate": null,
            "research_to_sale_ratio": null,
            "price_fair": 55.66,
            "eps_avg_yearly": 1.88,
            "eps_latest_yearly": 2.4,
            "eps_growth_yearly": 19.61
        },
        "20094": {
            "year_quarter": 20094,
            "year": 2009,
            "quarter": 4,
            "eps": 0.82,
            "eps_growth_year": null,
            "eps_4q": 2.79,
            "eps_4q_growth_year": null,
            "roe": 7.53,
            "roe_4q": 28.22,
            "gross_profit": 299822,
            "gross_margin": 8.12,
            "gross_margin_4q_avg": 9.23,
            "net_income": 89757,
            "net_income_4q": null,
            "revenue": 3693129,
            "revenue_4q": null,
            "common_shares": 1095598,
            "book_valuer_per_share": 11.29,
            "book_valuer_per_share_4q_avg": 10.33,
            "equity": 1233338,
            "current_ratio": 206.69,
            "debt_ratio": 46.14,
            "inventory_turnover_ratio": 3.48,
            "account_receivable_turnover_ratio": 5.27,
            "reinvestment_rate": null,
            "research_to_sale_ratio": null,
            "price_fair": 82.13,
            "eps_avg_yearly": 2.35,
            "eps_latest_yearly": 3.28,
            "eps_growth_yearly": 61.96
        },
        "20101": {
            "year_quarter": 20101,
            "year": 2010,
            "quarter": 1,
            "eps": 1.31,
            "eps_growth_year": 28.43,
            "eps_4q": 3.08,
            "eps_4q_growth_year": null,
            "roe": 11,
            "roe_4q": 27.94,
            "gross_profit": 355339,
            "gross_margin": 8.98,
            "gross_margin_4q_avg": 8.26,
            "net_income": 143594,
            "net_income_4q": null,
            "revenue": 3954947,
            "revenue_4q": null,
            "common_shares": 1095598,
            "book_valuer_per_share": 12.6,
            "book_valuer_per_share_4q_avg": 11.08,
            "equity": 1376586,
            "current_ratio": 179.58,
            "debt_ratio": 54.2,
            "inventory_turnover_ratio": 3.21,
            "account_receivable_turnover_ratio": 2.38,
            "reinvestment_rate": null,
            "research_to_sale_ratio": 0.39,
            "price_fair": 107.45,
            "eps_avg_yearly": 3.07,
            "eps_latest_yearly": 5.24,
            "eps_growth_yearly": 106.23
        },
        "20102": {
            "year_quarter": 20102,
            "year": 2010,
            "quarter": 2,
            "eps": 0.58,
            "eps_growth_year": 70.56,
            "eps_4q": 3.24,
            "eps_4q_growth_year": null,
            "roe": 4.71,
            "roe_4q": 29.19,
            "gross_profit": 258819,
            "gross_margin": 7.94,
            "gross_margin_4q_avg": 8.03,
            "net_income": 65341,
            "net_income_4q": null,
            "revenue": 3260357,
            "revenue_4q": null,
            "common_shares": 1095598,
            "book_valuer_per_share": 12.78,
            "book_valuer_per_share_4q_avg": 11.8,
            "equity": 1395774,
            "current_ratio": 204.06,
            "debt_ratio": 47.23,
            "inventory_turnover_ratio": 2.47,
            "account_receivable_turnover_ratio": 1.85,
            "reinvestment_rate": null,
            "research_to_sale_ratio": 0.62,
            "price_fair": 102.2,
            "eps_avg_yearly": 2.92,
            "eps_latest_yearly": 2.32,
            "eps_growth_yearly": 40.4
        },
        "20103": {
            "year_quarter": 20103,
            "year": 2010,
            "quarter": 3,
            "eps": 0.74,
            "eps_growth_year": 23.34,
            "eps_4q": 3.39,
            "eps_4q_growth_year": null,
            "roe": 5.79,
            "roe_4q": 29.03,
            "gross_profit": 256504,
            "gross_margin": 7.87,
            "gross_margin_4q_avg": 8.23,
            "net_income": 83469,
            "net_income_4q": null,
            "revenue": 3259406,
            "revenue_4q": null,
            "common_shares": 1127926,
            "book_valuer_per_share": 13.17,
            "book_valuer_per_share_4q_avg": 12.46,
            "equity": 1485929,
            "current_ratio": 254.12,
            "debt_ratio": 38.08,
            "inventory_turnover_ratio": 2.99,
            "account_receivable_turnover_ratio": 2.1,
            "reinvestment_rate": null,
            "research_to_sale_ratio": 0.52,
            "price_fair": 102.43,
            "eps_avg_yearly": 2.93,
            "eps_latest_yearly": 2.96,
            "eps_growth_yearly": 52.06
        },
        "20104": {
            "year_quarter": 20104,
            "year": 2010,
            "quarter": 4,
            "eps": 0.27,
            "eps_growth_year": -66.62,
            "eps_4q": 2.56,
            "eps_4q_growth_year": -8.34,
            "roe": 2.1,
            "roe_4q": 23.6,
            "gross_profit": 269965,
            "gross_margin": 9.5,
            "gross_margin_4q_avg": 8.57,
            "net_income": 34989,
            "net_income_4q": null,
            "revenue": 2840769,
            "revenue_4q": null,
            "common_shares": 1278326,
            "book_valuer_per_share": 14.42,
            "book_valuer_per_share_4q_avg": 13.24,
            "equity": 1843108,
            "current_ratio": 253.59,
            "debt_ratio": 38.26,
            "inventory_turnover_ratio": 2.85,
            "account_receivable_turnover_ratio": 2.36,
            "reinvestment_rate": null,
            "research_to_sale_ratio": 0.57,
            "price_fair": 48.81,
            "eps_avg_yearly": 2.66,
            "eps_latest_yearly": 1.08,
            "eps_growth_yearly": 8.33
        },
        "20111": {
            "year_quarter": 20111,
            "year": 2011,
            "quarter": 1,
            "eps": 0.56,
            "eps_growth_year": -57.25,
            "eps_4q": 2,
            "eps_4q_growth_year": -35.18,
            "roe": 3.81,
            "roe_4q": 16.41,
            "gross_profit": 266081,
            "gross_margin": 11.03,
            "gross_margin_4q_avg": 9.09,
            "net_income": 71708,
            "net_income_4q": null,
            "revenue": 2413021,
            "revenue_4q": null,
            "common_shares": 1278326,
            "book_valuer_per_share": 15.01,
            "book_valuer_per_share_4q_avg": 13.85,
            "equity": 1918817,
            "current_ratio": 255.46,
            "debt_ratio": 38.03,
            "inventory_turnover_ratio": 2.13,
            "account_receivable_turnover_ratio": 2.47,
            "reinvestment_rate": null,
            "research_to_sale_ratio": 0.74,
            "price_fair": 91.35,
            "eps_avg_yearly": 2.61,
            "eps_latest_yearly": 2.24,
            "eps_growth_yearly": 60.99
        },
        "20112": {
            "year_quarter": 20112,
            "year": 2011,
            "quarter": 2,
            "eps": 0.38,
            "eps_growth_year": -34.8,
            "eps_4q": 1.82,
            "eps_4q_growth_year": -43.98,
            "roe": 2.68,
            "roe_4q": 14.379999999999999,
            "gross_profit": 216998,
            "gross_margin": 9.38,
            "gross_margin_4q_avg": 9.45,
            "net_income": 50006,
            "net_income_4q": null,
            "revenue": 2312680,
            "revenue_4q": null,
            "common_shares": 1278326,
            "book_valuer_per_share": 14.19,
            "book_valuer_per_share_4q_avg": 14.2,
            "equity": 1809595,
            "current_ratio": 250.8,
            "debt_ratio": 38.74,
            "inventory_turnover_ratio": 1.89,
            "account_receivable_turnover_ratio": 2.04,
            "reinvestment_rate": null,
            "research_to_sale_ratio": 0.83,
            "price_fair": 87.11,
            "eps_avg_yearly": 2.49,
            "eps_latest_yearly": 1.52,
            "eps_growth_yearly": 39.93
        },
        "20113": {
            "year_quarter": 20113,
            "year": 2011,
            "quarter": 3,
            "eps": 0.49,
            "eps_growth_year": -33.47,
            "eps_4q": 1.7,
            "eps_4q_growth_year": -49.76,
            "roe": 3.49,
            "roe_4q": 12.08,
            "gross_profit": 256464,
            "gross_margin": 9.85,
            "gross_margin_4q_avg": 9.94,
            "net_income": 63768,
            "net_income_4q": null,
            "revenue": 2604446,
            "revenue_4q": null,
            "common_shares": 1322299,
            "book_valuer_per_share": 14.25,
            "book_valuer_per_share_4q_avg": 14.47,
            "equity": 1846269,
            "current_ratio": 275.39,
            "debt_ratio": 35.27,
            "inventory_turnover_ratio": 2.45,
            "account_receivable_turnover_ratio": 2.12,
            "reinvestment_rate": null,
            "research_to_sale_ratio": 0.73,
            "price_fair": 85.26,
            "eps_avg_yearly": 2.44,
            "eps_latest_yearly": 1.96,
            "eps_growth_yearly": 47.51
        },
        "20114": {
            "year_quarter": 20114,
            "year": 2011,
            "quarter": 4,
            "eps": 0.62,
            "eps_growth_year": 125.33,
            "eps_4q": 2.06,
            "eps_4q_growth_year": -19.62,
            "roe": 4.22,
            "roe_4q": 14.200000000000001,
            "gross_profit": 239926,
            "gross_margin": 11.65,
            "gross_margin_4q_avg": 10.48,
            "net_income": 79337,
            "net_income_4q": null,
            "revenue": 2059987,
            "revenue_4q": null,
            "common_shares": 1286359,
            "book_valuer_per_share": 14.88,
            "book_valuer_per_share_4q_avg": 14.58,
            "equity": 1913867,
            "current_ratio": 259.39,
            "debt_ratio": 37.59,
            "inventory_turnover_ratio": 2.24,
            "account_receivable_turnover_ratio": 1.87,
            "reinvestment_rate": null,
            "research_to_sale_ratio": 1.01,
            "price_fair": 85.4,
            "eps_avg_yearly": 2.44,
            "eps_latest_yearly": 2.48,
            "eps_growth_yearly": 52.84
        },
        "20121": {
            "year_quarter": 20121,
            "year": 2012,
            "quarter": 1,
            "eps": 0.82,
            "eps_growth_year": 46.43,
            "eps_4q": 2.33,
            "eps_4q_growth_year": 16.38,
            "roe": 5.36,
            "roe_4q": 15.75,
            "gross_profit": 302810,
            "gross_margin": 15.37,
            "gross_margin_4q_avg": 11.56,
            "net_income": 105455,
            "net_income_4q": null,
            "revenue": 1969804,
            "revenue_4q": null,
            "common_shares": 1286359,
            "book_valuer_per_share": 15.73,
            "book_valuer_per_share_4q_avg": 14.76,
            "equity": 2019237,
            "current_ratio": 253.17,
            "debt_ratio": 38.6,
            "inventory_turnover_ratio": 1.73,
            "account_receivable_turnover_ratio": 2.01,
            "reinvestment_rate": null,
            "research_to_sale_ratio": 1.21,
            "price_fair": 87.85,
            "eps_avg_yearly": 2.51,
            "eps_latest_yearly": 3.28,
            "eps_growth_yearly": 59.19
        },
        "20122": {
            "year_quarter": 20122,
            "year": 2012,
            "quarter": 2,
            "eps": 0.84,
            "eps_growth_year": 123.43,
            "eps_4q": 2.75,
            "eps_4q_growth_year": 51.27,
            "roe": 5.56,
            "roe_4q": 18.630000000000003,
            "gross_profit": 303770,
            "gross_margin": 16.3,
            "gross_margin_4q_avg": 13.29,
            "net_income": 110390,
            "net_income_4q": null,
            "revenue": 1863581,
            "revenue_4q": null,
            "common_shares": 1286359,
            "book_valuer_per_share": 15.21,
            "book_valuer_per_share_4q_avg": 15.02,
            "equity": 1952033,
            "current_ratio": 233.97,
            "debt_ratio": 41.81,
            "inventory_turnover_ratio": 1.43,
            "account_receivable_turnover_ratio": 1.89,
            "reinvestment_rate": null,
            "research_to_sale_ratio": 1.6,
            "price_fair": 90.14,
            "eps_avg_yearly": 2.58,
            "eps_latest_yearly": 3.36,
            "eps_growth_yearly": 55.39
        },
        "20123": {
            "year_quarter": 20123,
            "year": 2012,
            "quarter": 3,
            "eps": 0.75,
            "eps_growth_year": 53.04,
            "eps_4q": 3.01,
            "eps_4q_growth_year": 77.11,
            "roe": 4.91,
            "roe_4q": 20.049999999999997,
            "gross_profit": 299583,
            "gross_margin": 15.12,
            "gross_margin_4q_avg": 14.61,
            "net_income": 98355,
            "net_income_4q": null,
            "revenue": 1981400,
            "revenue_4q": null,
            "common_shares": 1308105,
            "book_valuer_per_share": 15.75,
            "book_valuer_per_share_4q_avg": 15.39,
            "equity": 2055667,
            "current_ratio": 276.51,
            "debt_ratio": 35.37,
            "inventory_turnover_ratio": 1.71,
            "account_receivable_turnover_ratio": 2.12,
            "reinvestment_rate": null,
            "research_to_sale_ratio": 1.35,
            "price_fair": 91.2,
            "eps_avg_yearly": 2.61,
            "eps_latest_yearly": 3,
            "eps_growth_yearly": 48.37
        },
        "20124": {
            "year_quarter": 20124,
            "year": 2012,
            "quarter": 4,
            "eps": 0.67,
            "eps_growth_year": 8,
            "eps_4q": 3.07,
            "eps_4q_growth_year": 49.28,
            "roe": 4.14,
            "roe_4q": 19.97,
            "gross_profit": 286075,
            "gross_margin": 15.15,
            "gross_margin_4q_avg": 15.49,
            "net_income": 86949,
            "net_income_4q": null,
            "revenue": 1888259,
            "revenue_4q": null,
            "common_shares": 1308105,
            "book_valuer_per_share": 16.44,
            "book_valuer_per_share_4q_avg": 15.78,
            "equity": 2146249,
            "current_ratio": 272.58,
            "debt_ratio": 35.76,
            "inventory_turnover_ratio": 1.9,
            "account_receivable_turnover_ratio": 2.15,
            "reinvestment_rate": 8.79,
            "research_to_sale_ratio": 1.47,
            "price_fair": 91.37,
            "eps_avg_yearly": 2.61,
            "eps_latest_yearly": 2.68,
            "eps_growth_yearly": 42.3
        },
        "20131": {
            "year_quarter": 20131,
            "year": 2013,
            "quarter": 1,
            "eps": 1.06,
            "eps_growth_year": 29.27,
            "eps_4q": 3.3,
            "eps_4q_growth_year": 41.92,
            "roe": 6.29,
            "roe_4q": 20.9,
            "gross_profit": 365738,
            "gross_margin": 17.34,
            "gross_margin_4q_avg": 15.98,
            "net_income": 139158,
            "net_income_4q": null,
            "revenue": 2109112,
            "revenue_4q": null,
            "common_shares": 1317265,
            "book_valuer_per_share": 17.28,
            "book_valuer_per_share_4q_avg": 16.17,
            "equity": 2276303,
            "current_ratio": 219.59,
            "debt_ratio": 36.37,
            "inventory_turnover_ratio": 1.68,
            "account_receivable_turnover_ratio": 2.61,
            "reinvestment_rate": 49.4,
            "research_to_sale_ratio": 1.16,
            "price_fair": 94.94,
            "eps_avg_yearly": 2.71,
            "eps_latest_yearly": 4.24,
            "eps_growth_yearly": 54.21
        },
        "20132": {
            "year_quarter": 20132,
            "year": 2013,
            "quarter": 2,
            "eps": 0.97,
            "eps_growth_year": 14.82,
            "eps_4q": 3.36,
            "eps_4q_growth_year": 22.27,
            "roe": 5.7,
            "roe_4q": 21.04,
            "gross_profit": 355621,
            "gross_margin": 14.57,
            "gross_margin_4q_avg": 15.55,
            "net_income": 127548,
            "net_income_4q": null,
            "revenue": 2440039,
            "revenue_4q": null,
            "common_shares": 1318215,
            "book_valuer_per_share": 16.68,
            "book_valuer_per_share_4q_avg": 16.54,
            "equity": 2197551,
            "current_ratio": 181.41,
            "debt_ratio": 43.89,
            "inventory_turnover_ratio": 1.47,
            "account_receivable_turnover_ratio": 2.83,
            "reinvestment_rate": 47.71,
            "research_to_sale_ratio": 1.24,
            "price_fair": 100.45,
            "eps_avg_yearly": 2.87,
            "eps_latest_yearly": 3.88,
            "eps_growth_yearly": 68.75
        },
        "20133": {
            "year_quarter": 20133,
            "year": 2013,
            "quarter": 3,
            "eps": 0.52,
            "eps_growth_year": -30.99,
            "eps_4q": 3.15,
            "eps_4q_growth_year": 4.37,
            "roe": 3.1,
            "roe_4q": 19.23,
            "gross_profit": 262760,
            "gross_margin": 9.57,
            "gross_margin_4q_avg": 14.16,
            "net_income": 69221,
            "net_income_4q": null,
            "revenue": 2745279,
            "revenue_4q": null,
            "common_shares": 1343637,
            "book_valuer_per_share": 16.9,
            "book_valuer_per_share_4q_avg": 16.83,
            "equity": 2270648,
            "current_ratio": 197.6,
            "debt_ratio": 39.67,
            "inventory_turnover_ratio": 1.69,
            "account_receivable_turnover_ratio": 2.84,
            "reinvestment_rate": 52.32,
            "research_to_sale_ratio": 0.76,
            "price_fair": 99.75,
            "eps_avg_yearly": 2.85,
            "eps_latest_yearly": 2.08,
            "eps_growth_yearly": 38.04
        },
        "20134": {
            "year_quarter": 20134,
            "year": 2013,
            "quarter": 4,
            "eps": 0.83,
            "eps_growth_year": 24.33,
            "eps_4q": 3.33,
            "eps_4q_growth_year": 8.3,
            "roe": 4.78,
            "roe_4q": 19.87,
            "gross_profit": 335867,
            "gross_margin": 13.22,
            "gross_margin_4q_avg": 13.68,
            "net_income": 111283,
            "net_income_4q": null,
            "revenue": 2541182,
            "revenue_4q": null,
            "common_shares": 1344667,
            "book_valuer_per_share": 17.72,
            "book_valuer_per_share_4q_avg": 17.15,
            "equity": 2380682,
            "current_ratio": 215.66,
            "debt_ratio": 36.15,
            "inventory_turnover_ratio": 1.7,
            "account_receivable_turnover_ratio": 2.9,
            "reinvestment_rate": 42.82,
            "research_to_sale_ratio": 1.04,
            "price_fair": 99.84,
            "eps_avg_yearly": 2.85,
            "eps_latest_yearly": 3.32,
            "eps_growth_yearly": 43.78
        },
        "20141": {
            "year_quarter": 20141,
            "year": 2014,
            "quarter": 1,
            "eps": 0.9,
            "eps_growth_year": -15.09,
            "eps_4q": 3.18,
            "eps_4q_growth_year": -3.75,
            "roe": 4.98,
            "roe_4q": 18.560000000000002,
            "gross_profit": 335544,
            "gross_margin": 13.96,
            "gross_margin_4q_avg": 12.83,
            "net_income": 122044,
            "net_income_4q": null,
            "revenue": 2403968,
            "revenue_4q": null,
            "common_shares": 1353307,
            "book_valuer_per_share": 18.59,
            "book_valuer_per_share_4q_avg": 17.47,
            "equity": 2516426,
            "current_ratio": 240.73,
            "debt_ratio": 32.27,
            "inventory_turnover_ratio": 1.72,
            "account_receivable_turnover_ratio": 2.89,
            "reinvestment_rate": 43.75,
            "research_to_sale_ratio": 1.13,
            "price_fair": 96.25,
            "eps_avg_yearly": 2.75,
            "eps_latest_yearly": 3.6,
            "eps_growth_yearly": 30.95
        },
        "20142": {
            "year_quarter": 20142,
            "year": 2014,
            "quarter": 2,
            "eps": 0.9,
            "eps_growth_year": -7.22,
            "eps_4q": 3.13,
            "eps_4q_growth_year": -6.88,
            "roe": 4.96,
            "roe_4q": 17.820000000000004,
            "gross_profit": 344710,
            "gross_margin": 13.2,
            "gross_margin_4q_avg": 12.49,
            "net_income": 121182,
            "net_income_4q": null,
            "revenue": 2611736,
            "revenue_4q": null,
            "common_shares": 1354847,
            "book_valuer_per_share": 17.48,
            "book_valuer_per_share_4q_avg": 17.67,
            "equity": 2368632,
            "current_ratio": 174.17,
            "debt_ratio": 46.19,
            "inventory_turnover_ratio": 1.67,
            "account_receivable_turnover_ratio": 2.71,
            "reinvestment_rate": 45.7,
            "research_to_sale_ratio": 0.72,
            "price_fair": 99.05,
            "eps_avg_yearly": 2.83,
            "eps_latest_yearly": 3.6,
            "eps_growth_yearly": 44.88
        },
        "20143": {
            "year_quarter": 20143,
            "year": 2014,
            "quarter": 3,
            "eps": 0.93,
            "eps_growth_year": 78.85,
            "eps_4q": 3.52,
            "eps_4q_growth_year": 11.94,
            "roe": 5.19,
            "roe_4q": 19.91,
            "gross_profit": 339244,
            "gross_margin": 12.42,
            "gross_margin_4q_avg": 13.2,
            "net_income": 126276,
            "net_income_4q": null,
            "revenue": 2730958,
            "revenue_4q": null,
            "common_shares": 1364937,
            "book_valuer_per_share": 18.29,
            "book_valuer_per_share_4q_avg": 18.02,
            "equity": 2495855,
            "current_ratio": 212.62,
            "debt_ratio": 36.97,
            "inventory_turnover_ratio": 1.63,
            "account_receivable_turnover_ratio": 2.44,
            "reinvestment_rate": 44.73,
            "research_to_sale_ratio": 0.71,
            "price_fair": 100.71,
            "eps_avg_yearly": 2.88,
            "eps_latest_yearly": 3.72,
            "eps_growth_yearly": 38.81
        },
        "20144": {
            "year_quarter": 20144,
            "year": 2014,
            "quarter": 4,
            "eps": 0.89,
            "eps_growth_year": 7.78,
            "eps_4q": 3.6,
            "eps_4q_growth_year": 8.13,
            "roe": 4.77,
            "roe_4q": 19.900000000000002,
            "gross_profit": 342278,
            "gross_margin": 13.85,
            "gross_margin_4q_avg": 13.36,
            "net_income": 121887,
            "net_income_4q": null,
            "revenue": 2471449,
            "revenue_4q": null,
            "common_shares": 1365437,
            "book_valuer_per_share": 19.17,
            "book_valuer_per_share_4q_avg": 18.38,
            "equity": 2617863,
            "current_ratio": 220.37,
            "debt_ratio": 36.24,
            "inventory_turnover_ratio": 1.58,
            "account_receivable_turnover_ratio": 2.28,
            "reinvestment_rate": 42.04,
            "research_to_sale_ratio": 0.72,
            "price_fair": 106.14,
            "eps_avg_yearly": 3.03,
            "eps_latest_yearly": 3.56,
            "eps_growth_yearly": 53.62
        },
        "20151": {
            "year_quarter": 20151,
            "year": 2015,
            "quarter": 1,
            "eps": 0.41,
            "eps_growth_year": -54.44,
            "eps_4q": 2.84,
            "eps_4q_growth_year": -10.77,
            "roe": 2.12,
            "roe_4q": 17.04,
            "gross_profit": 264492,
            "gross_margin": 12.23,
            "gross_margin_4q_avg": 12.93,
            "net_income": 60320,
            "net_income_4q": null,
            "revenue": 2162832,
            "revenue_4q": null,
            "common_shares": 1515437,
            "book_valuer_per_share": 20.2,
            "book_valuer_per_share_4q_avg": 18.79,
            "equity": 3061773,
            "current_ratio": 261.47,
            "debt_ratio": 31.28,
            "inventory_turnover_ratio": 1.62,
            "account_receivable_turnover_ratio": 2.18,
            "reinvestment_rate": 41.12,
            "research_to_sale_ratio": 0.99,
            "price_fair": 69.73,
            "eps_avg_yearly": 3,
            "eps_latest_yearly": 1.64,
            "eps_growth_yearly": 13.28
        },
        "20152": {
            "year_quarter": 20152,
            "year": 2015,
            "quarter": 2,
            "eps": 0.42,
            "eps_growth_year": -53.33,
            "eps_4q": 2.45,
            "eps_4q_growth_year": -21.72,
            "roe": 2.14,
            "roe_4q": 14.219999999999999,
            "gross_profit": 217840,
            "gross_margin": 11.77,
            "gross_margin_4q_avg": 12.57,
            "net_income": 62540,
            "net_income_4q": null,
            "revenue": 1850381,
            "revenue_4q": null,
            "common_shares": 1515437,
            "book_valuer_per_share": 18.34,
            "book_valuer_per_share_4q_avg": 19,
            "equity": 2779612,
            "current_ratio": 235.31,
            "debt_ratio": 34.54,
            "inventory_turnover_ratio": 1.79,
            "account_receivable_turnover_ratio": 1.96,
            "reinvestment_rate": 38.82,
            "research_to_sale_ratio": 0.88,
            "price_fair": 95.94,
            "eps_avg_yearly": 3.01,
            "eps_latest_yearly": 1.68,
            "eps_growth_yearly": 21.93
        },
        "20153": {
            "year_quarter": 20153,
            "year": 2015,
            "quarter": 3,
            "eps": 0.32,
            "eps_growth_year": -65.59,
            "eps_4q": 1.93,
            "eps_4q_growth_year": -45.07,
            "roe": 1.73,
            "roe_4q": 10.76,
            "gross_profit": 239741,
            "gross_margin": 13.91,
            "gross_margin_4q_avg": 12.94,
            "net_income": 48467,
            "net_income_4q": null,
            "revenue": 1722938,
            "revenue_4q": null,
            "common_shares": 1515437,
            "book_valuer_per_share": 18.72,
            "book_valuer_per_share_4q_avg": 19.11,
            "equity": 2837146,
            "current_ratio": 272.45,
            "debt_ratio": 29.92,
            "inventory_turnover_ratio": 1.93,
            "account_receivable_turnover_ratio": 1.91,
            "reinvestment_rate": 35.65,
            "research_to_sale_ratio": 0.9,
            "price_fair": 55.51,
            "eps_avg_yearly": 2.96,
            "eps_latest_yearly": 1.28,
            "eps_growth_yearly": 8.74
        },
        "20154": {
            "year_quarter": 20154,
            "year": 2015,
            "quarter": 4,
            "eps": 0.38,
            "eps_growth_year": -57.83,
            "eps_4q": 1.51,
            "eps_4q_growth_year": -58.14,
            "roe": 2,
            "roe_4q": 7.99,
            "gross_profit": 239170,
            "gross_margin": 14.55,
            "gross_margin_4q_avg": 13.12,
            "net_income": 57062,
            "net_income_4q": null,
            "revenue": 1643577,
            "revenue_4q": null,
            "common_shares": 1515987,
            "book_valuer_per_share": 18.97,
            "book_valuer_per_share_4q_avg": 19.06,
            "equity": 2876482,
            "current_ratio": 291.87,
            "debt_ratio": 26.3,
            "inventory_turnover_ratio": 1.97,
            "account_receivable_turnover_ratio": 1.95,
            "reinvestment_rate": 47.38,
            "research_to_sale_ratio": 1.16,
            "price_fair": 48.74,
            "eps_avg_yearly": 2.9,
            "eps_latest_yearly": 1.52,
            "eps_growth_yearly": 6.79
        },
        "20161": {
            "year_quarter": 20161,
            "year": 2016,
            "quarter": 1,
            "eps": 0.6,
            "eps_growth_year": 46.34,
            "eps_4q": 1.71,
            "eps_4q_growth_year": -39.72,
            "roe": 3.12,
            "roe_4q": 8.99,
            "gross_profit": 270756,
            "gross_margin": 18.06,
            "gross_margin_4q_avg": 14.57,
            "net_income": 91029,
            "net_income_4q": null,
            "revenue": 1499464,
            "revenue_4q": null,
            "common_shares": 1515937,
            "book_valuer_per_share": 19.55,
            "book_valuer_per_share_4q_avg": 18.9,
            "equity": 2963782,
            "current_ratio": 312.72,
            "debt_ratio": 24.72,
            "inventory_turnover_ratio": 1.68,
            "account_receivable_turnover_ratio": 2.15,
            "reinvestment_rate": 50.37,
            "research_to_sale_ratio": 1.18,
            "price_fair": 66.07,
            "eps_avg_yearly": 2.85,
            "eps_latest_yearly": 2.4,
            "eps_growth_yearly": 13.2
        },
        "20162": {
            "year_quarter": 20162,
            "year": 2016,
            "quarter": 2,
            "eps": 0.44,
            "eps_growth_year": 4.76,
            "eps_4q": 1.75,
            "eps_4q_growth_year": -28.72,
            "roe": 2.33,
            "roe_4q": 9.18,
            "gross_profit": 261455,
            "gross_margin": 16.13,
            "gross_margin_4q_avg": 15.66,
            "net_income": 66256,
            "net_income_4q": null,
            "revenue": 1620504,
            "revenue_4q": null,
            "common_shares": 1505937,
            "book_valuer_per_share": 18.14,
            "book_valuer_per_share_4q_avg": 18.85,
            "equity": 2731244,
            "current_ratio": 229.42,
            "debt_ratio": 34.06,
            "inventory_turnover_ratio": 1.6,
            "account_receivable_turnover_ratio": 2.42,
            "reinvestment_rate": 51.11,
            "research_to_sale_ratio": 1.26,
            "price_fair": 43.76,
            "eps_avg_yearly": 2.75,
            "eps_latest_yearly": 1.76,
            "eps_growth_yearly": 5.93
        },
        "20163": {
            "year_quarter": 20163,
            "year": 2016,
            "quarter": 3,
            "eps": 0.83,
            "eps_growth_year": 159.38,
            "eps_4q": 3.02,
            "eps_4q_growth_year": 55.89,
            "roe": 3.55,
            "roe_4q": 11,
            "gross_profit": 293903,
            "gross_margin": 16.93,
            "gross_margin_4q_avg": 16.42,
            "net_income": 89771,
            "net_income_4q": null,
            "revenue": 1735519,
            "revenue_4q": null,
            "common_shares": 1008978,
            "book_valuer_per_share": 22.97,
            "book_valuer_per_share_4q_avg": 19.91,
            "equity": 2322550,
            "current_ratio": 228.95,
            "debt_ratio": 32.08,
            "inventory_turnover_ratio": 1.46,
            "account_receivable_turnover_ratio": 2.28,
            "reinvestment_rate": 50.84,
            "research_to_sale_ratio": 1.43,
            "price_fair": 96.86,
            "eps_avg_yearly": 2.77,
            "eps_latest_yearly": 3.32,
            "eps_growth_yearly": 30.76
        },
        "20164": {
            "year_quarter": 20164,
            "year": 2016,
            "quarter": 4,
            "eps": 1.01,
            "eps_growth_year": 169.08,
            "eps_4q": 3.46,
            "eps_4q_growth_year": 129.9,
            "roe": 4.3,
            "roe_4q": 13.3,
            "gross_profit": 330186,
            "gross_margin": 16.79,
            "gross_margin_4q_avg": 16.98,
            "net_income": 102235,
            "net_income_4q": null,
            "revenue": 1966739,
            "revenue_4q": null,
            "common_shares": 1008978,
            "book_valuer_per_share": 24.03,
            "book_valuer_per_share_4q_avg": 21.17,
            "equity": 2428535,
            "current_ratio": 208.16,
            "debt_ratio": 36.77,
            "inventory_turnover_ratio": 1.4,
            "account_receivable_turnover_ratio": 2.19,
            "reinvestment_rate": 49.07,
            "research_to_sale_ratio": 1.24,
            "price_fair": 99.84,
            "eps_avg_yearly": 2.85,
            "eps_latest_yearly": 4.04,
            "eps_growth_yearly": 38.85
        },
        "20171": {
            "year_quarter": 20171,
            "year": 2017,
            "quarter": 1,
            "eps": 1.06,
            "eps_growth_year": 76.67,
            "eps_4q": 3.62,
            "eps_4q_growth_year": 111.94,
            "roe": 4.32,
            "roe_4q": 14.500000000000002,
            "gross_profit": 327161,
            "gross_margin": 15.11,
            "gross_margin_4q_avg": 16.24,
            "net_income": 106917,
            "net_income_4q": null,
            "revenue": 2164680,
            "revenue_4q": null,
            "common_shares": 1008978,
            "book_valuer_per_share": 24.93,
            "book_valuer_per_share_4q_avg": 22.52,
            "equity": 2519477,
            "current_ratio": 187.94,
            "debt_ratio": 42.42,
            "inventory_turnover_ratio": 1.15,
            "account_receivable_turnover_ratio": 2.17,
            "reinvestment_rate": 13.4,
            "research_to_sale_ratio": 1.21,
            "price_fair": 99.84,
            "eps_avg_yearly": 2.85,
            "eps_latest_yearly": 4.24,
            "eps_growth_yearly": 25.54
        },
        "20172": {
            "year_quarter": 20172,
            "year": 2017,
            "quarter": 2,
            "eps": 0.81,
            "eps_growth_year": 84.09,
            "eps_4q": 3.77,
            "eps_4q_growth_year": 116.19,
            "roe": 3.33,
            "roe_4q": 15.5,
            "gross_profit": 291875,
            "gross_margin": 12.14,
            "gross_margin_4q_avg": 15.24,
            "net_income": 81135,
            "net_income_4q": null,
            "revenue": 2404197,
            "revenue_4q": null,
            "common_shares": 1008978,
            "book_valuer_per_share": 23.35,
            "book_valuer_per_share_4q_avg": 23.82,
            "equity": 2356171,
            "current_ratio": 170.33,
            "debt_ratio": 46.47,
            "inventory_turnover_ratio": 1.19,
            "account_receivable_turnover_ratio": 2.25,
            "reinvestment_rate": 14.36,
            "research_to_sale_ratio": 1.06,
            "price_fair": 89.33,
            "eps_avg_yearly": 2.81,
            "eps_latest_yearly": 3.24,
            "eps_growth_yearly": 21.76
        },
        "20173": {
            "year_quarter": 20173,
            "year": 2017,
            "quarter": 3,
            "eps": 0.89,
            "eps_growth_year": 7.23,
            "eps_4q": 3.77,
            "eps_4q_growth_year": 25.13,
            "roe": 3.75,
            "roe_4q": 15.7,
            "gross_profit": 312389,
            "gross_margin": 11.29,
            "gross_margin_4q_avg": 13.83,
            "net_income": 90129,
            "net_income_4q": null,
            "revenue": 2767912,
            "revenue_4q": null,
            "common_shares": 1008978,
            "book_valuer_per_share": 24.24,
            "book_valuer_per_share_4q_avg": 24.14,
            "equity": 2445694,
            "current_ratio": 164.01,
            "debt_ratio": 49.61,
            "inventory_turnover_ratio": 1.45,
            "account_receivable_turnover_ratio": 2.15,
            "reinvestment_rate": 9.49,
            "research_to_sale_ratio": 0.78,
            "price_fair": 101.68,
            "eps_avg_yearly": 2.91,
            "eps_latest_yearly": 3.56,
            "eps_growth_yearly": 35.83
        },
        "20174": {
            "year_quarter": 20174,
            "year": 2017,
            "quarter": 4,
            "eps": 1.26,
            "eps_growth_year": 24.07,
            "eps_4q": 4.02,
            "eps_4q_growth_year": 16.01,
            "roe": 5.06,
            "roe_4q": 16.46,
            "gross_profit": 367365,
            "gross_margin": 13.57,
            "gross_margin_4q_avg": 13.03,
            "net_income": 126776,
            "net_income_4q": null,
            "revenue": 2706687,
            "revenue_4q": null,
            "common_shares": 1008978,
            "book_valuer_per_share": 25.45,
            "book_valuer_per_share_4q_avg": 24.49,
            "equity": 2568140,
            "current_ratio": 178.55,
            "debt_ratio": 44.57,
            "inventory_turnover_ratio": 1.4,
            "account_receivable_turnover_ratio": 1.98,
            "reinvestment_rate": 7.85,
            "research_to_sale_ratio": 0.96,
            "price_fair": 105.44,
            "eps_avg_yearly": 3.01,
            "eps_latest_yearly": 5.04,
            "eps_growth_yearly": 31.32
        },
        "20181": {
            "year_quarter": 20181,
            "year": 2018,
            "quarter": 1,
            "eps": 0.95,
            "eps_growth_year": -10.38,
            "eps_4q": 3.91,
            "eps_4q_growth_year": 7.8,
            "roe": 3.65,
            "roe_4q": 15.79,
            "gross_profit": 325967,
            "gross_margin": 13.07,
            "gross_margin_4q_avg": 12.52,
            "net_income": 95636,
            "net_income_4q": null,
            "revenue": 2494445,
            "revenue_4q": null,
            "common_shares": 1008978,
            "book_valuer_per_share": 26.46,
            "book_valuer_per_share_4q_avg": 24.88,
            "equity": 2670373,
            "current_ratio": 203.51,
            "debt_ratio": 38.43,
            "inventory_turnover_ratio": 1.4,
            "account_receivable_turnover_ratio": 2.04,
            "reinvestment_rate": 5.58,
            "research_to_sale_ratio": 1.15,
            "price_fair": 100.01,
            "eps_avg_yearly": 3.03,
            "eps_latest_yearly": 3.8,
            "eps_growth_yearly": 23.06
        },
        "20182": {
            "year_quarter": 20182,
            "year": 2018,
            "quarter": 2,
            "eps": 1,
            "eps_growth_year": 23.46,
            "eps_4q": 4.1,
            "eps_4q_growth_year": 8.66,
            "roe": 3.89,
            "roe_4q": 16.35,
            "gross_profit": 336394,
            "gross_margin": 13.94,
            "gross_margin_4q_avg": 12.97,
            "net_income": 101070,
            "net_income_4q": null,
            "revenue": 2412456,
            "revenue_4q": null,
            "common_shares": 1008978,
            "book_valuer_per_share": 25.02,
            "book_valuer_per_share_4q_avg": 25.29,
            "equity": 2524958,
            "current_ratio": 181.15,
            "debt_ratio": 43.35,
            "inventory_turnover_ratio": 1.42,
            "account_receivable_turnover_ratio": 1.97,
            "reinvestment_rate": 3.53,
            "research_to_sale_ratio": 1.33,
            "price_fair": 104.85,
            "eps_avg_yearly": 3.05,
            "eps_latest_yearly": 4,
            "eps_growth_yearly": 24.38
        },
        "20183": {
            "year_quarter": 20183,
            "year": 2018,
            "quarter": 3,
            "eps": 0.96,
            "eps_growth_year": 7.87,
            "eps_4q": 4.17,
            "eps_4q_growth_year": 10.39,
            "roe": 3.76,
            "roe_4q": 16.36,
            "gross_profit": 338033,
            "gross_margin": 14.63,
            "gross_margin_4q_avg": 13.8,
            "net_income": 96883,
            "net_income_4q": null,
            "revenue": 2310144,
            "revenue_4q": null,
            "common_shares": 1008978,
            "book_valuer_per_share": 26.06,
            "book_valuer_per_share_4q_avg": 25.75,
            "equity": 2630072,
            "current_ratio": 194.66,
            "debt_ratio": 40.28,
            "inventory_turnover_ratio": 1.35,
            "account_receivable_turnover_ratio": 1.7,
            "reinvestment_rate": 3.9,
            "research_to_sale_ratio": 1.25,
            "price_fair": 99.5,
            "eps_avg_yearly": 3.06,
            "eps_latest_yearly": 3.84,
            "eps_growth_yearly": 22.54
        },
        "20184": {
            "year_quarter": 20184,
            "year": 2018,
            "quarter": 4,
            "eps": 0.65,
            "eps_growth_year": -48.54,
            "eps_4q": 3.56,
            "eps_4q_growth_year": -11.49,
            "roe": 2.45,
            "roe_4q": 13.75,
            "gross_profit": 308895,
            "gross_margin": 13.89,
            "gross_margin_4q_avg": 13.88,
            "net_income": 65241,
            "net_income_4q": null,
            "revenue": 2224573,
            "revenue_4q": null,
            "common_shares": 1008978,
            "book_valuer_per_share": 26.71,
            "book_valuer_per_share_4q_avg": 26.06,
            "equity": 2695456,
            "current_ratio": 206.45,
            "debt_ratio": 36.96,
            "inventory_turnover_ratio": 1.43,
            "account_receivable_turnover_ratio": 1.72,
            "reinvestment_rate": 5.21,
            "research_to_sale_ratio": 1.38,
            "price_fair": 76.57,
            "eps_avg_yearly": 3,
            "eps_latest_yearly": 2.6,
            "eps_growth_yearly": 15.55
        },
        "20191": {
            "year_quarter": 20191,
            "year": 2019,
            "quarter": 1,
            "eps": 0.67,
            "eps_growth_year": -29.47,
            "eps_4q": 3.28,
            "eps_4q_growth_year": -16.09,
            "roe": 2.47,
            "roe_4q": 12.57,
            "gross_profit": 297713,
            "gross_margin": 15.32,
            "gross_margin_4q_avg": 14.45,
            "net_income": 67402,
            "net_income_4q": null,
            "revenue": 1943423,
            "revenue_4q": null,
            "common_shares": 1008978,
            "book_valuer_per_share": 27.41,
            "book_valuer_per_share_4q_avg": 26.3,
            "equity": 2765828,
            "current_ratio": 231.1,
            "debt_ratio": 32.87,
            "inventory_turnover_ratio": 1.55,
            "account_receivable_turnover_ratio": 1.78,
            "reinvestment_rate": 5.74,
            "research_to_sale_ratio": 1.43,
            "price_fair": 107.19,
            "eps_avg_yearly": 3.06,
            "eps_latest_yearly": 2.68,
            "eps_growth_yearly": 29.8
        },
        "20192": {
            "year_quarter": 20192,
            "year": 2019,
            "quarter": 2,
            "eps": 0.74,
            "eps_growth_year": -26,
            "eps_4q": 3.01,
            "eps_4q_growth_year": -26.51,
            "roe": 2.78,
            "roe_4q": 11.46,
            "gross_profit": 319058,
            "gross_margin": 17.81,
            "gross_margin_4q_avg": 15.41,
            "net_income": 74447,
            "net_income_4q": null,
            "revenue": 1791852,
            "revenue_4q": null,
            "common_shares": 1008978,
            "book_valuer_per_share": 25.67,
            "book_valuer_per_share_4q_avg": 26.46,
            "equity": 2590023,
            "current_ratio": 212.61,
            "debt_ratio": 35.29,
            "inventory_turnover_ratio": 1.88,
            "account_receivable_turnover_ratio": 1.83,
            "reinvestment_rate": 6.83,
            "research_to_sale_ratio": 1.59,
            "price_fair": 109.99,
            "eps_avg_yearly": 3.14,
            "eps_latest_yearly": 2.96,
            "eps_growth_yearly": 31.8
        },
        "20193": {
            "year_quarter": 20193,
            "year": 2019,
            "quarter": 3,
            "eps": 1.34,
            "eps_growth_year": 39.58,
            "eps_4q": 3.39,
            "eps_4q_growth_year": -18.65,
            "roe": 5.1,
            "roe_4q": 12.8,
            "gross_profit": 426499,
            "gross_margin": 23.32,
            "gross_margin_4q_avg": 17.59,
            "net_income": 134866,
            "net_income_4q": null,
            "revenue": 1828651,
            "revenue_4q": null,
            "common_shares": 1008978,
            "book_valuer_per_share": 26.8,
            "book_valuer_per_share_4q_avg": 26.65,
            "equity": 2704057,
            "current_ratio": 220.25,
            "debt_ratio": 34.8,
            "inventory_turnover_ratio": 1.85,
            "account_receivable_turnover_ratio": 1.8,
            "reinvestment_rate": 9.03,
            "research_to_sale_ratio": 1.69,
            "price_fair": 118.91,
            "eps_avg_yearly": 3.4,
            "eps_latest_yearly": 5.36,
            "eps_growth_yearly": 58.02
        },
        "20194": {
            "year_quarter": 20194,
            "year": 2019,
            "quarter": 4,
            "eps": 0.99,
            "eps_growth_year": 53.15,
            "eps_4q": 3.73,
            "eps_4q_growth_year": 4.96,
            "roe": 3.63,
            "roe_4q": 13.98,
            "gross_profit": 356973,
            "gross_margin": 18.57,
            "gross_margin_4q_avg": 18.76,
            "net_income": 99914,
            "net_income_4q": null,
            "revenue": 1921895,
            "revenue_4q": null,
            "common_shares": 1008978,
            "book_valuer_per_share": 27.81,
            "book_valuer_per_share_4q_avg": 26.92,
            "equity": 2806396,
            "current_ratio": 222.14,
            "debt_ratio": 34.39,
            "inventory_turnover_ratio": 1.72,
            "account_receivable_turnover_ratio": 1.93,
            "reinvestment_rate": -2.09,
            "research_to_sale_ratio": 1.6,
            "price_fair": 124.25,
            "eps_avg_yearly": 3.55,
            "eps_latest_yearly": 3.96,
            "eps_growth_yearly": 46.81
        },
        "20201": {
            "year_quarter": 20201,
            "year": 2020,
            "quarter": 1,
            "eps": 1.53,
            "eps_growth_year": 128.36,
            "eps_4q": 4.6,
            "eps_4q_growth_year": 40.37,
            "roe": 5.38,
            "roe_4q": 16.89,
            "gross_profit": 424862,
            "gross_margin": 21.63,
            "gross_margin_4q_avg": 20.33,
            "net_income": 154841,
            "net_income_4q": null,
            "revenue": 1964380,
            "revenue_4q": null,
            "common_shares": 1008978,
            "book_valuer_per_share": 29.26,
            "book_valuer_per_share_4q_avg": 27.39,
            "equity": 2952031,
            "current_ratio": 206.07,
            "debt_ratio": 38.31,
            "inventory_turnover_ratio": 1.26,
            "account_receivable_turnover_ratio": 2.07,
            "reinvestment_rate": -2.92,
            "research_to_sale_ratio": 1.72,
            "price_fair": 132.39,
            "eps_avg_yearly": 3.78,
            "eps_latest_yearly": 6.12,
            "eps_growth_yearly": 45.97
        },
        "20202": {
            "year_quarter": 20202,
            "year": 2020,
            "quarter": 2,
            "eps": 0.57,
            "eps_growth_year": -22.97,
            "eps_4q": 4.43,
            "eps_4q_growth_year": 46.92,
            "roe": 2,
            "roe_4q": 16.11,
            "gross_profit": 279256,
            "gross_margin": 16.5,
            "gross_margin_4q_avg": 20.01,
            "net_income": 56983,
            "net_income_4q": null,
            "revenue": 1692155,
            "revenue_4q": null,
            "common_shares": 1008978,
            "book_valuer_per_share": 27.23,
            "book_valuer_per_share_4q_avg": 27.78,
            "equity": 2747198,
            "current_ratio": 208.18,
            "debt_ratio": 36.81,
            "inventory_turnover_ratio": 1.04,
            "account_receivable_turnover_ratio": 1.84,
            "reinvestment_rate": -2.07,
            "research_to_sale_ratio": 2.12,
            "price_fair": 133.53,
            "eps_avg_yearly": 3.82,
            "eps_latest_yearly": 2.28,
            "eps_growth_yearly": 36.95
        },
        "20203": {
            "year_quarter": 20203,
            "year": 2020,
            "quarter": 3,
            "eps": 0.24,
            "eps_growth_year": -82.09,
            "eps_4q": 3.33,
            "eps_4q_growth_year": -1.79,
            "roe": 0.87,
            "roe_4q": 11.879999999999999,
            "gross_profit": 187487,
            "gross_margin": 11.03,
            "gross_margin_4q_avg": 16.93,
            "net_income": 24110,
            "net_income_4q": null,
            "revenue": 1699824,
            "revenue_4q": null,
            "common_shares": 1008978,
            "book_valuer_per_share": 27.41,
            "book_valuer_per_share_4q_avg": 27.93,
            "equity": 2765804,
            "current_ratio": 269.64,
            "debt_ratio": 27.64,
            "inventory_turnover_ratio": 1.47,
            "account_receivable_turnover_ratio": 2.07,
            "reinvestment_rate": -2.69,
            "research_to_sale_ratio": 1.66,
            "price_fair": 36.68,
            "eps_avg_yearly": 3.67,
            "eps_latest_yearly": 0.96,
            "eps_growth_yearly": 0.32
        },
        "20204": {
            "year_quarter": 20204,
            "year": 2020,
            "quarter": 4,
            "eps": 0.54,
            "eps_growth_year": -45.43,
            "eps_4q": 2.88,
            "eps_4q_growth_year": -22.88,
            "roe": 1.96,
            "roe_4q": 10.21,
            "gross_profit": 234297,
            "gross_margin": 13.05,
            "gross_margin_4q_avg": 15.55,
            "net_income": 54526,
            "net_income_4q": null,
            "revenue": 1795863,
            "revenue_4q": null,
            "common_shares": 1008978,
            "book_valuer_per_share": 27.85,
            "book_valuer_per_share_4q_avg": 27.94,
            "equity": 2809682,
            "current_ratio": 248.44,
            "debt_ratio": 30.64,
            "inventory_turnover_ratio": 1.89,
            "account_receivable_turnover_ratio": 2.21,
            "reinvestment_rate": -3.33,
            "research_to_sale_ratio": 1.39,
            "price_fair": 124.25,
            "eps_avg_yearly": 3.55,
            "eps_latest_yearly": 2.16,
            "eps_growth_yearly": 26.14
        },
        "20211": {
            "year_quarter": 20211,
            "year": 2021,
            "quarter": 1,
            "eps": 1.23,
            "eps_growth_year": -19.61,
            "eps_4q": 2.55,
            "eps_4q_growth_year": -44.51,
            "roe": 4.33,
            "roe_4q": 9.16,
            "gross_profit": 363235,
            "gross_margin": 17.31,
            "gross_margin_4q_avg": 14.47,
            "net_income": 124240,
            "net_income_4q": null,
            "revenue": 2098880,
            "revenue_4q": null,
            "common_shares": 1018243,
            "book_valuer_per_share": 28.8,
            "book_valuer_per_share_4q_avg": 27.82,
            "equity": 2933022,
            "current_ratio": 190.78,
            "debt_ratio": 42.5,
            "inventory_turnover_ratio": 1.27,
            "account_receivable_turnover_ratio": 2.13,
            "reinvestment_rate": -2.89,
            "research_to_sale_ratio": 1.43,
            "price_fair": 125.74,
            "eps_avg_yearly": 3.59,
            "eps_latest_yearly": 4.92,
            "eps_growth_yearly": 56.85
        },
        "20212": {
            "year_quarter": 20212,
            "year": 2021,
            "quarter": 2,
            "eps": 1.68,
            "eps_growth_year": 194.74,
            "eps_4q": 3.65,
            "eps_4q_growth_year": -17.48,
            "roe": 5.6,
            "roe_4q": 12.76,
            "gross_profit": 443870,
            "gross_margin": 19.41,
            "gross_margin_4q_avg": 15.2,
            "net_income": 169038,
            "net_income_4q": null,
            "revenue": 2286531,
            "revenue_4q": null,
            "common_shares": 1018243,
            "book_valuer_per_share": 30.47,
            "book_valuer_per_share_4q_avg": 28.63,
            "equity": 3102561,
            "current_ratio": 223.73,
            "debt_ratio": 35.78,
            "inventory_turnover_ratio": 0.92,
            "account_receivable_turnover_ratio": 2.04,
            "reinvestment_rate": -4.55,
            "research_to_sale_ratio": 1.86,
            "price_fair": 133.35,
            "eps_avg_yearly": 3.81,
            "eps_latest_yearly": 6.72,
            "eps_growth_yearly": 71.89
        },
        "20213": {
            "year_quarter": 20213,
            "year": 2021,
            "quarter": 3,
            "eps": 1.11,
            "eps_growth_year": 362.5,
            "eps_4q": 4.52,
            "eps_4q_growth_year": 35.71,
            "roe": 3.67,
            "roe_4q": 15.559999999999999,
            "gross_profit": 349547,
            "gross_margin": 16.43,
            "gross_margin_4q_avg": 16.55,
            "net_income": 112179,
            "net_income_4q": null,
            "revenue": 2127895,
            "revenue_4q": null,
            "common_shares": 1018243,
            "book_valuer_per_share": 29.62,
            "book_valuer_per_share_4q_avg": 29.19,
            "equity": 3015997,
            "current_ratio": 232.57,
            "debt_ratio": 34.34,
            "inventory_turnover_ratio": 0.97,
            "account_receivable_turnover_ratio": 1.82,
            "reinvestment_rate": -4.14,
            "research_to_sale_ratio": 1.61,
            "price_fair": 135.28,
            "eps_avg_yearly": 3.87,
            "eps_latest_yearly": 4.44,
            "eps_growth_yearly": 60.94
        },
        "20214": {
            "year_quarter": 20214,
            "year": 2021,
            "quarter": 4,
            "eps": 0.79,
            "eps_growth_year": 45.97,
            "eps_4q": 4.77,
            "eps_4q_growth_year": 65.72,
            "roe": 2.63,
            "roe_4q": 16.229999999999997,
            "gross_profit": 296232,
            "gross_margin": 13.66,
            "gross_margin_4q_avg": 16.7,
            "net_income": 80324,
            "net_income_4q": null,
            "revenue": 2169087,
            "revenue_4q": null,
            "common_shares": 1018243,
            "book_valuer_per_share": 30.36,
            "book_valuer_per_share_4q_avg": 29.81,
            "equity": 3091870,
            "current_ratio": 219.72,
            "debt_ratio": 36.62,
            "inventory_turnover_ratio": 1.22,
            "account_receivable_turnover_ratio": 1.68,
            "reinvestment_rate": -3.7,
            "research_to_sale_ratio": 1.49,
            "price_fair": 131.16,
            "eps_avg_yearly": 3.75,
            "eps_latest_yearly": 3.16,
            "eps_growth_yearly": 43.34
        },
        "20221": {
            "year_quarter": 20221,
            "year": 2022,
            "quarter": 1,
            "eps": 1.57,
            "eps_growth_year": 27.64,
            "eps_4q": 5.11,
            "eps_4q_growth_year": 100.19,
            "roe": 5.24,
            "roe_4q": 17.14,
            "gross_profit": 478271,
            "gross_margin": 20.76,
            "gross_margin_4q_avg": 17.57,
            "net_income": 158687,
            "net_income_4q": null,
            "revenue": 2303460,
            "revenue_4q": null,
            "common_shares": 1018243,
            "book_valuer_per_share": 29.17,
            "book_valuer_per_share_4q_avg": 29.91,
            "equity": 2970710,
            "current_ratio": 186.75,
            "debt_ratio": 43.53,
            "inventory_turnover_ratio": 1.06,
            "account_receivable_turnover_ratio": 1.71,
            "reinvestment_rate": -2.4,
            "research_to_sale_ratio": 1.74,
            "price_fair": 136.59,
            "eps_avg_yearly": 3.9,
            "eps_latest_yearly": 6.28,
            "eps_growth_yearly": 74.18
        },
        "20222": {
            "year_quarter": 20222,
            "year": 2022,
            "quarter": 2,
            "eps": 1.45,
            "eps_growth_year": -13.69,
            "eps_4q": 4.89,
            "eps_4q_growth_year": 33.85,
            "roe": 4.81,
            "roe_4q": 16.35,
            "gross_profit": 401205,
            "gross_margin": 18.99,
            "gross_margin_4q_avg": 17.46,
            "net_income": 146609,
            "net_income_4q": null,
            "revenue": 2112860,
            "revenue_4q": null,
            "common_shares": 1018243,
            "book_valuer_per_share": 30.75,
            "book_valuer_per_share_4q_avg": 29.98,
            "equity": 3131026,
            "current_ratio": 223.42,
            "debt_ratio": 36.09,
            "inventory_turnover_ratio": 1.03,
            "account_receivable_turnover_ratio": 1.65,
            "reinvestment_rate": -1.78,
            "research_to_sale_ratio": 1.89,
            "price_fair": 140.53,
            "eps_avg_yearly": 4.02,
            "eps_latest_yearly": 5.8,
            "eps_growth_yearly": 70.95
        },
        "20223": {
            "year_quarter": 20223,
            "year": 2022,
            "quarter": 3,
            "eps": 1.16,
            "eps_growth_year": 4.5,
            "eps_4q": 4.57,
            "eps_4q_growth_year": 1.26,
            "roe": 3.92,
            "roe_4q": 16.6,
            "gross_profit": 385080,
            "gross_margin": 17.15,
            "gross_margin_4q_avg": 17.64,
            "net_income": 135948,
            "net_income_4q": null,
            "revenue": 2245226,
            "revenue_4q": null,
            "common_shares": 1116882,
            "book_valuer_per_share": 32.84,
            "book_valuer_per_share_4q_avg": 30.78,
            "equity": 3800670,
            "current_ratio": 266.22,
            "debt_ratio": 30.55,
            "inventory_turnover_ratio": 1.43,
            "account_receivable_turnover_ratio": 2.02,
            "reinvestment_rate": 2,
            "research_to_sale_ratio": 1.77,
            "price_fair": 142.28,
            "eps_avg_yearly": 4.07,
            "eps_latest_yearly": 4.64,
            "eps_growth_yearly": 66.95
        },
        "20224": {
            "year_quarter": 20224,
            "year": 2022,
            "quarter": 4,
            "eps": 1.05,
            "eps_growth_year": 32.79,
            "eps_4q": 4.56,
            "eps_4q_growth_year": -4.48,
            "roe": 3.35,
            "roe_4q": 17.32,
            "gross_profit": 423858,
            "gross_margin": 19.85,
            "gross_margin_4q_avg": 19.19,
            "net_income": 135747,
            "net_income_4q": null,
            "revenue": 2135489,
            "revenue_4q": null,
            "common_shares": 1226882,
            "book_valuer_per_share": 33.94,
            "book_valuer_per_share_4q_avg": 31.68,
            "equity": 4303909,
            "current_ratio": 285.77,
            "debt_ratio": 28.53,
            "inventory_turnover_ratio": 1.57,
            "account_receivable_turnover_ratio": 2.44,
            "reinvestment_rate": 1.72,
            "research_to_sale_ratio": 2.15,
            "price_fair": 145.78,
            "eps_avg_yearly": 4.17,
            "eps_latest_yearly": 4.2,
            "eps_growth_yearly": 72.65
        },
        "20231": {
            "year_quarter": 20231,
            "year": 2023,
            "quarter": 1,
            "eps": 1.05,
            "eps_growth_year": -33.12,
            "eps_4q": 4.31,
            "eps_4q_growth_year": -15.65,
            "roe": 3.49,
            "roe_4q": 15.57,
            "gross_profit": 427266,
            "gross_margin": 22.36,
            "gross_margin_4q_avg": 19.59,
            "net_income": 145659,
            "net_income_4q": null,
            "revenue": 1911058,
            "revenue_4q": null,
            "common_shares": 1226882,
            "book_valuer_per_share": 31.65,
            "book_valuer_per_share_4q_avg": 32.3,
            "equity": 4040577,
            "current_ratio": 249.06,
            "debt_ratio": 32.41,
            "inventory_turnover_ratio": 1.76,
            "account_receivable_turnover_ratio": 2.59,
            "reinvestment_rate": 1.31,
            "research_to_sale_ratio": 2.11,
            "price_fair": 149.1,
            "eps_avg_yearly": 4.26,
            "eps_latest_yearly": 4.2,
            "eps_growth_yearly": 71.88
        },
        "20232": {
            "year_quarter": 20232,
            "year": 2023,
            "quarter": 2,
            "eps": 0.96,
            "eps_growth_year": -33.79,
            "eps_4q": 4.08,
            "eps_4q_growth_year": -16.59,
            "roe": 3.23,
            "roe_4q": 13.99,
            "gross_profit": 416873,
            "gross_margin": 25.32,
            "gross_margin_4q_avg": 21.17,
            "net_income": 132113,
            "net_income_4q": null,
            "revenue": 1646683,
            "revenue_4q": null,
            "common_shares": 1226882,
            "book_valuer_per_share": 32.68,
            "book_valuer_per_share_4q_avg": 32.78,
            "equity": 4142617,
            "current_ratio": 243.69,
            "debt_ratio": 33.37,
            "inventory_turnover_ratio": 1.48,
            "account_receivable_turnover_ratio": 2.21,
            "reinvestment_rate": 1.35,
            "research_to_sale_ratio": 2.72,
            "price_fair": 151.03,
            "eps_avg_yearly": 4.32,
            "eps_latest_yearly": 3.84,
            "eps_growth_yearly": 67.13
        },
        "20233": {
            "year_quarter": 20233,
            "year": 2023,
            "quarter": 3,
            "eps": 1.14,
            "eps_growth_year": -1.72,
            "eps_4q": 4.2,
            "eps_4q_growth_year": -8.27,
            "roe": 3.6,
            "roe_4q": 13.67,
            "gross_profit": 451529,
            "gross_margin": 23.45,
            "gross_margin_4q_avg": 22.75,
            "net_income": 152230,
            "net_income_4q": null,
            "revenue": 1925501,
            "revenue_4q": null,
            "common_shares": 1226882,
            "book_valuer_per_share": 33.94,
            "book_valuer_per_share_4q_avg": 33.05,
            "equity": 4310105,
            "current_ratio": 267.32,
            "debt_ratio": 30.3,
            "inventory_turnover_ratio": 1.47,
            "account_receivable_turnover_ratio": 2.29,
            "reinvestment_rate": 2.32,
            "research_to_sale_ratio": 2.5,
            "price_fair": 149.28,
            "eps_avg_yearly": 4.27,
            "eps_latest_yearly": 4.56,
            "eps_growth_yearly": 51.54
        },
        "20234": {
            "year_quarter": 20234,
            "year": 2023,
            "quarter": 4,
            "eps": 1.36,
            "eps_growth_year": 29.72,
            "eps_4q": 4.51,
            "eps_4q_growth_year": -1.09,
            "roe": 3.98,
            "roe_4q": 14.3,
            "gross_profit": 482974,
            "gross_margin": 22.48,
            "gross_margin_4q_avg": 23.4,
            "net_income": 174710,
            "net_income_4q": null,
            "revenue": 2148204,
            "revenue_4q": null,
            "common_shares": 1226882,
            "book_valuer_per_share": 35.12,
            "book_valuer_per_share_4q_avg": 33.35,
            "equity": 4462071,
            "current_ratio": 274.53,
            "debt_ratio": 29.97,
            "inventory_turnover_ratio": 1.3,
            "account_receivable_turnover_ratio": 2.51,
            "reinvestment_rate": 2.17,
            "research_to_sale_ratio": 2.58,
            "price_fair": 152.51,
            "eps_avg_yearly": 4.36,
            "eps_latest_yearly": 5.44,
            "eps_growth_yearly": 62.9
        }
    },
    "months": {
        "2004-02": {
            "month": "2004-02",
            "price": "34.33",
            "revenue": 809502
        },
        "2004-03": {
            "month": "2004-03",
            "price": "33.07",
            "revenue": 1134346
        },
        "2004-04": {
            "month": "2004-04",
            "price": "34.37",
            "revenue": 915007
        },
        "2004-05": {
            "month": "2004-05",
            "price": "34.94",
            "revenue": 979044
        },
        "2004-06": {
            "month": "2004-06",
            "price": "34.46",
            "revenue": 1312814
        },
        "2004-07": {
            "month": "2004-07",
            "price": "29.23",
            "revenue": 951107
        },
        "2004-08": {
            "month": "2004-08",
            "price": "25.42",
            "revenue": 1128930
        },
        "2004-09": {
            "month": "2004-09",
            "price": "19.92",
            "revenue": 1247203
        },
        "2004-11": {
            "month": "2004-11",
            "price": "14.78",
            "revenue": 1393346
        },
        "2004-12": {
            "month": "2004-12",
            "price": "11.79",
            "revenue": 1180108
        },
        "2005-01": {
            "month": "2005-01",
            "price": "11.28",
            "revenue": 1219700
        },
        "2005-02": {
            "month": "2005-02",
            "price": "11.80",
            "revenue": 962392
        },
        "2005-03": {
            "month": "2005-03",
            "price": "12.37",
            "revenue": 1078090
        },
        "2005-04": {
            "month": "2005-04",
            "price": "12.29",
            "revenue": 1083667
        },
        "2005-05": {
            "month": "2005-05",
            "price": "10.95",
            "revenue": 924630
        },
        "2005-06": {
            "month": "2005-06",
            "price": "10.85",
            "revenue": 977578
        },
        "2005-07": {
            "month": "2005-07",
            "price": "10.76",
            "revenue": 1202125
        },
        "2005-08": {
            "month": "2005-08",
            "price": "10.20",
            "revenue": 1225692
        },
        "2005-09": {
            "month": "2005-09",
            "price": "9.39",
            "revenue": 1154574
        },
        "2005-10": {
            "month": "2005-10",
            "price": "6.18",
            "revenue": 973039
        },
        "2005-11": {
            "month": "2005-11",
            "price": "5.08",
            "revenue": 974650
        },
        "2005-12": {
            "month": "2005-12",
            "price": "6.38",
            "revenue": 873605
        },
        "2006-01": {
            "month": "2006-01",
            "price": "6.82",
            "revenue": 919305
        },
        "2006-02": {
            "month": "2006-02",
            "price": "6.96",
            "revenue": 802654
        },
        "2006-03": {
            "month": "2006-03",
            "price": "6.85",
            "revenue": 937679
        },
        "2006-04": {
            "month": "2006-04",
            "price": "6.39",
            "revenue": 910465
        },
        "2006-05": {
            "month": "2006-05",
            "price": "7.02",
            "revenue": 742934
        },
        "2006-06": {
            "month": "2006-06",
            "price": "7.76",
            "revenue": 1214807
        },
        "2006-07": {
            "month": "2006-07",
            "price": "7.03",
            "revenue": 1322958
        },
        "2006-08": {
            "month": "2006-08",
            "price": "7.54",
            "revenue": 1293830
        },
        "2006-09": {
            "month": "2006-09",
            "price": "7.76",
            "revenue": 1783337
        },
        "2006-10": {
            "month": "2006-10",
            "price": "8.07",
            "revenue": 2167837
        },
        "2006-11": {
            "month": "2006-11",
            "price": "11.08",
            "revenue": 2212052
        },
        "2006-12": {
            "month": "2006-12",
            "price": "14.15",
            "revenue": 1381311
        },
        "2007-01": {
            "month": "2007-01",
            "price": "14.96",
            "revenue": 1750297
        },
        "2007-02": {
            "month": "2007-02",
            "price": "16.05",
            "revenue": 1151850
        },
        "2007-03": {
            "month": "2007-03",
            "price": "24.11",
            "revenue": 1864021
        },
        "2007-04": {
            "month": "2007-04",
            "price": "23.72",
            "revenue": 1381988
        },
        "2007-05": {
            "month": "2007-05",
            "price": "24.84",
            "revenue": 1097380
        },
        "2007-06": {
            "month": "2007-06",
            "price": "31.57",
            "revenue": 1268089
        },
        "2007-07": {
            "month": "2007-07",
            "price": "20.75",
            "revenue": 2323113
        },
        "2007-08": {
            "month": "2007-08",
            "price": "43.81",
            "revenue": 2091222
        },
        "2007-09": {
            "month": "2007-09",
            "price": "33.42",
            "revenue": 1636798
        },
        "2007-10": {
            "month": "2007-10",
            "price": "24.63",
            "revenue": 2001195
        },
        "2007-11": {
            "month": "2007-11",
            "price": "20.25",
            "revenue": 1562757
        },
        "2007-12": {
            "month": "2007-12",
            "price": "17.61",
            "revenue": 1299372
        },
        "2008-01": {
            "month": "2008-01",
            "price": "14.66",
            "revenue": 1508485
        },
        "2008-02": {
            "month": "2008-02",
            "price": "12.60",
            "revenue": 835296
        },
        "2008-03": {
            "month": "2008-03",
            "price": "11.99",
            "revenue": 1199926
        },
        "2008-04": {
            "month": "2008-04",
            "price": "10.91",
            "revenue": 989536
        },
        "2008-05": {
            "month": "2008-05",
            "price": "12.20",
            "revenue": 869351
        },
        "2008-06": {
            "month": "2008-06",
            "price": "10.97",
            "revenue": 935764
        },
        "2008-07": {
            "month": "2008-07",
            "price": "10.35",
            "revenue": 873428
        },
        "2008-08": {
            "month": "2008-08",
            "price": "10.06",
            "revenue": 827395
        },
        "2008-09": {
            "month": "2008-09",
            "price": "6.53",
            "revenue": 758982
        },
        "2008-10": {
            "month": "2008-10",
            "price": "5.88",
            "revenue": 666383
        },
        "2008-11": {
            "month": "2008-11",
            "price": "5.29",
            "revenue": 623517
        },
        "2008-12": {
            "month": "2008-12",
            "price": "5.19",
            "revenue": 532101
        },
        "2009-01": {
            "month": "2009-01",
            "price": "5.56",
            "revenue": 576095
        },
        "2009-02": {
            "month": "2009-02",
            "price": "5.17",
            "revenue": 739731
        },
        "2009-03": {
            "month": "2009-03",
            "price": "7.25",
            "revenue": 731191
        },
        "2009-04": {
            "month": "2009-04",
            "price": "8.09",
            "revenue": 717295
        },
        "2009-05": {
            "month": "2009-05",
            "price": "11.88",
            "revenue": 653405
        },
        "2009-06": {
            "month": "2009-06",
            "price": "11.06",
            "revenue": 921904
        },
        "2009-07": {
            "month": "2009-07",
            "price": "12.04",
            "revenue": 981663
        },
        "2009-08": {
            "month": "2009-08",
            "price": "13.06",
            "revenue": 921759
        },
        "2009-09": {
            "month": "2009-09",
            "price": "16.37",
            "revenue": 1311742
        },
        "2009-10": {
            "month": "2009-10",
            "price": "18.62",
            "revenue": 1121191
        },
        "2009-11": {
            "month": "2009-11",
            "price": "18.73",
            "revenue": 1183205
        },
        "2009-12": {
            "month": "2009-12",
            "price": "20.85",
            "revenue": 1203228
        },
        "2010-01": {
            "month": "2010-01",
            "price": "26.60",
            "revenue": 1338622
        },
        "2010-02": {
            "month": "2010-02",
            "price": "22.60",
            "revenue": 1063964
        },
        "2010-03": {
            "month": "2010-03",
            "price": "26.47",
            "revenue": 1414086
        },
        "2010-04": {
            "month": "2010-04",
            "price": "28.15",
            "revenue": 1062641
        },
        "2010-05": {
            "month": "2010-05",
            "price": "27.73",
            "revenue": 935393
        },
        "2010-06": {
            "month": "2010-06",
            "price": "28.66",
            "revenue": 1037554
        },
        "2010-07": {
            "month": "2010-07",
            "price": "26.68",
            "revenue": 1167492
        },
        "2010-08": {
            "month": "2010-08",
            "price": "25.30",
            "revenue": 1072375
        },
        "2010-09": {
            "month": "2010-09",
            "price": "24.05",
            "revenue": 849635
        },
        "2010-10": {
            "month": "2010-10",
            "price": "24.71",
            "revenue": 1078789
        },
        "2010-11": {
            "month": "2010-11",
            "price": "24.59",
            "revenue": 877934
        },
        "2010-12": {
            "month": "2010-12",
            "price": "26.40",
            "revenue": 706296
        },
        "2011-01": {
            "month": "2011-01",
            "price": "29.08",
            "revenue": 847627
        },
        "2011-02": {
            "month": "2011-02",
            "price": "28.06",
            "revenue": 610165
        },
        "2011-03": {
            "month": "2011-03",
            "price": "25.50",
            "revenue": 817205
        },
        "2011-04": {
            "month": "2011-04",
            "price": "24.04",
            "revenue": 766682
        },
        "2011-05": {
            "month": "2011-05",
            "price": "23.65",
            "revenue": 608000
        },
        "2011-06": {
            "month": "2011-06",
            "price": "22.45",
            "revenue": 799545
        },
        "2011-07": {
            "month": "2011-07",
            "price": "17.91",
            "revenue": 742237
        },
        "2011-08": {
            "month": "2011-08",
            "price": "14.44",
            "revenue": 724064
        },
        "2011-09": {
            "month": "2011-09",
            "price": "15.28",
            "revenue": 998962
        },
        "2011-10": {
            "month": "2011-10",
            "price": "18.09",
            "revenue": 625946
        },
        "2011-11": {
            "month": "2011-11",
            "price": "15.89",
            "revenue": 686994
        },
        "2011-12": {
            "month": "2011-12",
            "price": "14.28",
            "revenue": 687102
        },
        "2012-01": {
            "month": "2012-01",
            "price": "15.07",
            "revenue": 543424
        },
        "2012-02": {
            "month": "2012-02",
            "price": "18.79",
            "revenue": 637080
        },
        "2012-03": {
            "month": "2012-03",
            "price": "18.89",
            "revenue": 766291
        },
        "2012-04": {
            "month": "2012-04",
            "price": "21.79",
            "revenue": 561502
        },
        "2012-05": {
            "month": "2012-05",
            "price": "24.80",
            "revenue": 657033
        },
        "2012-06": {
            "month": "2012-06",
            "price": "23.80",
            "revenue": 600622
        },
        "2012-07": {
            "month": "2012-07",
            "price": "23.90",
            "revenue": 679502
        },
        "2012-08": {
            "month": "2012-08",
            "price": "26.12",
            "revenue": 571394
        },
        "2012-09": {
            "month": "2012-09",
            "price": "25.63",
            "revenue": 619778
        },
        "2012-10": {
            "month": "2012-10",
            "price": "25.23",
            "revenue": 676126
        },
        "2012-11": {
            "month": "2012-11",
            "price": "24.10",
            "revenue": 608186
        },
        "2012-12": {
            "month": "2012-12",
            "price": "24.96",
            "revenue": 530901
        },
        "2013-01": {
            "month": "2013-01",
            "price": "26.80",
            "revenue": 804778
        },
        "2013-02": {
            "month": "2013-02",
            "price": "26.78",
            "revenue": 508477
        },
        "2013-03": {
            "month": "2013-03",
            "price": "28.22",
            "revenue": 796285
        },
        "2013-04": {
            "month": "2013-04",
            "price": "30.02",
            "revenue": 852122
        },
        "2013-05": {
            "month": "2013-05",
            "price": "33.51",
            "revenue": 797902
        },
        "2013-06": {
            "month": "2013-06",
            "price": "32.86",
            "revenue": 789587
        },
        "2013-07": {
            "month": "2013-07",
            "price": "32.15",
            "revenue": 973546
        },
        "2013-08": {
            "month": "2013-08",
            "price": "29.85",
            "revenue": 783425
        },
        "2013-09": {
            "month": "2013-09",
            "price": "29.23",
            "revenue": 988308
        },
        "2013-10": {
            "month": "2013-10",
            "price": "30.24",
            "revenue": 906131
        },
        "2013-11": {
            "month": "2013-11",
            "price": "27.81",
            "revenue": 811791
        },
        "2013-12": {
            "month": "2013-12",
            "price": "27.30",
            "revenue": 821994
        },
        "2014-01": {
            "month": "2014-01",
            "price": "28.90",
            "revenue": 920417
        },
        "2014-02": {
            "month": "2014-02",
            "price": "29.24",
            "revenue": 687657
        },
        "2014-03": {
            "month": "2014-03",
            "price": "30.50",
            "revenue": 795894
        },
        "2014-04": {
            "month": "2014-04",
            "price": "30.90",
            "revenue": 882761
        },
        "2014-05": {
            "month": "2014-05",
            "price": "32.15",
            "revenue": 811517
        },
        "2014-06": {
            "month": "2014-06",
            "price": "35.46",
            "revenue": 917458
        },
        "2014-07": {
            "month": "2014-07",
            "price": "34.75",
            "revenue": 959126
        },
        "2014-08": {
            "month": "2014-08",
            "price": "33.12",
            "revenue": 815018
        },
        "2014-09": {
            "month": "2014-09",
            "price": "32.09",
            "revenue": 956814
        },
        "2014-10": {
            "month": "2014-10",
            "price": "30.19",
            "revenue": 965010
        },
        "2014-11": {
            "month": "2014-11",
            "price": "30.87",
            "revenue": 739029
        },
        "2014-12": {
            "month": "2014-12",
            "price": "31.51",
            "revenue": 767410
        },
        "2015-01": {
            "month": "2015-01",
            "price": "32.30",
            "revenue": 898401
        },
        "2015-02": {
            "month": "2015-02",
            "price": "32.53",
            "revenue": 499403
        },
        "2015-03": {
            "month": "2015-03",
            "price": "32.34",
            "revenue": 765028
        },
        "2015-04": {
            "month": "2015-04",
            "price": "31.82",
            "revenue": 643875
        },
        "2015-05": {
            "month": "2015-05",
            "price": "26.85",
            "revenue": 643191
        },
        "2015-06": {
            "month": "2015-06",
            "price": "25.30",
            "revenue": 563316
        },
        "2015-07": {
            "month": "2015-07",
            "price": "21.63",
            "revenue": 602581
        },
        "2015-08": {
            "month": "2015-08",
            "price": "16.34",
            "revenue": 592105
        },
        "2015-09": {
            "month": "2015-09",
            "price": "18.02",
            "revenue": 528251
        },
        "2015-10": {
            "month": "2015-10",
            "price": "19.12",
            "revenue": 568631
        },
        "2015-11": {
            "month": "2015-11",
            "price": "18.22",
            "revenue": 570246
        },
        "2015-12": {
            "month": "2015-12",
            "price": "17.49",
            "revenue": 504700
        },
        "2016-01": {
            "month": "2016-01",
            "price": "16.18",
            "revenue": 605923
        },
        "2016-02": {
            "month": "2016-02",
            "price": "16.68",
            "revenue": 381012
        },
        "2016-03": {
            "month": "2016-03",
            "price": "21.78",
            "revenue": 512529
        },
        "2016-04": {
            "month": "2016-04",
            "price": "21.78",
            "revenue": 543070
        },
        "2016-05": {
            "month": "2016-05",
            "price": "23.43",
            "revenue": 517510
        },
        "2016-06": {
            "month": "2016-06",
            "price": "26.57",
            "revenue": 559924
        },
        "2016-07": {
            "month": "2016-07",
            "price": "27.14",
            "revenue": 606761
        },
        "2016-08": {
            "month": "2016-08",
            "price": "26.69",
            "revenue": 590593
        },
        "2016-09": {
            "month": "2016-09",
            "price": "27.78",
            "revenue": 538165
        },
        "2016-10": {
            "month": "2016-10",
            "price": "33.12",
            "revenue": 712038
        },
        "2016-11": {
            "month": "2016-11",
            "price": "32.66",
            "revenue": 663306
        },
        "2016-12": {
            "month": "2016-12",
            "price": "33.14",
            "revenue": 591395
        },
        "2017-01": {
            "month": "2017-01",
            "price": "32.67",
            "revenue": 733299
        },
        "2017-02": {
            "month": "2017-02",
            "price": "34.84",
            "revenue": 608039
        },
        "2017-03": {
            "month": "2017-03",
            "price": "36.99",
            "revenue": 823342
        },
        "2017-04": {
            "month": "2017-04",
            "price": "38.66",
            "revenue": 754387
        },
        "2017-05": {
            "month": "2017-05",
            "price": "40.45",
            "revenue": 778494
        },
        "2017-06": {
            "month": "2017-06",
            "price": "42.92",
            "revenue": 871316
        },
        "2017-07": {
            "month": "2017-07",
            "price": "40.86",
            "revenue": 920889
        },
        "2017-08": {
            "month": "2017-08",
            "price": "39.82",
            "revenue": 955773
        },
        "2017-09": {
            "month": "2017-09",
            "price": "39.51",
            "revenue": 891250
        },
        "2017-10": {
            "month": "2017-10",
            "price": "39.51",
            "revenue": 975236
        },
        "2017-11": {
            "month": "2017-11",
            "price": "39.88",
            "revenue": 962612
        },
        "2017-12": {
            "month": "2017-12",
            "price": "38.34",
            "revenue": 768839
        },
        "2018-01": {
            "month": "2018-01",
            "price": "38.49",
            "revenue": 1007817
        },
        "2018-02": {
            "month": "2018-02",
            "price": "37.89",
            "revenue": 624138
        },
        "2018-03": {
            "month": "2018-03",
            "price": "40.23",
            "revenue": 862490
        },
        "2018-04": {
            "month": "2018-04",
            "price": "39.49",
            "revenue": 750876
        },
        "2018-05": {
            "month": "2018-05",
            "price": "39.76",
            "revenue": 853175
        },
        "2018-06": {
            "month": "2018-06",
            "price": "40.29",
            "revenue": 808405
        },
        "2018-07": {
            "month": "2018-07",
            "price": "37.13",
            "revenue": 806892
        },
        "2018-08": {
            "month": "2018-08",
            "price": "36.59",
            "revenue": 815328
        },
        "2018-09": {
            "month": "2018-09",
            "price": "34.33",
            "revenue": 687924
        },
        "2018-10": {
            "month": "2018-10",
            "price": "28.27",
            "revenue": 850704
        },
        "2018-11": {
            "month": "2018-11",
            "price": "28.32",
            "revenue": 757591
        },
        "2018-12": {
            "month": "2018-12",
            "price": "29.16",
            "revenue": 616278
        },
        "2019-01": {
            "month": "2019-01",
            "price": "29.05",
            "revenue": 804305
        },
        "2019-02": {
            "month": "2019-02",
            "price": "31.69",
            "revenue": 506644
        },
        "2019-03": {
            "month": "2019-03",
            "price": "34.40",
            "revenue": 632474
        },
        "2019-04": {
            "month": "2019-04",
            "price": "34.15",
            "revenue": 622210
        },
        "2019-05": {
            "month": "2019-05",
            "price": "32.64",
            "revenue": 612874
        },
        "2019-06": {
            "month": "2019-06",
            "price": "32.24",
            "revenue": 556768
        },
        "2019-07": {
            "month": "2019-07",
            "price": "31.84",
            "revenue": 581309
        },
        "2019-08": {
            "month": "2019-08",
            "price": "32.04",
            "revenue": 638610
        },
        "2019-09": {
            "month": "2019-09",
            "price": "32.85",
            "revenue": 608732
        },
        "2019-10": {
            "month": "2019-10",
            "price": "31.95",
            "revenue": 681755
        },
        "2019-11": {
            "month": "2019-11",
            "price": "35.92",
            "revenue": 644134
        },
        "2019-12": {
            "month": "2019-12",
            "price": "39.70",
            "revenue": 596006
        },
        "2020-01": {
            "month": "2020-01",
            "price": "43.14",
            "revenue": 583060
        },
        "2020-02": {
            "month": "2020-02",
            "price": "43.45",
            "revenue": 662213
        },
        "2020-03": {
            "month": "2020-03",
            "price": "39.03",
            "revenue": 719107
        },
        "2020-04": {
            "month": "2020-04",
            "price": "42.86",
            "revenue": 611145
        },
        "2020-05": {
            "month": "2020-05",
            "price": "48.21",
            "revenue": 506545
        },
        "2020-06": {
            "month": "2020-06",
            "price": "47.54",
            "revenue": 574465
        },
        "2020-07": {
            "month": "2020-07",
            "price": "43.23",
            "revenue": 655758
        },
        "2020-08": {
            "month": "2020-08",
            "price": "39.57",
            "revenue": 460216
        },
        "2020-09": {
            "month": "2020-09",
            "price": "36.08",
            "revenue": 583850
        },
        "2020-10": {
            "month": "2020-10",
            "price": "36.35",
            "revenue": 562178
        },
        "2020-11": {
            "month": "2020-11",
            "price": "36.75",
            "revenue": 642549
        },
        "2020-12": {
            "month": "2020-12",
            "price": "39.33",
            "revenue": 591136
        },
        "2021-01": {
            "month": "2021-01",
            "price": "39.64",
            "revenue": 658190
        },
        "2021-02": {
            "month": "2021-02",
            "price": "39.97",
            "revenue": 585399
        },
        "2021-03": {
            "month": "2021-03",
            "price": "41.90",
            "revenue": 855291
        },
        "2021-04": {
            "month": "2021-04",
            "price": "47.57",
            "revenue": 784520
        },
        "2021-05": {
            "month": "2021-05",
            "price": "45.25",
            "revenue": 759261
        },
        "2021-06": {
            "month": "2021-06",
            "price": "46.55",
            "revenue": 742750
        },
        "2021-07": {
            "month": "2021-07",
            "price": "49.52",
            "revenue": 715132
        },
        "2021-08": {
            "month": "2021-08",
            "price": "45.88",
            "revenue": 689968
        },
        "2021-09": {
            "month": "2021-09",
            "price": "43.28",
            "revenue": 722795
        },
        "2021-10": {
            "month": "2021-10",
            "price": "41.44",
            "revenue": 664987
        },
        "2021-11": {
            "month": "2021-11",
            "price": "45.40",
            "revenue": 808775
        },
        "2021-12": {
            "month": "2021-12",
            "price": "47.04",
            "revenue": 695325
        },
        "2022-01": {
            "month": "2022-01",
            "price": "45.53",
            "revenue": 911767
        },
        "2022-02": {
            "month": "2022-02",
            "price": "48.31",
            "revenue": 632008
        },
        "2022-03": {
            "month": "2022-03",
            "price": "47.63",
            "revenue": 759685
        },
        "2022-04": {
            "month": "2022-04",
            "price": "42.15",
            "revenue": 729186
        },
        "2022-05": {
            "month": "2022-05",
            "price": "42.36",
            "revenue": 637906
        },
        "2022-06": {
            "month": "2022-06",
            "price": "40.85",
            "revenue": 745768
        },
        "2022-07": {
            "month": "2022-07",
            "price": "37.22",
            "revenue": 674479
        },
        "2022-08": {
            "month": "2022-08",
            "price": "40.16",
            "revenue": 698115
        },
        "2022-09": {
            "month": "2022-09",
            "price": "39.73",
            "revenue": 872632
        },
        "2022-10": {
            "month": "2022-10",
            "price": "40.11",
            "revenue": 821615
        },
        "2022-11": {
            "month": "2022-11",
            "price": "41.61",
            "revenue": 704886
        },
        "2022-12": {
            "month": "2022-12",
            "price": "41.59",
            "revenue": 608988
        },
        "2023-01": {
            "month": "2023-01",
            "price": "42.20",
            "revenue": 553971
        },
        "2023-02": {
            "month": "2023-02",
            "price": "45.31",
            "revenue": 550809
        },
        "2023-03": {
            "month": "2023-03",
            "price": "49.69",
            "revenue": 806278
        },
        "2023-04": {
            "month": "2023-04",
            "price": "52.88",
            "revenue": 511527
        },
        "2023-05": {
            "month": "2023-05",
            "price": "50.73",
            "revenue": 588879
        },
        "2023-06": {
            "month": "2023-06",
            "price": "61.27",
            "revenue": 546277
        },
        "2023-07": {
            "month": "2023-07",
            "price": "55.93",
            "revenue": 525169
        },
        "2023-08": {
            "month": "2023-08",
            "price": "51.75",
            "revenue": 653448
        },
        "2023-09": {
            "month": "2023-09",
            "price": "55.94",
            "revenue": 746884
        },
        "2023-10": {
            "month": "2023-10",
            "price": "58.42",
            "revenue": 818876
        },
        "2023-11": {
            "month": "2023-11",
            "price": "58.89",
            "revenue": 775819
        },
        "2023-12": {
            "month": "2023-12",
            "price": "60.99",
            "revenue": 553509
        }
    }
}
