{
    "summary": {
        "stock_name": "商丞",
        "stock_id": "8277",
        "category": "半導體",
        "main_business": "CC01050資料儲存及處理設備製造業CC01080電子零組件製造業<br>F113050事務性機器設備批發業F213030事務性機器設備零售業<br>CB01020事務機器製造業F401010國際貿易業",
        "website_url": "https://www.unifosa.com.tw",
        "ceo": "程慶中",
        "pe_ratio": -16,
        "report_year_from": 2001,
        "report_year_to": 2023,
        "age": 23,
        "eps_negative_percentage": 67,
        "eps_growth_avg": {
            "last_all": -20.17,
            "last_2y": null,
            "last_4y": null,
            "last_8y": null,
            "last_12y": 0,
            "last_16y": -50,
            "last_20y": null,
            "at_2006_last_3y": null,
            "at_2007_last_3y": -10.31,
            "at_2008_last_3y": -47.07,
            "at_2009_last_3y": -43.26,
            "at_2010_last_3y": -100,
            "at_2011_last_3y": -100,
            "at_2012_last_3y": -100,
            "at_2013_last_3y": 0,
            "at_2014_last_3y": 0,
            "at_2015_last_3y": 0,
            "at_2016_last_3y": 0,
            "at_2017_last_3y": -100,
            "at_2018_last_3y": null,
            "at_2019_last_3y": null,
            "at_2020_last_3y": null,
            "at_2021_last_3y": null,
            "at_2022_last_3y": null,
            "at_2023_last_3y": null,
            "at_2024_last_3y": null,
            "at_2006_last_all": 19.59,
            "at_2007_last_all": -10.31,
            "at_2008_last_all": -10.31,
            "at_2009_last_all": -10.31,
            "at_2010_last_all": -28.24,
            "at_2011_last_all": -28.24,
            "at_2012_last_all": -28.24,
            "at_2013_last_all": -6.87,
            "at_2014_last_all": -20.17,
            "at_2015_last_all": -20.17,
            "at_2016_last_all": -20.17,
            "at_2017_last_all": -20.17,
            "at_2018_last_all": -20.17,
            "at_2019_last_all": -20.17,
            "at_2020_last_all": -20.17,
            "at_2021_last_all": -20.17,
            "at_2022_last_all": -20.17,
            "at_2023_last_all": -20.17,
            "at_2024_last_all": -20.17
        },
        "latest_eps": -0.74,
        "latest_price": 12.1,
        "latest_roe": -15.39,
        "latest_gross_margin": 13.04,
        "latest_equity": 580921,
        "latest_revenue": 48812,
        "latest_gross_profit": 6363,
        "latest_net_income": -24986,
        "latest_debt_ratio": 19.96,
        "latest_current_ratio": 532.19,
        "latest_account_receivable_turnover_ratio": 1.34,
        "latest_inventory_turnover_ratio": 0.46,
        "latest_reinvestment_rate": null,
        "latest_research_to_sale_ratio": 22.84
    },
    "eps_dividends": {
        "2001": {
            "cash": 0,
            "stock": 0,
            "eps": 0
        },
        "2002": {
            "cash": 0,
            "stock": 0,
            "eps": 0
        },
        "2003": {
            "cash": 0,
            "stock": 0,
            "eps": 1.94
        },
        "2004": {
            "cash": 0.3,
            "stock": 1.2,
            "eps": 4.26
        },
        "2005": {
            "cash": 1.96,
            "stock": 0.98,
            "eps": 1.93
        },
        "2006": {
            "cash": 0.8,
            "stock": 0.4,
            "eps": 2.19
        },
        "2007": {
            "cash": 0.98,
            "stock": 0.5,
            "eps": -3.06
        },
        "2008": {
            "cash": 0,
            "stock": 0,
            "eps": -10.52
        },
        "2009": {
            "cash": 0,
            "stock": 0,
            "eps": 13.15
        },
        "2010": {
            "cash": 0,
            "stock": 0,
            "eps": -5.25
        },
        "2011": {
            "cash": 0,
            "stock": 0,
            "eps": -3.43
        },
        "2012": {
            "cash": 0,
            "stock": 0,
            "eps": 0.1
        },
        "2013": {
            "cash": 0,
            "stock": 0,
            "eps": 0.72
        },
        "2014": {
            "cash": 0.5,
            "stock": 0,
            "eps": -0.68
        },
        "2015": {
            "cash": 0,
            "stock": 0,
            "eps": -1.38
        },
        "2016": {
            "cash": 0,
            "stock": 0,
            "eps": -1.61
        },
        "2017": {
            "cash": 0,
            "stock": 0,
            "eps": -0.79
        },
        "2018": {
            "cash": 0,
            "stock": 0,
            "eps": -0.83
        },
        "2019": {
            "cash": 0,
            "stock": 0,
            "eps": -1.04
        },
        "2020": {
            "cash": 0,
            "stock": 0,
            "eps": -0.69
        },
        "2021": {
            "cash": 0,
            "stock": 0,
            "eps": -0.78
        },
        "2022": {
            "cash": 0,
            "stock": 0,
            "eps": -0.61
        },
        "2023": {
            "cash": 0,
            "stock": 0,
            "eps": -0.59
        }
    },
    "dividends": {
        "2004-03-11": {
            "cash": 0.3,
            "stock": 1.2
        },
        "2005-03-07": {
            "cash": 1.96,
            "stock": 0.98
        },
        "2006-04-03": {
            "cash": 0.8,
            "stock": 0.4
        },
        "2007-03-23": {
            "cash": 0.98,
            "stock": 0.5
        },
        "2014-08-15": {
            "cash": 0.5,
            "stock": 0
        }
    },
    "prices": {
        "200101": "無",
        "200102": "無",
        "200103": "無",
        "200104": "無",
        "200105": "無",
        "200106": "無",
        "200107": "無",
        "200108": "無",
        "200109": "無",
        "200110": "無",
        "200111": "無",
        "200112": "無",
        "200201": "無",
        "200202": "無",
        "200203": "無",
        "200204": "無",
        "200205": "無",
        "200206": "無",
        "200207": "無",
        "200208": "無",
        "200209": "無",
        "200210": "無",
        "200211": "無",
        "200212": "無",
        "200301": "無",
        "200302": "無",
        "200303": "無",
        "200304": "無",
        "200305": "無",
        "200306": "無",
        "200307": "無",
        "200308": "無",
        "200309": "無",
        "200310": "無",
        "200311": "無",
        "200312": "無",
        "200401": "34.94",
        "200402": "31.31",
        "200403": "35.52",
        "200404": "44.91",
        "200405": "39.75",
        "200406": "34.96",
        "200407": "33.17",
        "200408": "29.30",
        "200409": "26.13",
        "200410": "26.94",
        "200411": "27.15",
        "200412": "25.56",
        "200501": "23.75",
        "200502": "26.04",
        "200503": "29.82",
        "200504": "33.17",
        "200505": "31.30",
        "200506": "33.63",
        "200507": "40.04",
        "200508": "33.26",
        "200509": "24.97",
        "200510": "22.04",
        "200511": "21.46",
        "200512": "23.50",
        "200601": "30.32",
        "200602": "27.22",
        "200603": "25.06",
        "200604": "25.67",
        "200605": "23.68",
        "200606": "20.27",
        "200607": "18.63",
        "200608": "18.05",
        "200609": "18.07",
        "200610": "18.96",
        "200611": "23.83",
        "200612": "25.94",
        "200701": "24.17",
        "200702": "23.29",
        "200703": "26.61",
        "200704": "29.26",
        "200705": "27.26",
        "200706": "28.78",
        "200707": "29.21",
        "200708": "24.59",
        "200709": "17.88",
        "200710": "17.50",
        "200711": "13.91",
        "200712": "12.85",
        "200801": "12.76",
        "200802": "12.84",
        "200803": "12.55",
        "200804": "13.11",
        "200805": "15.91",
        "200806": "14.17",
        "200807": "11.12",
        "200808": "11.01",
        "200809": "7.79",
        "200810": "5.91",
        "200811": "3.27",
        "200812": "3.44",
        "200901": "3.41",
        "200902": "3.50",
        "200903": "5.30",
        "200904": "5.58",
        "200905": "3.22",
        "200906": "2.59",
        "200907": "2.39",
        "200908": "2.97",
        "200909": "3.38",
        "200910": "10.64",
        "200911": "46.05",
        "200912": "73.11",
        "201001": "105.77",
        "201002": "88.67",
        "201003": "97.55",
        "201004": "89.37",
        "201005": "71.13",
        "201006": "72.30",
        "201007": "75.88",
        "201008": "67.44",
        "201009": "54.82",
        "201010": "46.10",
        "201011": "38.35",
        "201012": "38.48",
        "201101": "38.62",
        "201102": "42.64",
        "201103": "37.56",
        "201104": "34.86",
        "201105": "30.95",
        "201106": "26.86",
        "201107": "20.67",
        "201108": "16.60",
        "201109": "18.43",
        "201110": "19.19",
        "201111": "16.76",
        "201112": "13.73",
        "201201": "14.43",
        "201202": "19.29",
        "201203": "18.48",
        "201204": "15.34",
        "201205": "17.66",
        "201206": "18.89",
        "201207": "18.45",
        "201208": "17.35",
        "201209": "16.53",
        "201210": "14.32",
        "201211": "11.98",
        "201212": "13.67",
        "201301": "15.11",
        "201302": "16.38",
        "201303": "16.63",
        "201304": "19.56",
        "201305": "23.02",
        "201306": "22.17",
        "201307": "20.40",
        "201308": "17.77",
        "201309": "17.88",
        "201310": "17.94",
        "201311": "15.10",
        "201312": "15.14",
        "201401": "17.41",
        "201402": "17.18",
        "201403": "17.50",
        "201404": "17.40",
        "201405": "16.65",
        "201406": "17.34",
        "201407": "19.97",
        "201408": "21.23",
        "201409": "18.18",
        "201410": "14.84",
        "201411": "13.73",
        "201412": "14.71",
        "201501": "15.40",
        "201502": "14.57",
        "201503": "14.12",
        "201504": "12.90",
        "201505": "10.17",
        "201506": "8.15",
        "201507": "6.84",
        "201508": "5.10",
        "201509": "6.74",
        "201510": "7.32",
        "201511": "7.63",
        "201512": "7.41",
        "201601": "6.41",
        "201602": "6.81",
        "201603": "8.44",
        "201604": "8.75",
        "201605": "7.96",
        "201606": "10.35",
        "201607": "13.32",
        "201608": "11.91",
        "201609": "12.58",
        "201610": "11.82",
        "201611": "10.40",
        "201612": "10.52",
        "201701": "10.54",
        "201702": "11.01",
        "201703": "11.28",
        "201704": "10.45",
        "201705": "10.26",
        "201706": "10.33",
        "201707": "9.53",
        "201708": "8.79",
        "201709": "9.40",
        "201710": "9.48",
        "201711": "9.48",
        "201712": "8.96",
        "201801": "8.99",
        "201802": "8.87",
        "201803": "9.56",
        "201804": "9.30",
        "201805": "10.88",
        "201806": "11.51",
        "201807": "10.13",
        "201808": "9.46",
        "201809": "8.31",
        "201810": "6.68",
        "201811": "6.53",
        "201812": "6.42",
        "201901": "6.28",
        "201902": "7.16",
        "201903": "8.64",
        "201904": "8.75",
        "201905": "7.58",
        "201906": "6.87",
        "201907": "7.62",
        "201908": "7.19",
        "201909": "8.70",
        "201910": "9.02",
        "201911": "8.34",
        "201912": "7.93",
        "202001": "7.70",
        "202002": "7.01",
        "202003": "5.55",
        "202004": "5.40",
        "202005": "6.09",
        "202006": "6.14",
        "202007": "6.43",
        "202008": "6.39",
        "202009": "7.03",
        "202010": "6.97",
        "202011": "6.81",
        "202012": "9.18",
        "202101": "10.57",
        "202102": "10.58",
        "202103": "10.73",
        "202104": "16.61",
        "202105": "14.30",
        "202106": "14.34",
        "202107": "15.54",
        "202108": "13.51",
        "202109": "11.92",
        "202110": "10.58",
        "202111": "11.88",
        "202112": "13.18",
        "202201": "12.52",
        "202202": "12.37",
        "202203": "11.88",
        "202204": "11.00",
        "202205": "9.88",
        "202206": "10.13",
        "202207": "9.22",
        "202208": "9.48",
        "202209": "9.55",
        "202210": "8.65",
        "202211": "8.49",
        "202212": "8.39",
        "202301": "8.05",
        "202302": "8.92",
        "202303": "9.79",
        "202304": "10.41",
        "202305": "9.77",
        "202306": "12.15",
        "202307": "12.37",
        "202308": "11.58",
        "202309": "11.68",
        "202310": "11.95",
        "202311": "11.90",
        "202312": "12.00"
    },
    "quarters": {
        "20011": {
            "year_quarter": 20011,
            "year": 2001,
            "quarter": 1,
            "eps": null,
            "eps_growth_year": null,
            "eps_4q": null,
            "eps_4q_growth_year": null,
            "roe": null,
            "roe_4q": 0,
            "gross_profit": null,
            "gross_margin": null,
            "gross_margin_4q_avg": 0,
            "net_income": null,
            "net_income_4q": null,
            "revenue": null,
            "revenue_4q": null,
            "common_shares": null,
            "book_valuer_per_share": null,
            "book_valuer_per_share_4q_avg": 0,
            "equity": null,
            "current_ratio": null,
            "debt_ratio": null,
            "inventory_turnover_ratio": null,
            "account_receivable_turnover_ratio": null,
            "reinvestment_rate": null,
            "research_to_sale_ratio": null,
            "price_fair": 0,
            "eps_avg_yearly": 0,
            "eps_latest_yearly": 0,
            "eps_growth_yearly": 0
        },
        "20012": {
            "year_quarter": 20012,
            "year": 2001,
            "quarter": 2,
            "eps": null,
            "eps_growth_year": null,
            "eps_4q": null,
            "eps_4q_growth_year": null,
            "roe": null,
            "roe_4q": 0,
            "gross_profit": null,
            "gross_margin": null,
            "gross_margin_4q_avg": 0,
            "net_income": null,
            "net_income_4q": null,
            "revenue": null,
            "revenue_4q": null,
            "common_shares": null,
            "book_valuer_per_share": null,
            "book_valuer_per_share_4q_avg": 0,
            "equity": null,
            "current_ratio": null,
            "debt_ratio": null,
            "inventory_turnover_ratio": null,
            "account_receivable_turnover_ratio": null,
            "reinvestment_rate": null,
            "research_to_sale_ratio": null,
            "price_fair": 0,
            "eps_avg_yearly": 0,
            "eps_latest_yearly": 0,
            "eps_growth_yearly": 0
        },
        "20013": {
            "year_quarter": 20013,
            "year": 2001,
            "quarter": 3,
            "eps": null,
            "eps_growth_year": null,
            "eps_4q": null,
            "eps_4q_growth_year": null,
            "roe": null,
            "roe_4q": 0,
            "gross_profit": null,
            "gross_margin": null,
            "gross_margin_4q_avg": 0,
            "net_income": null,
            "net_income_4q": null,
            "revenue": null,
            "revenue_4q": null,
            "common_shares": null,
            "book_valuer_per_share": null,
            "book_valuer_per_share_4q_avg": 0,
            "equity": null,
            "current_ratio": null,
            "debt_ratio": null,
            "inventory_turnover_ratio": null,
            "account_receivable_turnover_ratio": null,
            "reinvestment_rate": null,
            "research_to_sale_ratio": null,
            "price_fair": 0,
            "eps_avg_yearly": 0,
            "eps_latest_yearly": 0,
            "eps_growth_yearly": 0
        },
        "20014": {
            "year_quarter": 20014,
            "year": 2001,
            "quarter": 4,
            "eps": null,
            "eps_growth_year": null,
            "eps_4q": null,
            "eps_4q_growth_year": null,
            "roe": null,
            "roe_4q": 0,
            "gross_profit": null,
            "gross_margin": null,
            "gross_margin_4q_avg": 0,
            "net_income": null,
            "net_income_4q": null,
            "revenue": null,
            "revenue_4q": null,
            "common_shares": 300000,
            "book_valuer_per_share": 5.55,
            "book_valuer_per_share_4q_avg": 1.39,
            "equity": 166605,
            "current_ratio": 147.39,
            "debt_ratio": 66.16,
            "inventory_turnover_ratio": null,
            "account_receivable_turnover_ratio": null,
            "reinvestment_rate": null,
            "research_to_sale_ratio": null,
            "price_fair": 0,
            "eps_avg_yearly": 0,
            "eps_latest_yearly": 0,
            "eps_growth_yearly": 0
        },
        "20021": {
            "year_quarter": 20021,
            "year": 2002,
            "quarter": 1,
            "eps": null,
            "eps_growth_year": null,
            "eps_4q": null,
            "eps_4q_growth_year": null,
            "roe": null,
            "roe_4q": 0,
            "gross_profit": null,
            "gross_margin": null,
            "gross_margin_4q_avg": 0,
            "net_income": null,
            "net_income_4q": null,
            "revenue": null,
            "revenue_4q": null,
            "common_shares": null,
            "book_valuer_per_share": null,
            "book_valuer_per_share_4q_avg": 1.39,
            "equity": null,
            "current_ratio": null,
            "debt_ratio": null,
            "inventory_turnover_ratio": null,
            "account_receivable_turnover_ratio": null,
            "reinvestment_rate": null,
            "research_to_sale_ratio": null,
            "price_fair": 0,
            "eps_avg_yearly": 0,
            "eps_latest_yearly": 0,
            "eps_growth_yearly": 0
        },
        "20022": {
            "year_quarter": 20022,
            "year": 2002,
            "quarter": 2,
            "eps": null,
            "eps_growth_year": null,
            "eps_4q": null,
            "eps_4q_growth_year": null,
            "roe": null,
            "roe_4q": 0,
            "gross_profit": null,
            "gross_margin": null,
            "gross_margin_4q_avg": 0,
            "net_income": null,
            "net_income_4q": null,
            "revenue": null,
            "revenue_4q": null,
            "common_shares": null,
            "book_valuer_per_share": null,
            "book_valuer_per_share_4q_avg": 1.39,
            "equity": null,
            "current_ratio": null,
            "debt_ratio": null,
            "inventory_turnover_ratio": null,
            "account_receivable_turnover_ratio": null,
            "reinvestment_rate": null,
            "research_to_sale_ratio": null,
            "price_fair": 0,
            "eps_avg_yearly": 0,
            "eps_latest_yearly": 0,
            "eps_growth_yearly": 0
        },
        "20023": {
            "year_quarter": 20023,
            "year": 2002,
            "quarter": 3,
            "eps": null,
            "eps_growth_year": null,
            "eps_4q": null,
            "eps_4q_growth_year": null,
            "roe": null,
            "roe_4q": 0,
            "gross_profit": null,
            "gross_margin": null,
            "gross_margin_4q_avg": 0,
            "net_income": null,
            "net_income_4q": null,
            "revenue": null,
            "revenue_4q": null,
            "common_shares": null,
            "book_valuer_per_share": null,
            "book_valuer_per_share_4q_avg": 1.39,
            "equity": null,
            "current_ratio": null,
            "debt_ratio": null,
            "inventory_turnover_ratio": null,
            "account_receivable_turnover_ratio": null,
            "reinvestment_rate": null,
            "research_to_sale_ratio": null,
            "price_fair": 0,
            "eps_avg_yearly": 0,
            "eps_latest_yearly": 0,
            "eps_growth_yearly": 0
        },
        "20024": {
            "year_quarter": 20024,
            "year": 2002,
            "quarter": 4,
            "eps": null,
            "eps_growth_year": null,
            "eps_4q": null,
            "eps_4q_growth_year": null,
            "roe": null,
            "roe_4q": 0,
            "gross_profit": null,
            "gross_margin": null,
            "gross_margin_4q_avg": 0,
            "net_income": null,
            "net_income_4q": null,
            "revenue": null,
            "revenue_4q": null,
            "common_shares": 360000,
            "book_valuer_per_share": 8.54,
            "book_valuer_per_share_4q_avg": 2.14,
            "equity": 307348,
            "current_ratio": 402,
            "debt_ratio": 36.99,
            "inventory_turnover_ratio": null,
            "account_receivable_turnover_ratio": null,
            "reinvestment_rate": null,
            "research_to_sale_ratio": null,
            "price_fair": 0,
            "eps_avg_yearly": 0,
            "eps_latest_yearly": 0,
            "eps_growth_yearly": 0
        },
        "20031": {
            "year_quarter": 20031,
            "year": 2003,
            "quarter": 1,
            "eps": null,
            "eps_growth_year": null,
            "eps_4q": null,
            "eps_4q_growth_year": null,
            "roe": null,
            "roe_4q": 0,
            "gross_profit": null,
            "gross_margin": null,
            "gross_margin_4q_avg": 0,
            "net_income": null,
            "net_income_4q": null,
            "revenue": null,
            "revenue_4q": null,
            "common_shares": null,
            "book_valuer_per_share": null,
            "book_valuer_per_share_4q_avg": 2.14,
            "equity": null,
            "current_ratio": null,
            "debt_ratio": null,
            "inventory_turnover_ratio": null,
            "account_receivable_turnover_ratio": null,
            "reinvestment_rate": null,
            "research_to_sale_ratio": null,
            "price_fair": 0,
            "eps_avg_yearly": 0,
            "eps_latest_yearly": 0,
            "eps_growth_yearly": 0
        },
        "20032": {
            "year_quarter": 20032,
            "year": 2003,
            "quarter": 2,
            "eps": null,
            "eps_growth_year": null,
            "eps_4q": null,
            "eps_4q_growth_year": null,
            "roe": null,
            "roe_4q": 0,
            "gross_profit": null,
            "gross_margin": null,
            "gross_margin_4q_avg": 0,
            "net_income": null,
            "net_income_4q": null,
            "revenue": null,
            "revenue_4q": null,
            "common_shares": null,
            "book_valuer_per_share": null,
            "book_valuer_per_share_4q_avg": 2.14,
            "equity": null,
            "current_ratio": null,
            "debt_ratio": null,
            "inventory_turnover_ratio": null,
            "account_receivable_turnover_ratio": null,
            "reinvestment_rate": null,
            "research_to_sale_ratio": null,
            "price_fair": 0,
            "eps_avg_yearly": 0,
            "eps_latest_yearly": 0,
            "eps_growth_yearly": 0
        },
        "20033": {
            "year_quarter": 20033,
            "year": 2003,
            "quarter": 3,
            "eps": 1.05,
            "eps_growth_year": null,
            "eps_4q": null,
            "eps_4q_growth_year": null,
            "roe": 9.3,
            "roe_4q": 9.3,
            "gross_profit": 44572,
            "gross_margin": 4.18,
            "gross_margin_4q_avg": 1.05,
            "net_income": 37703,
            "net_income_4q": null,
            "revenue": 1067498,
            "revenue_4q": null,
            "common_shares": 360000,
            "book_valuer_per_share": 11.26,
            "book_valuer_per_share_4q_avg": 4.95,
            "equity": 405270,
            "current_ratio": 183.26,
            "debt_ratio": 54.92,
            "inventory_turnover_ratio": 3.32,
            "account_receivable_turnover_ratio": null,
            "reinvestment_rate": null,
            "research_to_sale_ratio": null,
            "price_fair": 0,
            "eps_avg_yearly": 0,
            "eps_latest_yearly": 0,
            "eps_growth_yearly": 0
        },
        "20034": {
            "year_quarter": 20034,
            "year": 2003,
            "quarter": 4,
            "eps": 0.89,
            "eps_growth_year": null,
            "eps_4q": null,
            "eps_4q_growth_year": null,
            "roe": 7.6,
            "roe_4q": 16.9,
            "gross_profit": 41659,
            "gross_margin": 4.89,
            "gross_margin_4q_avg": 2.27,
            "net_income": 32016,
            "net_income_4q": null,
            "revenue": 851521,
            "revenue_4q": null,
            "common_shares": 360000,
            "book_valuer_per_share": 12.15,
            "book_valuer_per_share_4q_avg": 5.85,
            "equity": 437547,
            "current_ratio": 408,
            "debt_ratio": 32.49,
            "inventory_turnover_ratio": 3.08,
            "account_receivable_turnover_ratio": null,
            "reinvestment_rate": null,
            "research_to_sale_ratio": null,
            "price_fair": 10.68,
            "eps_avg_yearly": 3.56,
            "eps_latest_yearly": 3.56,
            "eps_growth_yearly": -60.95
        },
        "20041": {
            "year_quarter": 20041,
            "year": 2004,
            "quarter": 1,
            "eps": 1.24,
            "eps_growth_year": null,
            "eps_4q": null,
            "eps_4q_growth_year": null,
            "roe": 9.74,
            "roe_4q": 26.64,
            "gross_profit": 66687,
            "gross_margin": 7.3,
            "gross_margin_4q_avg": 4.09,
            "net_income": 44757,
            "net_income_4q": null,
            "revenue": 913718,
            "revenue_4q": null,
            "common_shares": 360000,
            "book_valuer_per_share": 13.39,
            "book_valuer_per_share_4q_avg": 9.2,
            "equity": 481941,
            "current_ratio": 186.51,
            "debt_ratio": 52.97,
            "inventory_turnover_ratio": 2.21,
            "account_receivable_turnover_ratio": null,
            "reinvestment_rate": null,
            "research_to_sale_ratio": null,
            "price_fair": 149.1,
            "eps_avg_yearly": 4.26,
            "eps_latest_yearly": 4.96,
            "eps_growth_yearly": 48.18
        },
        "20042": {
            "year_quarter": 20042,
            "year": 2004,
            "quarter": 2,
            "eps": 1.72,
            "eps_growth_year": null,
            "eps_4q": 4.51,
            "eps_4q_growth_year": null,
            "roe": 13.84,
            "roe_4q": 40.480000000000004,
            "gross_profit": 104870,
            "gross_margin": 9.39,
            "gross_margin_4q_avg": 6.44,
            "net_income": 70641,
            "net_income_4q": null,
            "revenue": 1116380,
            "revenue_4q": null,
            "common_shares": 360000,
            "book_valuer_per_share": 14.96,
            "book_valuer_per_share_4q_avg": 12.94,
            "equity": 538654,
            "current_ratio": 260.46,
            "debt_ratio": 40.67,
            "inventory_turnover_ratio": 2.16,
            "account_receivable_turnover_ratio": null,
            "reinvestment_rate": null,
            "research_to_sale_ratio": null,
            "price_fair": 179.67,
            "eps_avg_yearly": 5.13,
            "eps_latest_yearly": 6.88,
            "eps_growth_yearly": 83.73
        },
        "20043": {
            "year_quarter": 20043,
            "year": 2004,
            "quarter": 3,
            "eps": 0.58,
            "eps_growth_year": -44.76,
            "eps_4q": 4.16,
            "eps_4q_growth_year": null,
            "roe": 4.34,
            "roe_4q": 35.52,
            "gross_profit": 54349,
            "gross_margin": 3.66,
            "gross_margin_4q_avg": 6.31,
            "net_income": 23897,
            "net_income_4q": null,
            "revenue": 1486701,
            "revenue_4q": null,
            "common_shares": 360000,
            "book_valuer_per_share": 15.63,
            "book_valuer_per_share_4q_avg": 14.03,
            "equity": 562730,
            "current_ratio": 198.6,
            "debt_ratio": 50.31,
            "inventory_turnover_ratio": 3.56,
            "account_receivable_turnover_ratio": null,
            "reinvestment_rate": null,
            "research_to_sale_ratio": null,
            "price_fair": 13.29,
            "eps_avg_yearly": 4.43,
            "eps_latest_yearly": 2.32,
            "eps_growth_yearly": -3.48
        },
        "20044": {
            "year_quarter": 20044,
            "year": 2004,
            "quarter": 4,
            "eps": 0.72,
            "eps_growth_year": -19.1,
            "eps_4q": 4.09,
            "eps_4q_growth_year": null,
            "roe": 5.16,
            "roe_4q": 33.08,
            "gross_profit": 84855,
            "gross_margin": 3.91,
            "gross_margin_4q_avg": 6.07,
            "net_income": 29794,
            "net_income_4q": null,
            "revenue": 2172163,
            "revenue_4q": null,
            "common_shares": 411000,
            "book_valuer_per_share": 14.38,
            "book_valuer_per_share_4q_avg": 14.59,
            "equity": 591104,
            "current_ratio": 219.88,
            "debt_ratio": 46.81,
            "inventory_turnover_ratio": 5.33,
            "account_receivable_turnover_ratio": null,
            "reinvestment_rate": null,
            "research_to_sale_ratio": null,
            "price_fair": 109.28,
            "eps_avg_yearly": 4.12,
            "eps_latest_yearly": 2.88,
            "eps_growth_yearly": 16.53
        },
        "20051": {
            "year_quarter": 20051,
            "year": 2005,
            "quarter": 1,
            "eps": 0.91,
            "eps_growth_year": -26.61,
            "eps_4q": 3.93,
            "eps_4q_growth_year": null,
            "roe": 6.14,
            "roe_4q": 29.48,
            "gross_profit": 63819,
            "gross_margin": 3.87,
            "gross_margin_4q_avg": 5.21,
            "net_income": 37464,
            "net_income_4q": null,
            "revenue": 1649700,
            "revenue_4q": null,
            "common_shares": 411000,
            "book_valuer_per_share": 15.29,
            "book_valuer_per_share_4q_avg": 15.07,
            "equity": 628375,
            "current_ratio": 175.68,
            "debt_ratio": 53.12,
            "inventory_turnover_ratio": 4.04,
            "account_receivable_turnover_ratio": null,
            "reinvestment_rate": null,
            "research_to_sale_ratio": null,
            "price_fair": 141.4,
            "eps_avg_yearly": 4.04,
            "eps_latest_yearly": 3.64,
            "eps_growth_yearly": 31.36
        },
        "20052": {
            "year_quarter": 20052,
            "year": 2005,
            "quarter": 2,
            "eps": 0.23,
            "eps_growth_year": -86.63,
            "eps_4q": 2.18,
            "eps_4q_growth_year": -51.7,
            "roe": 1.84,
            "roe_4q": 17.48,
            "gross_profit": 35217,
            "gross_margin": 2.42,
            "gross_margin_4q_avg": 3.47,
            "net_income": 10767,
            "net_income_4q": null,
            "revenue": 1453419,
            "revenue_4q": null,
            "common_shares": 411000,
            "book_valuer_per_share": 13.12,
            "book_valuer_per_share_4q_avg": 14.61,
            "equity": 539289,
            "current_ratio": 157.41,
            "debt_ratio": 70.58,
            "inventory_turnover_ratio": 1.96,
            "account_receivable_turnover_ratio": null,
            "reinvestment_rate": null,
            "research_to_sale_ratio": null,
            "price_fair": 10.78,
            "eps_avg_yearly": 3.59,
            "eps_latest_yearly": 0.92,
            "eps_growth_yearly": -15.82
        },
        "20053": {
            "year_quarter": 20053,
            "year": 2005,
            "quarter": 3,
            "eps": 0.98,
            "eps_growth_year": 68.97,
            "eps_4q": 2.67,
            "eps_4q_growth_year": -35.78,
            "roe": 7.62,
            "roe_4q": 20.76,
            "gross_profit": 76139,
            "gross_margin": 4.52,
            "gross_margin_4q_avg": 3.68,
            "net_income": 45246,
            "net_income_4q": null,
            "revenue": 1682629,
            "revenue_4q": null,
            "common_shares": 459528,
            "book_valuer_per_share": 14.1,
            "book_valuer_per_share_4q_avg": 14.22,
            "equity": 648023,
            "current_ratio": 172.46,
            "debt_ratio": 62.65,
            "inventory_turnover_ratio": 1.64,
            "account_receivable_turnover_ratio": null,
            "reinvestment_rate": null,
            "research_to_sale_ratio": null,
            "price_fair": 127.23,
            "eps_avg_yearly": 3.64,
            "eps_latest_yearly": 3.92,
            "eps_growth_yearly": 149.2
        },
        "20054": {
            "year_quarter": 20054,
            "year": 2005,
            "quarter": 4,
            "eps": -0.19,
            "eps_growth_year": -126.39,
            "eps_4q": 1.8,
            "eps_4q_growth_year": -55.95,
            "roe": -1.4,
            "roe_4q": 14.2,
            "gross_profit": 24683,
            "gross_margin": 1.14,
            "gross_margin_4q_avg": 2.99,
            "net_income": -9019,
            "net_income_4q": null,
            "revenue": 2156534,
            "revenue_4q": null,
            "common_shares": 485340,
            "book_valuer_per_share": 13.19,
            "book_valuer_per_share_4q_avg": 13.93,
            "equity": 640054,
            "current_ratio": 170.96,
            "debt_ratio": 63.58,
            "inventory_turnover_ratio": 2.54,
            "account_receivable_turnover_ratio": null,
            "reinvestment_rate": null,
            "research_to_sale_ratio": null,
            "price_fair": 127.23,
            "eps_avg_yearly": 3.64,
            "eps_latest_yearly": 3.92,
            "eps_growth_yearly": 149.2
        },
        "20061": {
            "year_quarter": 20061,
            "year": 2006,
            "quarter": 1,
            "eps": 0.31,
            "eps_growth_year": -65.93,
            "eps_4q": 1.29,
            "eps_4q_growth_year": -67.3,
            "roe": 2.17,
            "roe_4q": 10.23,
            "gross_profit": 25515,
            "gross_margin": 1.77,
            "gross_margin_4q_avg": 2.46,
            "net_income": 14939,
            "net_income_4q": null,
            "revenue": 1440480,
            "revenue_4q": null,
            "common_shares": 487338,
            "book_valuer_per_share": 15.17,
            "book_valuer_per_share_4q_avg": 13.9,
            "equity": 739531,
            "current_ratio": 199.24,
            "debt_ratio": 51.39,
            "inventory_turnover_ratio": 1.91,
            "account_receivable_turnover_ratio": null,
            "reinvestment_rate": null,
            "research_to_sale_ratio": null,
            "price_fair": 127.23,
            "eps_avg_yearly": 3.64,
            "eps_latest_yearly": 3.92,
            "eps_growth_yearly": 149.2
        },
        "20062": {
            "year_quarter": 20062,
            "year": 2006,
            "quarter": 2,
            "eps": 0.18,
            "eps_growth_year": -21.74,
            "eps_4q": 1.14,
            "eps_4q_growth_year": -47.56,
            "roe": 1.33,
            "roe_4q": 9.72,
            "gross_profit": 836,
            "gross_margin": 0.08,
            "gross_margin_4q_avg": 1.88,
            "net_income": 9577,
            "net_income_4q": null,
            "revenue": 1049511,
            "revenue_4q": null,
            "common_shares": 524704,
            "book_valuer_per_share": 13.42,
            "book_valuer_per_share_4q_avg": 13.97,
            "equity": 703944,
            "current_ratio": 269.54,
            "debt_ratio": 55.74,
            "inventory_turnover_ratio": 1.46,
            "account_receivable_turnover_ratio": null,
            "reinvestment_rate": null,
            "research_to_sale_ratio": null,
            "price_fair": 115.89,
            "eps_avg_yearly": 3.31,
            "eps_latest_yearly": 0.72,
            "eps_growth_yearly": 113.99
        },
        "20063": {
            "year_quarter": 20063,
            "year": 2006,
            "quarter": 3,
            "eps": 1.22,
            "eps_growth_year": 24.49,
            "eps_4q": 1.5,
            "eps_4q_growth_year": -43.7,
            "roe": 9.02,
            "roe_4q": 11.12,
            "gross_profit": 111830,
            "gross_margin": 6.89,
            "gross_margin_4q_avg": 2.47,
            "net_income": 66792,
            "net_income_4q": null,
            "revenue": 1622649,
            "revenue_4q": null,
            "common_shares": 554171,
            "book_valuer_per_share": 14.03,
            "book_valuer_per_share_4q_avg": 13.95,
            "equity": 777706,
            "current_ratio": 306.32,
            "debt_ratio": 51.66,
            "inventory_turnover_ratio": 2.39,
            "account_receivable_turnover_ratio": null,
            "reinvestment_rate": null,
            "research_to_sale_ratio": null,
            "price_fair": 121.38,
            "eps_avg_yearly": 3.47,
            "eps_latest_yearly": 4.88,
            "eps_growth_yearly": 333.7
        },
        "20064": {
            "year_quarter": 20064,
            "year": 2006,
            "quarter": 4,
            "eps": 0.48,
            "eps_growth_year": null,
            "eps_4q": 2.12,
            "eps_4q_growth_year": 17.99,
            "roe": 3.26,
            "roe_4q": 15.78,
            "gross_profit": 72609,
            "gross_margin": 3.32,
            "gross_margin_4q_avg": 3.02,
            "net_income": 26661,
            "net_income_4q": null,
            "revenue": 2188034,
            "revenue_4q": null,
            "common_shares": 567321,
            "book_valuer_per_share": 15.08,
            "book_valuer_per_share_4q_avg": 14.43,
            "equity": 855753,
            "current_ratio": 235.39,
            "debt_ratio": 53.58,
            "inventory_turnover_ratio": 3.61,
            "account_receivable_turnover_ratio": null,
            "reinvestment_rate": null,
            "research_to_sale_ratio": null,
            "price_fair": 116.45,
            "eps_avg_yearly": 3.33,
            "eps_latest_yearly": 1.92,
            "eps_growth_yearly": 281.31
        },
        "20071": {
            "year_quarter": 20071,
            "year": 2007,
            "quarter": 1,
            "eps": -0.86,
            "eps_growth_year": -377.42,
            "eps_4q": 0.89,
            "eps_4q_growth_year": -30.52,
            "roe": -6.07,
            "roe_4q": 7.539999999999999,
            "gross_profit": -12036,
            "gross_margin": -0.66,
            "gross_margin_4q_avg": 2.41,
            "net_income": -50546,
            "net_income_4q": null,
            "revenue": 1830745,
            "revenue_4q": null,
            "common_shares": 591899,
            "book_valuer_per_share": 13.7,
            "book_valuer_per_share_4q_avg": 14.06,
            "equity": 810969,
            "current_ratio": 172.37,
            "debt_ratio": 63.25,
            "inventory_turnover_ratio": 2.47,
            "account_receivable_turnover_ratio": null,
            "reinvestment_rate": null,
            "research_to_sale_ratio": null,
            "price_fair": 116.45,
            "eps_avg_yearly": 3.33,
            "eps_latest_yearly": 1.92,
            "eps_growth_yearly": 281.31
        },
        "20072": {
            "year_quarter": 20072,
            "year": 2007,
            "quarter": 2,
            "eps": -0.61,
            "eps_growth_year": -438.89,
            "eps_4q": 0.08,
            "eps_4q_growth_year": -93.4,
            "roe": -4.82,
            "roe_4q": 1.3899999999999988,
            "gross_profit": -19934,
            "gross_margin": -1.1,
            "gross_margin_4q_avg": 2.11,
            "net_income": -38400,
            "net_income_4q": null,
            "revenue": 1817628,
            "revenue_4q": null,
            "common_shares": 598393,
            "book_valuer_per_share": 13.05,
            "book_valuer_per_share_4q_avg": 13.97,
            "equity": 780784,
            "current_ratio": 226.48,
            "debt_ratio": 61.1,
            "inventory_turnover_ratio": 2.4,
            "account_receivable_turnover_ratio": null,
            "reinvestment_rate": 59.51,
            "research_to_sale_ratio": null,
            "price_fair": 116.45,
            "eps_avg_yearly": 3.33,
            "eps_latest_yearly": 1.92,
            "eps_growth_yearly": 281.31
        },
        "20073": {
            "year_quarter": 20073,
            "year": 2007,
            "quarter": 3,
            "eps": -0.76,
            "eps_growth_year": -162.3,
            "eps_4q": -1.73,
            "eps_4q_growth_year": -215.36,
            "roe": -6.41,
            "roe_4q": -14.040000000000001,
            "gross_profit": -4815,
            "gross_margin": -0.2,
            "gross_margin_4q_avg": 0.34,
            "net_income": -48530,
            "net_income_4q": null,
            "revenue": 2462461,
            "revenue_4q": null,
            "common_shares": 639108,
            "book_valuer_per_share": 11.47,
            "book_valuer_per_share_4q_avg": 13.33,
            "equity": 733030,
            "current_ratio": 165.06,
            "debt_ratio": 71.36,
            "inventory_turnover_ratio": 3.47,
            "account_receivable_turnover_ratio": null,
            "reinvestment_rate": 17.59,
            "research_to_sale_ratio": null,
            "price_fair": 116.45,
            "eps_avg_yearly": 3.33,
            "eps_latest_yearly": 1.92,
            "eps_growth_yearly": 281.31
        },
        "20074": {
            "year_quarter": 20074,
            "year": 2007,
            "quarter": 4,
            "eps": -0.83,
            "eps_growth_year": -272.92,
            "eps_4q": -2.99,
            "eps_4q_growth_year": -240.78,
            "roe": -7.44,
            "roe_4q": -24.740000000000002,
            "gross_profit": -21297,
            "gross_margin": -1.16,
            "gross_margin_4q_avg": -0.78,
            "net_income": -52594,
            "net_income_4q": null,
            "revenue": 1832141,
            "revenue_4q": null,
            "common_shares": 641228,
            "book_valuer_per_share": 10.61,
            "book_valuer_per_share_4q_avg": 12.21,
            "equity": 680232,
            "current_ratio": 202.07,
            "debt_ratio": 61.48,
            "inventory_turnover_ratio": 2.69,
            "account_receivable_turnover_ratio": null,
            "reinvestment_rate": 19.92,
            "research_to_sale_ratio": null,
            "price_fair": 115.64,
            "eps_avg_yearly": 3.3,
            "eps_latest_yearly": 1.92,
            "eps_growth_yearly": 315.53
        },
        "20081": {
            "year_quarter": 20081,
            "year": 2008,
            "quarter": 1,
            "eps": 0.27,
            "eps_growth_year": null,
            "eps_4q": -1.92,
            "eps_4q_growth_year": -315.49,
            "roe": 2.49,
            "roe_4q": -16.18,
            "gross_profit": 79217,
            "gross_margin": 4.32,
            "gross_margin_4q_avg": 0.47,
            "net_income": 17168,
            "net_income_4q": null,
            "revenue": 1832242,
            "revenue_4q": null,
            "common_shares": 641228,
            "book_valuer_per_share": 10.87,
            "book_valuer_per_share_4q_avg": 11.5,
            "equity": 696757,
            "current_ratio": 179.25,
            "debt_ratio": 65.87,
            "inventory_turnover_ratio": 2.53,
            "account_receivable_turnover_ratio": null,
            "reinvestment_rate": 22.06,
            "research_to_sale_ratio": null,
            "price_fair": 109.2,
            "eps_avg_yearly": 3.12,
            "eps_latest_yearly": 1.92,
            "eps_growth_yearly": 333.11
        },
        "20082": {
            "year_quarter": 20082,
            "year": 2008,
            "quarter": 2,
            "eps": 0.45,
            "eps_growth_year": null,
            "eps_4q": -0.86,
            "eps_4q_growth_year": -1239.05,
            "roe": 4.06,
            "roe_4q": -7.300000000000001,
            "gross_profit": 85332,
            "gross_margin": 3.75,
            "gross_margin_4q_avg": 1.68,
            "net_income": 28886,
            "net_income_4q": null,
            "revenue": 2277891,
            "revenue_4q": null,
            "common_shares": 641228,
            "book_valuer_per_share": 11.32,
            "book_valuer_per_share_4q_avg": 11.07,
            "equity": 725687,
            "current_ratio": 136,
            "debt_ratio": 70.06,
            "inventory_turnover_ratio": 2.43,
            "account_receivable_turnover_ratio": null,
            "reinvestment_rate": 28.75,
            "research_to_sale_ratio": null,
            "price_fair": 89.44,
            "eps_avg_yearly": 2.56,
            "eps_latest_yearly": 1.8,
            "eps_growth_yearly": 345.54
        },
        "20083": {
            "year_quarter": 20083,
            "year": 2008,
            "quarter": 3,
            "eps": -2.12,
            "eps_growth_year": null,
            "eps_4q": -1.76,
            "eps_4q_growth_year": null,
            "roe": -18.65,
            "roe_4q": -19.54,
            "gross_profit": -110137,
            "gross_margin": -4.86,
            "gross_margin_4q_avg": 0.51,
            "net_income": -141302,
            "net_income_4q": null,
            "revenue": 2268336,
            "revenue_4q": null,
            "common_shares": 841258,
            "book_valuer_per_share": 9.39,
            "book_valuer_per_share_4q_avg": 10.55,
            "equity": 789766,
            "current_ratio": 146.29,
            "debt_ratio": 65.15,
            "inventory_turnover_ratio": 2.34,
            "account_receivable_turnover_ratio": null,
            "reinvestment_rate": null,
            "research_to_sale_ratio": null,
            "price_fair": 90.48,
            "eps_avg_yearly": 2.59,
            "eps_latest_yearly": 1.8,
            "eps_growth_yearly": 421.87
        },
        "20084": {
            "year_quarter": 20084,
            "year": 2008,
            "quarter": 4,
            "eps": -9.12,
            "eps_growth_year": null,
            "eps_4q": -10.38,
            "eps_4q_growth_year": null,
            "roe": -140.42,
            "roe_4q": -152.51999999999998,
            "gross_profit": -689361,
            "gross_margin": -58.37,
            "gross_margin_4q_avg": -13.79,
            "net_income": -691400,
            "net_income_4q": null,
            "revenue": 1181058,
            "revenue_4q": null,
            "common_shares": 1241258,
            "book_valuer_per_share": 1.57,
            "book_valuer_per_share_4q_avg": 8.29,
            "equity": 194964,
            "current_ratio": 101.88,
            "debt_ratio": 87.63,
            "inventory_turnover_ratio": 2.45,
            "account_receivable_turnover_ratio": 7.33,
            "reinvestment_rate": null,
            "research_to_sale_ratio": null,
            "price_fair": 89,
            "eps_avg_yearly": 2.54,
            "eps_latest_yearly": 1.8,
            "eps_growth_yearly": 468.35
        },
        "20091": {
            "year_quarter": 20091,
            "year": 2009,
            "quarter": 1,
            "eps": -0.1,
            "eps_growth_year": -137.04,
            "eps_4q": -6.57,
            "eps_4q_growth_year": null,
            "roe": -6.44,
            "roe_4q": -161.45,
            "gross_profit": -1385,
            "gross_margin": -0.19,
            "gross_margin_4q_avg": -14.92,
            "net_income": -12159,
            "net_income_4q": null,
            "revenue": 745314,
            "revenue_4q": null,
            "common_shares": 1241258,
            "book_valuer_per_share": 1.47,
            "book_valuer_per_share_4q_avg": 5.94,
            "equity": 182873,
            "current_ratio": 101.07,
            "debt_ratio": 89.18,
            "inventory_turnover_ratio": 1.33,
            "account_receivable_turnover_ratio": 2.52,
            "reinvestment_rate": null,
            "research_to_sale_ratio": null,
            "price_fair": 82.6,
            "eps_avg_yearly": 2.36,
            "eps_latest_yearly": 1.8,
            "eps_growth_yearly": 528.81
        },
        "20092": {
            "year_quarter": 20092,
            "year": 2009,
            "quarter": 2,
            "eps": 0.85,
            "eps_growth_year": 88.89,
            "eps_4q": -33.31,
            "eps_4q_growth_year": null,
            "roe": 10.87,
            "roe_4q": -154.64,
            "gross_profit": 58033,
            "gross_margin": 5.12,
            "gross_margin_4q_avg": -14.58,
            "net_income": 21024,
            "net_income_4q": null,
            "revenue": 1132744,
            "revenue_4q": null,
            "common_shares": 1241258,
            "book_valuer_per_share": 1.64,
            "book_valuer_per_share_4q_avg": 3.52,
            "equity": 203834,
            "current_ratio": 104.35,
            "debt_ratio": 83.61,
            "inventory_turnover_ratio": 1.81,
            "account_receivable_turnover_ratio": 5.48,
            "reinvestment_rate": null,
            "research_to_sale_ratio": null,
            "price_fair": 92.68,
            "eps_avg_yearly": 2.65,
            "eps_latest_yearly": 1.8,
            "eps_growth_yearly": 694.35
        },
        "20093": {
            "year_quarter": 20093,
            "year": 2009,
            "quarter": 3,
            "eps": 6.96,
            "eps_growth_year": null,
            "eps_4q": -18.72,
            "eps_4q_growth_year": null,
            "roe": 43.8,
            "roe_4q": -92.19,
            "gross_profit": 186160,
            "gross_margin": 9.97,
            "gross_margin_4q_avg": -10.87,
            "net_income": 184956,
            "net_income_4q": null,
            "revenue": 1867657,
            "revenue_4q": null,
            "common_shares": 448252,
            "book_valuer_per_share": 14.29,
            "book_valuer_per_share_4q_avg": 4.74,
            "equity": 640756,
            "current_ratio": 154.27,
            "debt_ratio": 58.94,
            "inventory_turnover_ratio": 2.65,
            "account_receivable_turnover_ratio": 6.91,
            "reinvestment_rate": null,
            "research_to_sale_ratio": null,
            "price_fair": 260.12,
            "eps_avg_yearly": 7.43,
            "eps_latest_yearly": 27.84,
            "eps_growth_yearly": 1008.54
        },
        "20094": {
            "year_quarter": 20094,
            "year": 2009,
            "quarter": 4,
            "eps": 5.44,
            "eps_growth_year": null,
            "eps_4q": 7.01,
            "eps_4q_growth_year": null,
            "roe": 21.18,
            "roe_4q": 69.41,
            "gross_profit": 159993,
            "gross_margin": 5.08,
            "gross_margin_4q_avg": 5,
            "net_income": 171900,
            "net_income_4q": null,
            "revenue": 3147528,
            "revenue_4q": null,
            "common_shares": 494530,
            "book_valuer_per_share": 19.68,
            "book_valuer_per_share_4q_avg": 9.27,
            "equity": 982125,
            "current_ratio": 223.55,
            "debt_ratio": 41.38,
            "inventory_turnover_ratio": 4.56,
            "account_receivable_turnover_ratio": 19.5,
            "reinvestment_rate": null,
            "research_to_sale_ratio": null,
            "price_fair": 343.7,
            "eps_avg_yearly": 9.82,
            "eps_latest_yearly": 21.76,
            "eps_growth_yearly": 825.89
        },
        "20101": {
            "year_quarter": 20101,
            "year": 2010,
            "quarter": 1,
            "eps": 1.9,
            "eps_growth_year": null,
            "eps_4q": 8.95,
            "eps_4q_growth_year": null,
            "roe": 9.11,
            "roe_4q": 84.96000000000001,
            "gross_profit": 142641,
            "gross_margin": 5.88,
            "gross_margin_4q_avg": 6.51,
            "net_income": 93978,
            "net_income_4q": null,
            "revenue": 2426070,
            "revenue_4q": null,
            "common_shares": 494530,
            "book_valuer_per_share": 21.64,
            "book_valuer_per_share_4q_avg": 14.31,
            "equity": 1082104,
            "current_ratio": 253.59,
            "debt_ratio": 42.36,
            "inventory_turnover_ratio": 2.92,
            "account_receivable_turnover_ratio": 6.74,
            "reinvestment_rate": null,
            "research_to_sale_ratio": 0.07,
            "price_fair": 332.6,
            "eps_avg_yearly": 9.5,
            "eps_latest_yearly": 7.6,
            "eps_growth_yearly": 670.72
        },
        "20102": {
            "year_quarter": 20102,
            "year": 2010,
            "quarter": 2,
            "eps": 0.74,
            "eps_growth_year": -12.98,
            "eps_4q": 8.92,
            "eps_4q_growth_year": null,
            "roe": 3.87,
            "roe_4q": 77.96,
            "gross_profit": 72423,
            "gross_margin": 2.42,
            "gross_margin_4q_avg": 5.84,
            "net_income": 40745,
            "net_income_4q": null,
            "revenue": 2987309,
            "revenue_4q": null,
            "common_shares": 500469,
            "book_valuer_per_share": 20.44,
            "book_valuer_per_share_4q_avg": 19.01,
            "equity": 1023136,
            "current_ratio": 180.45,
            "debt_ratio": 56.5,
            "inventory_turnover_ratio": 2.64,
            "account_receivable_turnover_ratio": 7.55,
            "reinvestment_rate": null,
            "research_to_sale_ratio": 0.06,
            "price_fair": 343.8,
            "eps_avg_yearly": 9.82,
            "eps_latest_yearly": 2.96,
            "eps_growth_yearly": 659.8
        },
        "20103": {
            "year_quarter": 20103,
            "year": 2010,
            "quarter": 3,
            "eps": -1.09,
            "eps_growth_year": -115.65,
            "eps_4q": 3.62,
            "eps_4q_growth_year": null,
            "roe": -5.66,
            "roe_4q": 28.5,
            "gross_profit": -55959,
            "gross_margin": -1.99,
            "gross_margin_4q_avg": 2.85,
            "net_income": -70876,
            "net_income_4q": null,
            "revenue": 2815859,
            "revenue_4q": null,
            "common_shares": 650576,
            "book_valuer_per_share": 22.76,
            "book_valuer_per_share_4q_avg": 21.13,
            "equity": 1481008,
            "current_ratio": 298.37,
            "debt_ratio": 36.13,
            "inventory_turnover_ratio": 2.5,
            "account_receivable_turnover_ratio": 5.15,
            "reinvestment_rate": null,
            "research_to_sale_ratio": 0.03,
            "price_fair": 372.63,
            "eps_avg_yearly": 10.65,
            "eps_latest_yearly": 2.96,
            "eps_growth_yearly": 384.58
        },
        "20104": {
            "year_quarter": 20104,
            "year": 2010,
            "quarter": 4,
            "eps": -6.8,
            "eps_growth_year": -225.03,
            "eps_4q": -5.82,
            "eps_4q_growth_year": -183.02,
            "roe": -35.15,
            "roe_4q": -27.830000000000005,
            "gross_profit": -406217,
            "gross_margin": -31.42,
            "gross_margin_4q_avg": -6.28,
            "net_income": -442513,
            "net_income_4q": null,
            "revenue": 1292676,
            "revenue_4q": null,
            "common_shares": 650576,
            "book_valuer_per_share": 15.93,
            "book_valuer_per_share_4q_avg": 20.19,
            "equity": 1036621,
            "current_ratio": 252.17,
            "debt_ratio": 41.69,
            "inventory_turnover_ratio": 2.01,
            "account_receivable_turnover_ratio": 2.11,
            "reinvestment_rate": null,
            "research_to_sale_ratio": 0.07,
            "price_fair": 433.72,
            "eps_avg_yearly": 12.39,
            "eps_latest_yearly": 2.96,
            "eps_growth_yearly": 510.02
        },
        "20111": {
            "year_quarter": 20111,
            "year": 2011,
            "quarter": 1,
            "eps": 0.05,
            "eps_growth_year": -97.37,
            "eps_4q": -7.22,
            "eps_4q_growth_year": -180.64,
            "roe": 0.3,
            "roe_4q": -36.64000000000001,
            "gross_profit": 14877,
            "gross_margin": 1.1,
            "gross_margin_4q_avg": -7.47,
            "net_income": 3143,
            "net_income_4q": null,
            "revenue": 1349923,
            "revenue_4q": null,
            "common_shares": 650576,
            "book_valuer_per_share": 15.98,
            "book_valuer_per_share_4q_avg": 18.78,
            "equity": 1039779,
            "current_ratio": 259.76,
            "debt_ratio": 40.09,
            "inventory_turnover_ratio": 1.83,
            "account_receivable_turnover_ratio": 2.9,
            "reinvestment_rate": null,
            "research_to_sale_ratio": 0.07,
            "price_fair": 433.72,
            "eps_avg_yearly": 12.39,
            "eps_latest_yearly": 2.96,
            "eps_growth_yearly": 510.02
        },
        "20112": {
            "year_quarter": 20112,
            "year": 2011,
            "quarter": 2,
            "eps": -0.82,
            "eps_growth_year": -211.44,
            "eps_4q": -8.67,
            "eps_4q_growth_year": -197.13,
            "roe": -5.29,
            "roe_4q": -45.8,
            "gross_profit": -20206,
            "gross_margin": -1.44,
            "gross_margin_4q_avg": -8.44,
            "net_income": -53623,
            "net_income_4q": null,
            "revenue": 1399339,
            "revenue_4q": null,
            "common_shares": 650576,
            "book_valuer_per_share": 15.16,
            "book_valuer_per_share_4q_avg": 17.46,
            "equity": 986118,
            "current_ratio": 255.06,
            "debt_ratio": 40.64,
            "inventory_turnover_ratio": 1.73,
            "account_receivable_turnover_ratio": 4.43,
            "reinvestment_rate": null,
            "research_to_sale_ratio": 0.1,
            "price_fair": 433.72,
            "eps_avg_yearly": 12.39,
            "eps_latest_yearly": 2.96,
            "eps_growth_yearly": 510.02
        },
        "20113": {
            "year_quarter": 20113,
            "year": 2011,
            "quarter": 3,
            "eps": -1.61,
            "eps_growth_year": null,
            "eps_4q": -9.19,
            "eps_4q_growth_year": -353.64,
            "roe": -11.24,
            "roe_4q": -51.379999999999995,
            "gross_profit": -99691,
            "gross_margin": -14.15,
            "gross_margin_4q_avg": -11.48,
            "net_income": -104956,
            "net_income_4q": null,
            "revenue": 704759,
            "revenue_4q": null,
            "common_shares": 650576,
            "book_valuer_per_share": 13.55,
            "book_valuer_per_share_4q_avg": 15.16,
            "equity": 881262,
            "current_ratio": 275.82,
            "debt_ratio": 37.75,
            "inventory_turnover_ratio": 1.07,
            "account_receivable_turnover_ratio": 2.98,
            "reinvestment_rate": null,
            "research_to_sale_ratio": 0.19,
            "price_fair": 433.72,
            "eps_avg_yearly": 12.39,
            "eps_latest_yearly": 2.96,
            "eps_growth_yearly": 510.02
        },
        "20114": {
            "year_quarter": 20114,
            "year": 2011,
            "quarter": 4,
            "eps": -1.05,
            "eps_growth_year": null,
            "eps_4q": -3.44,
            "eps_4q_growth_year": null,
            "roe": -8.04,
            "roe_4q": -24.27,
            "gross_profit": -43854,
            "gross_margin": -6.4,
            "gross_margin_4q_avg": -5.22,
            "net_income": -68127,
            "net_income_4q": null,
            "revenue": 685036,
            "revenue_4q": null,
            "common_shares": 650576,
            "book_valuer_per_share": 12.51,
            "book_valuer_per_share_4q_avg": 14.3,
            "equity": 813952,
            "current_ratio": 267.86,
            "debt_ratio": 38.21,
            "inventory_turnover_ratio": 1.15,
            "account_receivable_turnover_ratio": 3.42,
            "reinvestment_rate": null,
            "research_to_sale_ratio": 0.18,
            "price_fair": 433.72,
            "eps_avg_yearly": 12.39,
            "eps_latest_yearly": 2.96,
            "eps_growth_yearly": 510.02
        },
        "20121": {
            "year_quarter": 20121,
            "year": 2012,
            "quarter": 1,
            "eps": 0.52,
            "eps_growth_year": 940,
            "eps_4q": -2.97,
            "eps_4q_growth_year": null,
            "roe": 4.06,
            "roe_4q": -20.509999999999998,
            "gross_profit": 51717,
            "gross_margin": 7.65,
            "gross_margin_4q_avg": -3.59,
            "net_income": 33736,
            "net_income_4q": null,
            "revenue": 675810,
            "revenue_4q": null,
            "common_shares": 650576,
            "book_valuer_per_share": 13.03,
            "book_valuer_per_share_4q_avg": 13.56,
            "equity": 847645,
            "current_ratio": 339.13,
            "debt_ratio": 31.76,
            "inventory_turnover_ratio": 1.01,
            "account_receivable_turnover_ratio": 4.81,
            "reinvestment_rate": null,
            "research_to_sale_ratio": 0.21,
            "price_fair": 433.72,
            "eps_avg_yearly": 12.39,
            "eps_latest_yearly": 2.96,
            "eps_growth_yearly": 510.02
        },
        "20122": {
            "year_quarter": 20122,
            "year": 2012,
            "quarter": 2,
            "eps": 0.26,
            "eps_growth_year": null,
            "eps_4q": -1.88,
            "eps_4q_growth_year": null,
            "roe": 1.96,
            "roe_4q": -13.26,
            "gross_profit": 32345,
            "gross_margin": 3.61,
            "gross_margin_4q_avg": -2.32,
            "net_income": 16738,
            "net_income_4q": null,
            "revenue": 896041,
            "revenue_4q": null,
            "common_shares": 650576,
            "book_valuer_per_share": 13.29,
            "book_valuer_per_share_4q_avg": 13.1,
            "equity": 864404,
            "current_ratio": 328.93,
            "debt_ratio": 32.15,
            "inventory_turnover_ratio": 1.5,
            "account_receivable_turnover_ratio": 5.2,
            "reinvestment_rate": null,
            "research_to_sale_ratio": 0.15,
            "price_fair": 428.4,
            "eps_avg_yearly": 12.24,
            "eps_latest_yearly": 1.04,
            "eps_growth_yearly": 416.69
        },
        "20123": {
            "year_quarter": 20123,
            "year": 2012,
            "quarter": 3,
            "eps": -0.45,
            "eps_growth_year": null,
            "eps_4q": -0.73,
            "eps_4q_growth_year": null,
            "roe": -3.48,
            "roe_4q": -5.5,
            "gross_profit": -7640,
            "gross_margin": -2.36,
            "gross_margin_4q_avg": 0.63,
            "net_income": -29533,
            "net_income_4q": null,
            "revenue": 324355,
            "revenue_4q": null,
            "common_shares": 650576,
            "book_valuer_per_share": 12.83,
            "book_valuer_per_share_4q_avg": 12.92,
            "equity": 834838,
            "current_ratio": 304.32,
            "debt_ratio": 33.82,
            "inventory_turnover_ratio": 0.62,
            "account_receivable_turnover_ratio": 1.37,
            "reinvestment_rate": null,
            "research_to_sale_ratio": 0.23,
            "price_fair": 428.4,
            "eps_avg_yearly": 12.24,
            "eps_latest_yearly": 1.04,
            "eps_growth_yearly": 416.69
        },
        "20124": {
            "year_quarter": 20124,
            "year": 2012,
            "quarter": 4,
            "eps": -0.23,
            "eps_growth_year": null,
            "eps_4q": 0.1,
            "eps_4q_growth_year": null,
            "roe": -1.78,
            "roe_4q": 0.7599999999999998,
            "gross_profit": 5766,
            "gross_margin": 2.61,
            "gross_margin_4q_avg": 2.88,
            "net_income": -14755,
            "net_income_4q": null,
            "revenue": 220514,
            "revenue_4q": null,
            "common_shares": 650576,
            "book_valuer_per_share": 12.61,
            "book_valuer_per_share_4q_avg": 12.94,
            "equity": 820074,
            "current_ratio": 426.22,
            "debt_ratio": 26.71,
            "inventory_turnover_ratio": 0.4,
            "account_receivable_turnover_ratio": 1.26,
            "reinvestment_rate": null,
            "research_to_sale_ratio": 0.44,
            "price_fair": 428.4,
            "eps_avg_yearly": 12.24,
            "eps_latest_yearly": 1.04,
            "eps_growth_yearly": 416.69
        },
        "20131": {
            "year_quarter": 20131,
            "year": 2013,
            "quarter": 1,
            "eps": 0.28,
            "eps_growth_year": -46.15,
            "eps_4q": -0.02,
            "eps_4q_growth_year": null,
            "roe": 2.42,
            "roe_4q": -0.8799999999999999,
            "gross_profit": 56829,
            "gross_margin": 10.36,
            "gross_margin_4q_avg": 3.56,
            "net_income": 25725,
            "net_income_4q": null,
            "revenue": 548607,
            "revenue_4q": null,
            "common_shares": 913464,
            "book_valuer_per_share": 14.26,
            "book_valuer_per_share_4q_avg": 13.25,
            "equity": 1302666,
            "current_ratio": 946.35,
            "debt_ratio": 8.67,
            "inventory_turnover_ratio": 1,
            "account_receivable_turnover_ratio": 5.43,
            "reinvestment_rate": null,
            "research_to_sale_ratio": 1.18,
            "price_fair": 428.4,
            "eps_avg_yearly": 12.24,
            "eps_latest_yearly": 1.04,
            "eps_growth_yearly": 416.69
        },
        "20132": {
            "year_quarter": 20132,
            "year": 2013,
            "quarter": 2,
            "eps": 0.05,
            "eps_growth_year": -80.57,
            "eps_4q": -0.15,
            "eps_4q_growth_year": null,
            "roe": 0.37,
            "roe_4q": -2.4699999999999998,
            "gross_profit": 47101,
            "gross_margin": 16.8,
            "gross_margin_4q_avg": 6.85,
            "net_income": 4860,
            "net_income_4q": null,
            "revenue": 280328,
            "revenue_4q": null,
            "common_shares": 914174,
            "book_valuer_per_share": 14.32,
            "book_valuer_per_share_4q_avg": 13.51,
            "equity": 1308699,
            "current_ratio": 1123.41,
            "debt_ratio": 7.56,
            "inventory_turnover_ratio": 0.55,
            "account_receivable_turnover_ratio": 3.01,
            "reinvestment_rate": null,
            "research_to_sale_ratio": 2.82,
            "price_fair": 358.17,
            "eps_avg_yearly": 10.23,
            "eps_latest_yearly": 0.2,
            "eps_growth_yearly": 292.48
        },
        "20133": {
            "year_quarter": 20133,
            "year": 2013,
            "quarter": 3,
            "eps": 0.19,
            "eps_growth_year": null,
            "eps_4q": 0.36,
            "eps_4q_growth_year": null,
            "roe": 1.33,
            "roe_4q": 2.34,
            "gross_profit": 57308,
            "gross_margin": 21.03,
            "gross_margin_4q_avg": 12.7,
            "net_income": 17554,
            "net_income_4q": null,
            "revenue": 272556,
            "revenue_4q": null,
            "common_shares": 915209,
            "book_valuer_per_share": 14.5,
            "book_valuer_per_share_4q_avg": 13.92,
            "equity": 1327028,
            "current_ratio": 874.95,
            "debt_ratio": 9.19,
            "inventory_turnover_ratio": 0.51,
            "account_receivable_turnover_ratio": 2.85,
            "reinvestment_rate": null,
            "research_to_sale_ratio": 1.98,
            "price_fair": 17.16,
            "eps_avg_yearly": 5.72,
            "eps_latest_yearly": 0.76,
            "eps_growth_yearly": -0.07
        },
        "20134": {
            "year_quarter": 20134,
            "year": 2013,
            "quarter": 4,
            "eps": 0.2,
            "eps_growth_year": null,
            "eps_4q": 0.73,
            "eps_4q_growth_year": 667.56,
            "roe": 1.4,
            "roe_4q": 5.52,
            "gross_profit": 50429,
            "gross_margin": 11.16,
            "gross_margin_4q_avg": 14.84,
            "net_income": 18735,
            "net_income_4q": null,
            "revenue": 451814,
            "revenue_4q": null,
            "common_shares": 916288,
            "book_valuer_per_share": 14.71,
            "book_valuer_per_share_4q_avg": 14.45,
            "equity": 1347534,
            "current_ratio": 748.95,
            "debt_ratio": 10.42,
            "inventory_turnover_ratio": 1.1,
            "account_receivable_turnover_ratio": 4.48,
            "reinvestment_rate": null,
            "research_to_sale_ratio": 1.59,
            "price_fair": 62.34,
            "eps_avg_yearly": 2.23,
            "eps_latest_yearly": 0.8,
            "eps_growth_yearly": 18
        },
        "20141": {
            "year_quarter": 20141,
            "year": 2014,
            "quarter": 1,
            "eps": 0.05,
            "eps_growth_year": -82.14,
            "eps_4q": 0.5,
            "eps_4q_growth_year": null,
            "roe": 0.34,
            "roe_4q": 3.4400000000000004,
            "gross_profit": 39054,
            "gross_margin": 11.01,
            "gross_margin_4q_avg": 15,
            "net_income": 4592,
            "net_income_4q": null,
            "revenue": 354798,
            "revenue_4q": null,
            "common_shares": 916288,
            "book_valuer_per_share": 14.77,
            "book_valuer_per_share_4q_avg": 14.58,
            "equity": 1352981,
            "current_ratio": 1470.13,
            "debt_ratio": 5.69,
            "inventory_turnover_ratio": 1.13,
            "account_receivable_turnover_ratio": 4.71,
            "reinvestment_rate": null,
            "research_to_sale_ratio": 2.56,
            "price_fair": 21.24,
            "eps_avg_yearly": 0.99,
            "eps_latest_yearly": 0.2,
            "eps_growth_yearly": 11.38
        },
        "20142": {
            "year_quarter": 20142,
            "year": 2014,
            "quarter": 2,
            "eps": 0.03,
            "eps_growth_year": -40,
            "eps_4q": 0.48,
            "eps_4q_growth_year": null,
            "roe": 0.24,
            "roe_4q": 3.31,
            "gross_profit": 50690,
            "gross_margin": 9.75,
            "gross_margin_4q_avg": 13.24,
            "net_income": 3174,
            "net_income_4q": null,
            "revenue": 519913,
            "revenue_4q": null,
            "common_shares": 916288,
            "book_valuer_per_share": 14.29,
            "book_valuer_per_share_4q_avg": 14.57,
            "equity": 1309621,
            "current_ratio": 417.79,
            "debt_ratio": 18.29,
            "inventory_turnover_ratio": 1.87,
            "account_receivable_turnover_ratio": 5.06,
            "reinvestment_rate": null,
            "research_to_sale_ratio": 2.52,
            "price_fair": 18.2,
            "eps_avg_yearly": 0.52,
            "eps_latest_yearly": 0.12,
            "eps_growth_yearly": 25.41
        },
        "20143": {
            "year_quarter": 20143,
            "year": 2014,
            "quarter": 3,
            "eps": 0.12,
            "eps_growth_year": -36.84,
            "eps_4q": 0.41,
            "eps_4q_growth_year": 13.47,
            "roe": 0.86,
            "roe_4q": 2.84,
            "gross_profit": 47849,
            "gross_margin": 15.45,
            "gross_margin_4q_avg": 11.84,
            "net_income": 11425,
            "net_income_4q": null,
            "revenue": 309656,
            "revenue_4q": null,
            "common_shares": 916288,
            "book_valuer_per_share": 14.54,
            "book_valuer_per_share_4q_avg": 14.58,
            "equity": 1332731,
            "current_ratio": 895.44,
            "debt_ratio": 25.17,
            "inventory_turnover_ratio": 0.88,
            "account_receivable_turnover_ratio": 2.18,
            "reinvestment_rate": null,
            "research_to_sale_ratio": 3.07,
            "price_fair": 18,
            "eps_avg_yearly": 0.51,
            "eps_latest_yearly": 0.48,
            "eps_growth_yearly": 193.21
        },
        "20144": {
            "year_quarter": 20144,
            "year": 2014,
            "quarter": 4,
            "eps": -0.88,
            "eps_growth_year": -528.58,
            "eps_4q": -0.67,
            "eps_4q_growth_year": -191.37,
            "roe": -6.21,
            "roe_4q": -4.77,
            "gross_profit": 18544,
            "gross_margin": 7.56,
            "gross_margin_4q_avg": 10.94,
            "net_income": -80295,
            "net_income_4q": null,
            "revenue": 245216,
            "revenue_4q": null,
            "common_shares": 916288,
            "book_valuer_per_share": 13.68,
            "book_valuer_per_share_4q_avg": 14.32,
            "equity": 1253541,
            "current_ratio": 1436.18,
            "debt_ratio": 22.86,
            "inventory_turnover_ratio": 0.73,
            "account_receivable_turnover_ratio": 1.98,
            "reinvestment_rate": null,
            "research_to_sale_ratio": 3.93,
            "price_fair": 18,
            "eps_avg_yearly": 0.51,
            "eps_latest_yearly": 0.48,
            "eps_growth_yearly": 193.21
        },
        "20151": {
            "year_quarter": 20151,
            "year": 2015,
            "quarter": 1,
            "eps": -0.86,
            "eps_growth_year": -1820,
            "eps_4q": -1.58,
            "eps_4q_growth_year": -416.86,
            "roe": -6.52,
            "roe_4q": -11.63,
            "gross_profit": 13649,
            "gross_margin": 11.31,
            "gross_margin_4q_avg": 11.02,
            "net_income": -79241,
            "net_income_4q": null,
            "revenue": 120726,
            "revenue_4q": null,
            "common_shares": 916288,
            "book_valuer_per_share": 12.87,
            "book_valuer_per_share_4q_avg": 13.85,
            "equity": 1178902,
            "current_ratio": 1621.28,
            "debt_ratio": 23.01,
            "inventory_turnover_ratio": 0.37,
            "account_receivable_turnover_ratio": 1.51,
            "reinvestment_rate": null,
            "research_to_sale_ratio": 6.54,
            "price_fair": 18,
            "eps_avg_yearly": 0.51,
            "eps_latest_yearly": 0.48,
            "eps_growth_yearly": 193.21
        },
        "20152": {
            "year_quarter": 20152,
            "year": 2015,
            "quarter": 2,
            "eps": -0.39,
            "eps_growth_year": -1400,
            "eps_4q": -2.01,
            "eps_4q_growth_year": -517.76,
            "roe": -3.1,
            "roe_4q": -14.969999999999999,
            "gross_profit": 3664,
            "gross_margin": 2.56,
            "gross_margin_4q_avg": 9.22,
            "net_income": -35933,
            "net_income_4q": null,
            "revenue": 143249,
            "revenue_4q": null,
            "common_shares": 916288,
            "book_valuer_per_share": 12.47,
            "book_valuer_per_share_4q_avg": 13.39,
            "equity": 1142607,
            "current_ratio": 1194.18,
            "debt_ratio": 24.53,
            "inventory_turnover_ratio": 0.49,
            "account_receivable_turnover_ratio": 1.84,
            "reinvestment_rate": null,
            "research_to_sale_ratio": 6.28,
            "price_fair": 18,
            "eps_avg_yearly": 0.51,
            "eps_latest_yearly": 0.48,
            "eps_growth_yearly": 193.21
        },
        "20153": {
            "year_quarter": 20153,
            "year": 2015,
            "quarter": 3,
            "eps": -0.01,
            "eps_growth_year": -108.33,
            "eps_4q": -2.14,
            "eps_4q_growth_year": -617.55,
            "roe": -0.07,
            "roe_4q": -15.899999999999999,
            "gross_profit": 24040,
            "gross_margin": 15.92,
            "gross_margin_4q_avg": 9.34,
            "net_income": -817,
            "net_income_4q": null,
            "revenue": 151011,
            "revenue_4q": null,
            "common_shares": 916288,
            "book_valuer_per_share": 12.48,
            "book_valuer_per_share_4q_avg": 12.88,
            "equity": 1143370,
            "current_ratio": 1061.53,
            "debt_ratio": 25.13,
            "inventory_turnover_ratio": 0.44,
            "account_receivable_turnover_ratio": 1.74,
            "reinvestment_rate": null,
            "research_to_sale_ratio": 5.94,
            "price_fair": 18,
            "eps_avg_yearly": 0.51,
            "eps_latest_yearly": 0.48,
            "eps_growth_yearly": 193.21
        },
        "20154": {
            "year_quarter": 20154,
            "year": 2015,
            "quarter": 4,
            "eps": -0.12,
            "eps_growth_year": null,
            "eps_4q": -1.39,
            "eps_4q_growth_year": null,
            "roe": -0.98,
            "roe_4q": -10.67,
            "gross_profit": 19940,
            "gross_margin": 11.96,
            "gross_margin_4q_avg": 10.44,
            "net_income": -11194,
            "net_income_4q": null,
            "revenue": 166659,
            "revenue_4q": null,
            "common_shares": 916288,
            "book_valuer_per_share": 12.42,
            "book_valuer_per_share_4q_avg": 12.56,
            "equity": 1137845,
            "current_ratio": 1352.67,
            "debt_ratio": 23.98,
            "inventory_turnover_ratio": 0.5,
            "account_receivable_turnover_ratio": 2.73,
            "reinvestment_rate": null,
            "research_to_sale_ratio": 4.31,
            "price_fair": 18,
            "eps_avg_yearly": 0.51,
            "eps_latest_yearly": 0.48,
            "eps_growth_yearly": 193.21
        },
        "20161": {
            "year_quarter": 20161,
            "year": 2016,
            "quarter": 1,
            "eps": -0.37,
            "eps_growth_year": null,
            "eps_4q": -0.9,
            "eps_4q_growth_year": null,
            "roe": -3.04,
            "roe_4q": -7.1899999999999995,
            "gross_profit": 4146,
            "gross_margin": 3.33,
            "gross_margin_4q_avg": 8.44,
            "net_income": -34104,
            "net_income_4q": null,
            "revenue": 124484,
            "revenue_4q": null,
            "common_shares": 916288,
            "book_valuer_per_share": 12.04,
            "book_valuer_per_share_4q_avg": 12.35,
            "equity": 1103334,
            "current_ratio": 1421.81,
            "debt_ratio": 24.31,
            "inventory_turnover_ratio": 0.42,
            "account_receivable_turnover_ratio": 1.9,
            "reinvestment_rate": null,
            "research_to_sale_ratio": 7.75,
            "price_fair": 18,
            "eps_avg_yearly": 0.51,
            "eps_latest_yearly": 0.48,
            "eps_growth_yearly": 193.21
        },
        "20162": {
            "year_quarter": 20162,
            "year": 2016,
            "quarter": 2,
            "eps": -0.27,
            "eps_growth_year": null,
            "eps_4q": -0.77,
            "eps_4q_growth_year": null,
            "roe": -2.23,
            "roe_4q": -6.32,
            "gross_profit": 14502,
            "gross_margin": 10.09,
            "gross_margin_4q_avg": 10.33,
            "net_income": -24380,
            "net_income_4q": null,
            "revenue": 143737,
            "revenue_4q": null,
            "common_shares": 916288,
            "book_valuer_per_share": 11.78,
            "book_valuer_per_share_4q_avg": 12.18,
            "equity": 1079093,
            "current_ratio": 2014.54,
            "debt_ratio": 23.73,
            "inventory_turnover_ratio": 0.49,
            "account_receivable_turnover_ratio": 1.86,
            "reinvestment_rate": null,
            "research_to_sale_ratio": 5.43,
            "price_fair": 14.93,
            "eps_avg_yearly": 0.43,
            "eps_latest_yearly": 0.48,
            "eps_growth_yearly": 258.75
        },
        "20163": {
            "year_quarter": 20163,
            "year": 2016,
            "quarter": 3,
            "eps": -0.22,
            "eps_growth_year": null,
            "eps_4q": -0.98,
            "eps_4q_growth_year": null,
            "roe": -1.88,
            "roe_4q": -8.129999999999999,
            "gross_profit": 12533,
            "gross_margin": 7.79,
            "gross_margin_4q_avg": 8.29,
            "net_income": -20126,
            "net_income_4q": null,
            "revenue": 160805,
            "revenue_4q": null,
            "common_shares": 916288,
            "book_valuer_per_share": 11.55,
            "book_valuer_per_share_4q_avg": 11.95,
            "equity": 1058388,
            "current_ratio": 241.52,
            "debt_ratio": 24.45,
            "inventory_turnover_ratio": 0.59,
            "account_receivable_turnover_ratio": 1.96,
            "reinvestment_rate": null,
            "research_to_sale_ratio": 4.19,
            "price_fair": 14.93,
            "eps_avg_yearly": 0.43,
            "eps_latest_yearly": 0.48,
            "eps_growth_yearly": 258.75
        },
        "20164": {
            "year_quarter": 20164,
            "year": 2016,
            "quarter": 4,
            "eps": -0.75,
            "eps_growth_year": null,
            "eps_4q": -1.6,
            "eps_4q_growth_year": null,
            "roe": -6.68,
            "roe_4q": -13.829999999999998,
            "gross_profit": -40409,
            "gross_margin": -22.93,
            "gross_margin_4q_avg": -0.43,
            "net_income": -68329,
            "net_income_4q": null,
            "revenue": 176249,
            "revenue_4q": null,
            "common_shares": 916288,
            "book_valuer_per_share": 10.79,
            "book_valuer_per_share_4q_avg": 11.54,
            "equity": 988460,
            "current_ratio": 221.55,
            "debt_ratio": 26.22,
            "inventory_turnover_ratio": 1.05,
            "account_receivable_turnover_ratio": 2.08,
            "reinvestment_rate": null,
            "research_to_sale_ratio": 3.44,
            "price_fair": 14.93,
            "eps_avg_yearly": 0.43,
            "eps_latest_yearly": 0.48,
            "eps_growth_yearly": 258.75
        },
        "20171": {
            "year_quarter": 20171,
            "year": 2017,
            "quarter": 1,
            "eps": -0.32,
            "eps_growth_year": null,
            "eps_4q": -1.55,
            "eps_4q_growth_year": null,
            "roe": -3.01,
            "roe_4q": -13.8,
            "gross_profit": 10455,
            "gross_margin": 10.38,
            "gross_margin_4q_avg": 1.33,
            "net_income": -29281,
            "net_income_4q": null,
            "revenue": 100760,
            "revenue_4q": null,
            "common_shares": 916288,
            "book_valuer_per_share": 10.46,
            "book_valuer_per_share_4q_avg": 11.15,
            "equity": 958326,
            "current_ratio": 206.03,
            "debt_ratio": 28.42,
            "inventory_turnover_ratio": 0.46,
            "account_receivable_turnover_ratio": 1.79,
            "reinvestment_rate": null,
            "research_to_sale_ratio": 6.05,
            "price_fair": 14.93,
            "eps_avg_yearly": 0.43,
            "eps_latest_yearly": 0.48,
            "eps_growth_yearly": 258.75
        },
        "20172": {
            "year_quarter": 20172,
            "year": 2017,
            "quarter": 2,
            "eps": -0.15,
            "eps_growth_year": null,
            "eps_4q": -1.43,
            "eps_4q_growth_year": null,
            "roe": -1.43,
            "roe_4q": -13,
            "gross_profit": 16529,
            "gross_margin": 8.99,
            "gross_margin_4q_avg": 1.06,
            "net_income": -13629,
            "net_income_4q": null,
            "revenue": 183821,
            "revenue_4q": null,
            "common_shares": 916288,
            "book_valuer_per_share": 10.39,
            "book_valuer_per_share_4q_avg": 10.8,
            "equity": 952330,
            "current_ratio": 237.94,
            "debt_ratio": 26.36,
            "inventory_turnover_ratio": 0.87,
            "account_receivable_turnover_ratio": 2.98,
            "reinvestment_rate": null,
            "research_to_sale_ratio": 3.42,
            "price_fair": 16.52,
            "eps_avg_yearly": 0.47,
            "eps_latest_yearly": 0.48,
            "eps_growth_yearly": 376.21
        },
        "20173": {
            "year_quarter": 20173,
            "year": 2017,
            "quarter": 3,
            "eps": -0.07,
            "eps_growth_year": null,
            "eps_4q": -1.29,
            "eps_4q_growth_year": null,
            "roe": -0.72,
            "roe_4q": -11.84,
            "gross_profit": 21508,
            "gross_margin": 11.81,
            "gross_margin_4q_avg": 2.06,
            "net_income": -6848,
            "net_income_4q": null,
            "revenue": 182074,
            "revenue_4q": null,
            "common_shares": 916288,
            "book_valuer_per_share": 10.32,
            "book_valuer_per_share_4q_avg": 10.49,
            "equity": 945418,
            "current_ratio": 1225.45,
            "debt_ratio": 4.25,
            "inventory_turnover_ratio": 0.99,
            "account_receivable_turnover_ratio": 2.43,
            "reinvestment_rate": null,
            "research_to_sale_ratio": 3.26,
            "price_fair": 14,
            "eps_avg_yearly": 0.4,
            "eps_latest_yearly": 0.48,
            "eps_growth_yearly": 190.26
        },
        "20174": {
            "year_quarter": 20174,
            "year": 2017,
            "quarter": 4,
            "eps": -0.25,
            "eps_growth_year": null,
            "eps_4q": -0.79,
            "eps_4q_growth_year": null,
            "roe": -2.42,
            "roe_4q": -7.579999999999999,
            "gross_profit": 8980,
            "gross_margin": 5.85,
            "gross_margin_4q_avg": 9.26,
            "net_income": -22599,
            "net_income_4q": null,
            "revenue": 153596,
            "revenue_4q": null,
            "common_shares": 916288,
            "book_valuer_per_share": 10.08,
            "book_valuer_per_share_4q_avg": 10.31,
            "equity": 923652,
            "current_ratio": 586.68,
            "debt_ratio": 9.31,
            "inventory_turnover_ratio": 0.9,
            "account_receivable_turnover_ratio": 2.6,
            "reinvestment_rate": null,
            "research_to_sale_ratio": 3.86,
            "price_fair": 9.33,
            "eps_avg_yearly": 0.27,
            "eps_latest_yearly": 0.48,
            "eps_growth_yearly": 246.67
        },
        "20181": {
            "year_quarter": 20181,
            "year": 2018,
            "quarter": 1,
            "eps": 0.23,
            "eps_growth_year": null,
            "eps_4q": -0.24,
            "eps_4q_growth_year": null,
            "roe": 2.21,
            "roe_4q": -2.36,
            "gross_profit": 14757,
            "gross_margin": 9.87,
            "gross_margin_4q_avg": 9.13,
            "net_income": 20695,
            "net_income_4q": null,
            "revenue": 149553,
            "revenue_4q": null,
            "common_shares": 916288,
            "book_valuer_per_share": 10.32,
            "book_valuer_per_share_4q_avg": 10.28,
            "equity": 947482,
            "current_ratio": 1613.74,
            "debt_ratio": 3.75,
            "inventory_turnover_ratio": 0.8,
            "account_receivable_turnover_ratio": 2.82,
            "reinvestment_rate": null,
            "research_to_sale_ratio": 3.37,
            "price_fair": 10.5,
            "eps_avg_yearly": 0.3,
            "eps_latest_yearly": 0.48,
            "eps_growth_yearly": 520
        },
        "20182": {
            "year_quarter": 20182,
            "year": 2018,
            "quarter": 2,
            "eps": -0.11,
            "eps_growth_year": null,
            "eps_4q": -0.2,
            "eps_4q_growth_year": null,
            "roe": -1.05,
            "roe_4q": -1.98,
            "gross_profit": 18519,
            "gross_margin": 12.16,
            "gross_margin_4q_avg": 9.92,
            "net_income": -9903,
            "net_income_4q": null,
            "revenue": 152268,
            "revenue_4q": null,
            "common_shares": 916288,
            "book_valuer_per_share": 10.21,
            "book_valuer_per_share_4q_avg": 10.23,
            "equity": 937892,
            "current_ratio": 1214.42,
            "debt_ratio": 4.85,
            "inventory_turnover_ratio": 0.85,
            "account_receivable_turnover_ratio": 3,
            "reinvestment_rate": null,
            "research_to_sale_ratio": 4.34,
            "price_fair": 16.8,
            "eps_avg_yearly": 0.48,
            "eps_latest_yearly": 0.48,
            "eps_growth_yearly": 1200
        },
        "20183": {
            "year_quarter": 20183,
            "year": 2018,
            "quarter": 3,
            "eps": -0.2,
            "eps_growth_year": null,
            "eps_4q": -0.33,
            "eps_4q_growth_year": null,
            "roe": -2,
            "roe_4q": -3.26,
            "gross_profit": 12364,
            "gross_margin": 8.12,
            "gross_margin_4q_avg": 9,
            "net_income": -18556,
            "net_income_4q": null,
            "revenue": 152279,
            "revenue_4q": null,
            "common_shares": 916288,
            "book_valuer_per_share": 10.01,
            "book_valuer_per_share_4q_avg": 10.16,
            "equity": 918611,
            "current_ratio": 1266.34,
            "debt_ratio": 4.58,
            "inventory_turnover_ratio": 0.99,
            "account_receivable_turnover_ratio": 2.44,
            "reinvestment_rate": null,
            "research_to_sale_ratio": 5.5,
            "price_fair": 0,
            "eps_avg_yearly": 0,
            "eps_latest_yearly": 0,
            "eps_growth_yearly": 0
        },
        "20184": {
            "year_quarter": 20184,
            "year": 2018,
            "quarter": 4,
            "eps": -0.75,
            "eps_growth_year": null,
            "eps_4q": -0.83,
            "eps_4q_growth_year": null,
            "roe": -7.74,
            "roe_4q": -8.580000000000002,
            "gross_profit": -36981,
            "gross_margin": -28.09,
            "gross_margin_4q_avg": 0.52,
            "net_income": -68726,
            "net_income_4q": null,
            "revenue": 131640,
            "revenue_4q": null,
            "common_shares": 916288,
            "book_valuer_per_share": 9.34,
            "book_valuer_per_share_4q_avg": 9.97,
            "equity": 857736,
            "current_ratio": 1086.74,
            "debt_ratio": 5.06,
            "inventory_turnover_ratio": 1.51,
            "account_receivable_turnover_ratio": 2.14,
            "reinvestment_rate": null,
            "research_to_sale_ratio": 5.35,
            "price_fair": 0,
            "eps_avg_yearly": 0,
            "eps_latest_yearly": 0,
            "eps_growth_yearly": 0
        },
        "20191": {
            "year_quarter": 20191,
            "year": 2019,
            "quarter": 1,
            "eps": -0.41,
            "eps_growth_year": -278.26,
            "eps_4q": -1.47,
            "eps_4q_growth_year": null,
            "roe": -4.54,
            "roe_4q": -15.330000000000002,
            "gross_profit": -7754,
            "gross_margin": -3.4,
            "gross_margin_4q_avg": -2.8,
            "net_income": -38050,
            "net_income_4q": null,
            "revenue": 228309,
            "revenue_4q": null,
            "common_shares": 916288,
            "book_valuer_per_share": 8.91,
            "book_valuer_per_share_4q_avg": 9.62,
            "equity": 818300,
            "current_ratio": 1296.76,
            "debt_ratio": 5.3,
            "inventory_turnover_ratio": 3.22,
            "account_receivable_turnover_ratio": 4.47,
            "reinvestment_rate": null,
            "research_to_sale_ratio": 3.55,
            "price_fair": 0,
            "eps_avg_yearly": 0,
            "eps_latest_yearly": 0,
            "eps_growth_yearly": 0
        },
        "20192": {
            "year_quarter": 20192,
            "year": 2019,
            "quarter": 2,
            "eps": -0.26,
            "eps_growth_year": null,
            "eps_4q": -1.62,
            "eps_4q_growth_year": null,
            "roe": -2.93,
            "roe_4q": -17.21,
            "gross_profit": 5913,
            "gross_margin": 2.92,
            "gross_margin_4q_avg": -5.11,
            "net_income": -23634,
            "net_income_4q": null,
            "revenue": 202560,
            "revenue_4q": null,
            "common_shares": 916288,
            "book_valuer_per_share": 8.65,
            "book_valuer_per_share_4q_avg": 9.23,
            "equity": 794311,
            "current_ratio": 919.1,
            "debt_ratio": 6.76,
            "inventory_turnover_ratio": 3.44,
            "account_receivable_turnover_ratio": 3.9,
            "reinvestment_rate": null,
            "research_to_sale_ratio": 2.82,
            "price_fair": 0,
            "eps_avg_yearly": 0,
            "eps_latest_yearly": 0,
            "eps_growth_yearly": 0
        },
        "20193": {
            "year_quarter": 20193,
            "year": 2019,
            "quarter": 3,
            "eps": -0.27,
            "eps_growth_year": null,
            "eps_4q": -1.69,
            "eps_4q_growth_year": null,
            "roe": -3.13,
            "roe_4q": -18.340000000000003,
            "gross_profit": 5484,
            "gross_margin": 1.27,
            "gross_margin_4q_avg": -6.83,
            "net_income": -24489,
            "net_income_4q": null,
            "revenue": 431710,
            "revenue_4q": null,
            "common_shares": 916288,
            "book_valuer_per_share": 8.37,
            "book_valuer_per_share_4q_avg": 8.82,
            "equity": 768137,
            "current_ratio": 967.77,
            "debt_ratio": 6.28,
            "inventory_turnover_ratio": 10.45,
            "account_receivable_turnover_ratio": 7.7,
            "reinvestment_rate": null,
            "research_to_sale_ratio": 1.43,
            "price_fair": 0,
            "eps_avg_yearly": 0,
            "eps_latest_yearly": 0,
            "eps_growth_yearly": 0
        },
        "20194": {
            "year_quarter": 20194,
            "year": 2019,
            "quarter": 4,
            "eps": -0.1,
            "eps_growth_year": null,
            "eps_4q": -1.04,
            "eps_4q_growth_year": null,
            "roe": -1.22,
            "roe_4q": -11.82,
            "gross_profit": 8429,
            "gross_margin": 6.17,
            "gross_margin_4q_avg": 1.74,
            "net_income": -9348,
            "net_income_4q": null,
            "revenue": 136558,
            "revenue_4q": null,
            "common_shares": 916288,
            "book_valuer_per_share": 8.27,
            "book_valuer_per_share_4q_avg": 8.55,
            "equity": 759422,
            "current_ratio": 885.05,
            "debt_ratio": 6.71,
            "inventory_turnover_ratio": 4.25,
            "account_receivable_turnover_ratio": 2.94,
            "reinvestment_rate": null,
            "research_to_sale_ratio": 3.88,
            "price_fair": 0,
            "eps_avg_yearly": 0,
            "eps_latest_yearly": 0,
            "eps_growth_yearly": 0
        },
        "20201": {
            "year_quarter": 20201,
            "year": 2020,
            "quarter": 1,
            "eps": -0.11,
            "eps_growth_year": null,
            "eps_4q": -0.74,
            "eps_4q_growth_year": null,
            "roe": -1.38,
            "roe_4q": -8.66,
            "gross_profit": 15324,
            "gross_margin": 16.55,
            "gross_margin_4q_avg": 6.73,
            "net_income": -10383,
            "net_income_4q": null,
            "revenue": 92605,
            "revenue_4q": null,
            "common_shares": 916288,
            "book_valuer_per_share": 8.16,
            "book_valuer_per_share_4q_avg": 8.36,
            "equity": 749061,
            "current_ratio": 979.19,
            "debt_ratio": 6.03,
            "inventory_turnover_ratio": 2.46,
            "account_receivable_turnover_ratio": 2.71,
            "reinvestment_rate": null,
            "research_to_sale_ratio": 6.07,
            "price_fair": 0,
            "eps_avg_yearly": 0,
            "eps_latest_yearly": 0,
            "eps_growth_yearly": 0
        },
        "20202": {
            "year_quarter": 20202,
            "year": 2020,
            "quarter": 2,
            "eps": -0.19,
            "eps_growth_year": null,
            "eps_4q": -0.67,
            "eps_4q_growth_year": null,
            "roe": -2.3,
            "roe_4q": -8.03,
            "gross_profit": 8218,
            "gross_margin": 7.66,
            "gross_margin_4q_avg": 7.91,
            "net_income": -17065,
            "net_income_4q": null,
            "revenue": 107348,
            "revenue_4q": null,
            "common_shares": 916288,
            "book_valuer_per_share": 7.98,
            "book_valuer_per_share_4q_avg": 8.2,
            "equity": 732274,
            "current_ratio": 1096.65,
            "debt_ratio": 5.35,
            "inventory_turnover_ratio": 3.04,
            "account_receivable_turnover_ratio": 3.08,
            "reinvestment_rate": null,
            "research_to_sale_ratio": 4.96,
            "price_fair": 0,
            "eps_avg_yearly": 0,
            "eps_latest_yearly": 0,
            "eps_growth_yearly": 0
        },
        "20203": {
            "year_quarter": 20203,
            "year": 2020,
            "quarter": 3,
            "eps": -0.21,
            "eps_growth_year": null,
            "eps_4q": -0.61,
            "eps_4q_growth_year": null,
            "roe": -3.36,
            "roe_4q": -8.26,
            "gross_profit": 13347,
            "gross_margin": 11.64,
            "gross_margin_4q_avg": 10.51,
            "net_income": -25261,
            "net_income_4q": null,
            "revenue": 114647,
            "revenue_4q": null,
            "common_shares": 916288,
            "book_valuer_per_share": 7.69,
            "book_valuer_per_share_4q_avg": 8.03,
            "equity": 772965,
            "current_ratio": 635.45,
            "debt_ratio": 13.68,
            "inventory_turnover_ratio": 1.33,
            "account_receivable_turnover_ratio": 2.6,
            "reinvestment_rate": null,
            "research_to_sale_ratio": 10.98,
            "price_fair": 0,
            "eps_avg_yearly": 0,
            "eps_latest_yearly": 0,
            "eps_growth_yearly": 0
        },
        "20204": {
            "year_quarter": 20204,
            "year": 2020,
            "quarter": 4,
            "eps": -0.18,
            "eps_growth_year": null,
            "eps_4q": -0.69,
            "eps_4q_growth_year": null,
            "roe": -3.15,
            "roe_4q": -10.189999999999998,
            "gross_profit": 14278,
            "gross_margin": 11.49,
            "gross_margin_4q_avg": 11.84,
            "net_income": -23983,
            "net_income_4q": null,
            "revenue": 124246,
            "revenue_4q": null,
            "common_shares": 916288,
            "book_valuer_per_share": 7.49,
            "book_valuer_per_share_4q_avg": 7.83,
            "equity": 747384,
            "current_ratio": 630.76,
            "debt_ratio": 13.72,
            "inventory_turnover_ratio": 0.98,
            "account_receivable_turnover_ratio": 2.21,
            "reinvestment_rate": null,
            "research_to_sale_ratio": 12.73,
            "price_fair": 0,
            "eps_avg_yearly": 0,
            "eps_latest_yearly": 0,
            "eps_growth_yearly": 0
        },
        "20211": {
            "year_quarter": 20211,
            "year": 2021,
            "quarter": 1,
            "eps": -0.18,
            "eps_growth_year": null,
            "eps_4q": -0.77,
            "eps_4q_growth_year": null,
            "roe": -3.05,
            "roe_4q": -11.86,
            "gross_profit": 15708,
            "gross_margin": 13.68,
            "gross_margin_4q_avg": 11.12,
            "net_income": -22483,
            "net_income_4q": null,
            "revenue": 114829,
            "revenue_4q": null,
            "common_shares": 916288,
            "book_valuer_per_share": 7.31,
            "book_valuer_per_share_4q_avg": 7.62,
            "equity": 725201,
            "current_ratio": 724.7,
            "debt_ratio": 11.57,
            "inventory_turnover_ratio": 0.91,
            "account_receivable_turnover_ratio": 2.06,
            "reinvestment_rate": null,
            "research_to_sale_ratio": 10.03,
            "price_fair": 0,
            "eps_avg_yearly": 0,
            "eps_latest_yearly": 0,
            "eps_growth_yearly": 0
        },
        "20212": {
            "year_quarter": 20212,
            "year": 2021,
            "quarter": 2,
            "eps": -0.28,
            "eps_growth_year": null,
            "eps_4q": -0.86,
            "eps_4q_growth_year": null,
            "roe": -4.52,
            "roe_4q": -14.079999999999998,
            "gross_profit": 9214,
            "gross_margin": 14.81,
            "gross_margin_4q_avg": 12.91,
            "net_income": -32032,
            "net_income_4q": null,
            "revenue": 62215,
            "revenue_4q": null,
            "common_shares": 916288,
            "book_valuer_per_share": 7.03,
            "book_valuer_per_share_4q_avg": 7.38,
            "equity": 693079,
            "current_ratio": 777.39,
            "debt_ratio": 11.08,
            "inventory_turnover_ratio": 0.49,
            "account_receivable_turnover_ratio": 1.72,
            "reinvestment_rate": null,
            "research_to_sale_ratio": 18.76,
            "price_fair": 0,
            "eps_avg_yearly": 0,
            "eps_latest_yearly": 0,
            "eps_growth_yearly": 0
        },
        "20213": {
            "year_quarter": 20213,
            "year": 2021,
            "quarter": 3,
            "eps": -0.15,
            "eps_growth_year": null,
            "eps_4q": -0.79,
            "eps_4q_growth_year": null,
            "roe": -2.62,
            "roe_4q": -13.34,
            "gross_profit": 14499,
            "gross_margin": 21.14,
            "gross_margin_4q_avg": 15.28,
            "net_income": -17944,
            "net_income_4q": null,
            "revenue": 68587,
            "revenue_4q": null,
            "common_shares": 916288,
            "book_valuer_per_share": 6.88,
            "book_valuer_per_share_4q_avg": 7.18,
            "equity": 675315,
            "current_ratio": 671.03,
            "debt_ratio": 12.16,
            "inventory_turnover_ratio": 0.51,
            "account_receivable_turnover_ratio": 2.86,
            "reinvestment_rate": null,
            "research_to_sale_ratio": 14.67,
            "price_fair": 0,
            "eps_avg_yearly": 0,
            "eps_latest_yearly": 0,
            "eps_growth_yearly": 0
        },
        "20214": {
            "year_quarter": 20214,
            "year": 2021,
            "quarter": 4,
            "eps": -0.17,
            "eps_growth_year": null,
            "eps_4q": -0.78,
            "eps_4q_growth_year": null,
            "roe": -2.62,
            "roe_4q": -12.809999999999999,
            "gross_profit": 21852,
            "gross_margin": 26.21,
            "gross_margin_4q_avg": 18.96,
            "net_income": -17545,
            "net_income_4q": null,
            "revenue": 83359,
            "revenue_4q": null,
            "common_shares": 916288,
            "book_valuer_per_share": 6.79,
            "book_valuer_per_share_4q_avg": 7,
            "equity": 665008,
            "current_ratio": 675.69,
            "debt_ratio": 12.13,
            "inventory_turnover_ratio": 0.59,
            "account_receivable_turnover_ratio": 2.45,
            "reinvestment_rate": null,
            "research_to_sale_ratio": 15.13,
            "price_fair": 0,
            "eps_avg_yearly": 0,
            "eps_latest_yearly": 0,
            "eps_growth_yearly": 0
        },
        "20221": {
            "year_quarter": 20221,
            "year": 2022,
            "quarter": 1,
            "eps": -0.14,
            "eps_growth_year": null,
            "eps_4q": -0.73,
            "eps_4q_growth_year": null,
            "roe": -2.44,
            "roe_4q": -12.2,
            "gross_profit": 17311,
            "gross_margin": 19.19,
            "gross_margin_4q_avg": 20.34,
            "net_income": -16033,
            "net_income_4q": null,
            "revenue": 90225,
            "revenue_4q": null,
            "common_shares": 916288,
            "book_valuer_per_share": 6.65,
            "book_valuer_per_share_4q_avg": 6.84,
            "equity": 649155,
            "current_ratio": 674.25,
            "debt_ratio": 12.17,
            "inventory_turnover_ratio": 0.72,
            "account_receivable_turnover_ratio": 2,
            "reinvestment_rate": null,
            "research_to_sale_ratio": 11.57,
            "price_fair": 0,
            "eps_avg_yearly": 0,
            "eps_latest_yearly": 0,
            "eps_growth_yearly": 0
        },
        "20222": {
            "year_quarter": 20222,
            "year": 2022,
            "quarter": 2,
            "eps": -0.19,
            "eps_growth_year": null,
            "eps_4q": -0.64,
            "eps_4q_growth_year": null,
            "roe": -3.39,
            "roe_4q": -11.07,
            "gross_profit": 10299,
            "gross_margin": 11.18,
            "gross_margin_4q_avg": 19.43,
            "net_income": -21649,
            "net_income_4q": null,
            "revenue": 92130,
            "revenue_4q": null,
            "common_shares": 916288,
            "book_valuer_per_share": 6.47,
            "book_valuer_per_share_4q_avg": 6.7,
            "equity": 627581,
            "current_ratio": 631.13,
            "debt_ratio": 12.71,
            "inventory_turnover_ratio": 0.76,
            "account_receivable_turnover_ratio": 2.08,
            "reinvestment_rate": null,
            "research_to_sale_ratio": 10.96,
            "price_fair": 0,
            "eps_avg_yearly": 0,
            "eps_latest_yearly": 0,
            "eps_growth_yearly": 0
        },
        "20223": {
            "year_quarter": 20223,
            "year": 2022,
            "quarter": 3,
            "eps": -0.13,
            "eps_growth_year": null,
            "eps_4q": -0.63,
            "eps_4q_growth_year": null,
            "roe": -2.92,
            "roe_4q": -11.370000000000001,
            "gross_profit": 13220,
            "gross_margin": 14.24,
            "gross_margin_4q_avg": 17.71,
            "net_income": -18065,
            "net_income_4q": null,
            "revenue": 92815,
            "revenue_4q": null,
            "common_shares": 916288,
            "book_valuer_per_share": 6.33,
            "book_valuer_per_share_4q_avg": 6.56,
            "equity": 609291,
            "current_ratio": 646.35,
            "debt_ratio": 14.26,
            "inventory_turnover_ratio": 0.69,
            "account_receivable_turnover_ratio": 2.21,
            "reinvestment_rate": null,
            "research_to_sale_ratio": 13.2,
            "price_fair": 0,
            "eps_avg_yearly": 0,
            "eps_latest_yearly": 0,
            "eps_growth_yearly": 0
        },
        "20224": {
            "year_quarter": 20224,
            "year": 2022,
            "quarter": 4,
            "eps": -0.15,
            "eps_growth_year": null,
            "eps_4q": -0.61,
            "eps_4q_growth_year": null,
            "roe": -2.32,
            "roe_4q": -11.07,
            "gross_profit": 21827,
            "gross_margin": 27.8,
            "gross_margin_4q_avg": 18.1,
            "net_income": -14052,
            "net_income_4q": null,
            "revenue": 78507,
            "revenue_4q": null,
            "common_shares": 916288,
            "book_valuer_per_share": 6.11,
            "book_valuer_per_share_4q_avg": 6.39,
            "equity": 603635,
            "current_ratio": 666.11,
            "debt_ratio": 14.67,
            "inventory_turnover_ratio": 0.51,
            "account_receivable_turnover_ratio": 1.81,
            "reinvestment_rate": null,
            "research_to_sale_ratio": 15.63,
            "price_fair": 0,
            "eps_avg_yearly": 0,
            "eps_latest_yearly": 0,
            "eps_growth_yearly": 0
        },
        "20231": {
            "year_quarter": 20231,
            "year": 2023,
            "quarter": 1,
            "eps": -0.22,
            "eps_growth_year": null,
            "eps_4q": -0.69,
            "eps_4q_growth_year": null,
            "roe": -4.68,
            "roe_4q": -13.31,
            "gross_profit": 10336,
            "gross_margin": 15.63,
            "gross_margin_4q_avg": 17.21,
            "net_income": -27902,
            "net_income_4q": null,
            "revenue": 66129,
            "revenue_4q": null,
            "common_shares": 916288,
            "book_valuer_per_share": 6.02,
            "book_valuer_per_share_4q_avg": 6.23,
            "equity": 588014,
            "current_ratio": 522.03,
            "debt_ratio": 16.77,
            "inventory_turnover_ratio": 0.5,
            "account_receivable_turnover_ratio": 2.01,
            "reinvestment_rate": null,
            "research_to_sale_ratio": 17.34,
            "price_fair": 0,
            "eps_avg_yearly": 0,
            "eps_latest_yearly": 0,
            "eps_growth_yearly": 0
        },
        "20232": {
            "year_quarter": 20232,
            "year": 2023,
            "quarter": 2,
            "eps": -0.18,
            "eps_growth_year": null,
            "eps_4q": -0.68,
            "eps_4q_growth_year": null,
            "roe": -4.2,
            "roe_4q": -14.12,
            "gross_profit": 9714,
            "gross_margin": 10.6,
            "gross_margin_4q_avg": 17.07,
            "net_income": -24648,
            "net_income_4q": null,
            "revenue": 91650,
            "revenue_4q": null,
            "common_shares": 916288,
            "book_valuer_per_share": 6.08,
            "book_valuer_per_share_4q_avg": 6.14,
            "equity": 585991,
            "current_ratio": 557.35,
            "debt_ratio": 20.12,
            "inventory_turnover_ratio": 0.76,
            "account_receivable_turnover_ratio": 2.71,
            "reinvestment_rate": null,
            "research_to_sale_ratio": 13.23,
            "price_fair": 0,
            "eps_avg_yearly": 0,
            "eps_latest_yearly": 0,
            "eps_growth_yearly": 0
        },
        "20233": {
            "year_quarter": 20233,
            "year": 2023,
            "quarter": 3,
            "eps": -0.19,
            "eps_growth_year": null,
            "eps_4q": -0.74,
            "eps_4q_growth_year": null,
            "roe": -4.28,
            "roe_4q": -15.48,
            "gross_profit": 6363,
            "gross_margin": 13.04,
            "gross_margin_4q_avg": 16.77,
            "net_income": -24986,
            "net_income_4q": null,
            "revenue": 48812,
            "revenue_4q": null,
            "common_shares": 916288,
            "book_valuer_per_share": 6.11,
            "book_valuer_per_share_4q_avg": 6.08,
            "equity": 580921,
            "current_ratio": 532.19,
            "debt_ratio": 19.96,
            "inventory_turnover_ratio": 0.46,
            "account_receivable_turnover_ratio": 1.34,
            "reinvestment_rate": null,
            "research_to_sale_ratio": 22.84,
            "price_fair": 0,
            "eps_avg_yearly": 0,
            "eps_latest_yearly": 0,
            "eps_growth_yearly": 0
        }
    },
    "months": {
        "2004-01": {
            "month": "2004-01",
            "price": "34.94",
            "revenue": 226978
        },
        "2004-02": {
            "month": "2004-02",
            "price": "31.31",
            "revenue": 292028
        },
        "2004-03": {
            "month": "2004-03",
            "price": "35.52",
            "revenue": 394711
        },
        "2004-04": {
            "month": "2004-04",
            "price": "44.91",
            "revenue": 353349
        },
        "2004-05": {
            "month": "2004-05",
            "price": "39.75",
            "revenue": 371427
        },
        "2004-06": {
            "month": "2004-06",
            "price": "34.96",
            "revenue": 391609
        },
        "2004-07": {
            "month": "2004-07",
            "price": "33.17",
            "revenue": 455288
        },
        "2004-08": {
            "month": "2004-08",
            "price": "29.30",
            "revenue": 452211
        },
        "2004-09": {
            "month": "2004-09",
            "price": "26.13",
            "revenue": 579226
        },
        "2004-10": {
            "month": "2004-10",
            "price": "26.94",
            "revenue": 668518
        },
        "2004-11": {
            "month": "2004-11",
            "price": "27.15",
            "revenue": 849754
        },
        "2004-12": {
            "month": "2004-12",
            "price": "25.56",
            "revenue": 653863
        },
        "2005-01": {
            "month": "2005-01",
            "price": "23.75",
            "revenue": 538050
        },
        "2005-02": {
            "month": "2005-02",
            "price": "26.04",
            "revenue": 468821
        },
        "2005-03": {
            "month": "2005-03",
            "price": "29.82",
            "revenue": 642829
        },
        "2005-04": {
            "month": "2005-04",
            "price": "33.17",
            "revenue": 494658
        },
        "2005-05": {
            "month": "2005-05",
            "price": "31.30",
            "revenue": 466692
        },
        "2005-06": {
            "month": "2005-06",
            "price": "33.63",
            "revenue": 492075
        },
        "2005-07": {
            "month": "2005-07",
            "price": "40.04",
            "revenue": 523860
        },
        "2005-08": {
            "month": "2005-08",
            "price": "33.26",
            "revenue": 493535
        },
        "2005-09": {
            "month": "2005-09",
            "price": "24.97",
            "revenue": 698821
        },
        "2005-10": {
            "month": "2005-10",
            "price": "22.04",
            "revenue": 638171
        },
        "2005-11": {
            "month": "2005-11",
            "price": "21.46",
            "revenue": 662979
        },
        "2005-12": {
            "month": "2005-12",
            "price": "23.50",
            "revenue": 851339
        },
        "2006-01": {
            "month": "2006-01",
            "price": "30.32",
            "revenue": 439986
        },
        "2006-02": {
            "month": "2006-02",
            "price": "27.22",
            "revenue": 602213
        },
        "2006-03": {
            "month": "2006-03",
            "price": "25.06",
            "revenue": 424850
        },
        "2006-04": {
            "month": "2006-04",
            "price": "25.67",
            "revenue": 381260
        },
        "2006-05": {
            "month": "2006-05",
            "price": "23.68",
            "revenue": 324813
        },
        "2006-06": {
            "month": "2006-06",
            "price": "20.27",
            "revenue": 369585
        },
        "2006-07": {
            "month": "2006-07",
            "price": "18.63",
            "revenue": 463983
        },
        "2006-08": {
            "month": "2006-08",
            "price": "18.05",
            "revenue": 515910
        },
        "2006-09": {
            "month": "2006-09",
            "price": "18.07",
            "revenue": 683934
        },
        "2006-10": {
            "month": "2006-10",
            "price": "18.96",
            "revenue": 939247
        },
        "2006-11": {
            "month": "2006-11",
            "price": "23.83",
            "revenue": 807544
        },
        "2006-12": {
            "month": "2006-12",
            "price": "25.94",
            "revenue": 454268
        },
        "2007-01": {
            "month": "2007-01",
            "price": "24.17",
            "revenue": 850133
        },
        "2007-02": {
            "month": "2007-02",
            "price": "23.29",
            "revenue": 376060
        },
        "2007-03": {
            "month": "2007-03",
            "price": "26.61",
            "revenue": 610863
        },
        "2007-04": {
            "month": "2007-04",
            "price": "29.26",
            "revenue": 519036
        },
        "2007-05": {
            "month": "2007-05",
            "price": "27.26",
            "revenue": 760519
        },
        "2007-06": {
            "month": "2007-06",
            "price": "28.78",
            "revenue": 581964
        },
        "2007-07": {
            "month": "2007-07",
            "price": "29.21",
            "revenue": 713207
        },
        "2007-08": {
            "month": "2007-08",
            "price": "24.59",
            "revenue": 785006
        },
        "2007-09": {
            "month": "2007-09",
            "price": "17.88",
            "revenue": 990809
        },
        "2007-10": {
            "month": "2007-10",
            "price": "17.50",
            "revenue": 564780
        },
        "2007-11": {
            "month": "2007-11",
            "price": "13.91",
            "revenue": 553299
        },
        "2007-12": {
            "month": "2007-12",
            "price": "12.85",
            "revenue": 770277
        },
        "2008-01": {
            "month": "2008-01",
            "price": "12.76",
            "revenue": 613937
        },
        "2008-02": {
            "month": "2008-02",
            "price": "12.84",
            "revenue": 552437
        },
        "2008-03": {
            "month": "2008-03",
            "price": "12.55",
            "revenue": 666047
        },
        "2008-04": {
            "month": "2008-04",
            "price": "13.11",
            "revenue": 676901
        },
        "2008-05": {
            "month": "2008-05",
            "price": "15.91",
            "revenue": 798875
        },
        "2008-06": {
            "month": "2008-06",
            "price": "14.17",
            "revenue": 802021
        },
        "2008-07": {
            "month": "2008-07",
            "price": "11.12",
            "revenue": 974893
        },
        "2008-08": {
            "month": "2008-08",
            "price": "11.01",
            "revenue": 763554
        },
        "2008-09": {
            "month": "2008-09",
            "price": "7.79",
            "revenue": 529560
        },
        "2008-10": {
            "month": "2008-10",
            "price": "5.91",
            "revenue": 437825
        },
        "2008-11": {
            "month": "2008-11",
            "price": "3.27",
            "revenue": 325614
        },
        "2008-12": {
            "month": "2008-12",
            "price": "3.44",
            "revenue": 453234
        },
        "2009-01": {
            "month": "2009-01",
            "price": "3.41",
            "revenue": 135145
        },
        "2009-02": {
            "month": "2009-02",
            "price": "3.50",
            "revenue": 271626
        },
        "2009-03": {
            "month": "2009-03",
            "price": "5.30",
            "revenue": 338544
        },
        "2009-04": {
            "month": "2009-04",
            "price": "5.58",
            "revenue": 245594
        },
        "2009-05": {
            "month": "2009-05",
            "price": "3.22",
            "revenue": 333764
        },
        "2009-06": {
            "month": "2009-06",
            "price": "2.59",
            "revenue": 553398
        },
        "2009-07": {
            "month": "2009-07",
            "price": "2.39",
            "revenue": 387863
        },
        "2009-08": {
            "month": "2009-08",
            "price": "2.97",
            "revenue": 537719
        },
        "2009-09": {
            "month": "2009-09",
            "price": "3.38",
            "revenue": 942062
        },
        "2009-10": {
            "month": "2009-10",
            "price": "10.64",
            "revenue": 1138852
        },
        "2009-11": {
            "month": "2009-11",
            "price": "46.05",
            "revenue": 1118050
        },
        "2009-12": {
            "month": "2009-12",
            "price": "73.11",
            "revenue": 890626
        },
        "2010-01": {
            "month": "2010-01",
            "price": "105.77",
            "revenue": 882547
        },
        "2010-02": {
            "month": "2010-02",
            "price": "88.67",
            "revenue": 623249
        },
        "2010-03": {
            "month": "2010-03",
            "price": "97.55",
            "revenue": 920274
        },
        "2010-04": {
            "month": "2010-04",
            "price": "89.37",
            "revenue": 680761
        },
        "2010-05": {
            "month": "2010-05",
            "price": "71.13",
            "revenue": 985450
        },
        "2010-06": {
            "month": "2010-06",
            "price": "72.30",
            "revenue": 1321154
        },
        "2010-07": {
            "month": "2010-07",
            "price": "75.88",
            "revenue": 1225935
        },
        "2010-08": {
            "month": "2010-08",
            "price": "67.44",
            "revenue": 874103
        },
        "2010-09": {
            "month": "2010-09",
            "price": "54.82",
            "revenue": 715765
        },
        "2010-10": {
            "month": "2010-10",
            "price": "46.10",
            "revenue": 270014
        },
        "2010-11": {
            "month": "2010-11",
            "price": "38.35",
            "revenue": 340637
        },
        "2010-12": {
            "month": "2010-12",
            "price": "38.48",
            "revenue": 682025
        },
        "2011-01": {
            "month": "2011-01",
            "price": "38.62",
            "revenue": 373424
        },
        "2011-02": {
            "month": "2011-02",
            "price": "42.64",
            "revenue": 422805
        },
        "2011-03": {
            "month": "2011-03",
            "price": "37.56",
            "revenue": 553694
        },
        "2011-04": {
            "month": "2011-04",
            "price": "34.86",
            "revenue": 389579
        },
        "2011-05": {
            "month": "2011-05",
            "price": "30.95",
            "revenue": 485266
        },
        "2011-06": {
            "month": "2011-06",
            "price": "26.86",
            "revenue": 524494
        },
        "2011-07": {
            "month": "2011-07",
            "price": "20.67",
            "revenue": 336127
        },
        "2011-08": {
            "month": "2011-08",
            "price": "16.60",
            "revenue": 150459
        },
        "2011-09": {
            "month": "2011-09",
            "price": "18.43",
            "revenue": 218173
        },
        "2011-10": {
            "month": "2011-10",
            "price": "19.19",
            "revenue": 207993
        },
        "2011-11": {
            "month": "2011-11",
            "price": "16.76",
            "revenue": 226943
        },
        "2011-12": {
            "month": "2011-12",
            "price": "13.73",
            "revenue": 250100
        },
        "2012-01": {
            "month": "2012-01",
            "price": "14.43",
            "revenue": 207213
        },
        "2012-02": {
            "month": "2012-02",
            "price": "19.29",
            "revenue": 151321
        },
        "2012-03": {
            "month": "2012-03",
            "price": "18.48",
            "revenue": 317276
        },
        "2012-04": {
            "month": "2012-04",
            "price": "15.34",
            "revenue": 282932
        },
        "2012-05": {
            "month": "2012-05",
            "price": "17.66",
            "revenue": 311557
        },
        "2012-06": {
            "month": "2012-06",
            "price": "18.89",
            "revenue": 301549
        },
        "2012-07": {
            "month": "2012-07",
            "price": "18.45",
            "revenue": 169706
        },
        "2012-08": {
            "month": "2012-08",
            "price": "17.35",
            "revenue": 85527
        },
        "2012-09": {
            "month": "2012-09",
            "price": "16.53",
            "revenue": 69125
        },
        "2012-10": {
            "month": "2012-10",
            "price": "14.32",
            "revenue": 75911
        },
        "2012-11": {
            "month": "2012-11",
            "price": "11.98",
            "revenue": 61641
        },
        "2012-12": {
            "month": "2012-12",
            "price": "13.67",
            "revenue": 82962
        },
        "2013-01": {
            "month": "2013-01",
            "price": "15.11",
            "revenue": 148748
        },
        "2013-02": {
            "month": "2013-02",
            "price": "16.38",
            "revenue": 119450
        },
        "2013-03": {
            "month": "2013-03",
            "price": "16.63",
            "revenue": 280401
        },
        "2013-04": {
            "month": "2013-04",
            "price": "19.56",
            "revenue": 75591
        },
        "2013-05": {
            "month": "2013-05",
            "price": "23.02",
            "revenue": 66322
        },
        "2013-06": {
            "month": "2013-06",
            "price": "22.17",
            "revenue": 138366
        },
        "2013-07": {
            "month": "2013-07",
            "price": "20.40",
            "revenue": 70237
        },
        "2013-08": {
            "month": "2013-08",
            "price": "17.77",
            "revenue": 66868
        },
        "2013-09": {
            "month": "2013-09",
            "price": "17.88",
            "revenue": 135764
        },
        "2013-10": {
            "month": "2013-10",
            "price": "17.94",
            "revenue": 92629
        },
        "2013-11": {
            "month": "2013-11",
            "price": "15.10",
            "revenue": 103925
        },
        "2013-12": {
            "month": "2013-12",
            "price": "15.14",
            "revenue": 253381
        },
        "2014-01": {
            "month": "2014-01",
            "price": "17.41",
            "revenue": 104447
        },
        "2014-02": {
            "month": "2014-02",
            "price": "17.18",
            "revenue": 144120
        },
        "2014-03": {
            "month": "2014-03",
            "price": "17.50",
            "revenue": 106292
        },
        "2014-04": {
            "month": "2014-04",
            "price": "17.40",
            "revenue": 211587
        },
        "2014-05": {
            "month": "2014-05",
            "price": "16.65",
            "revenue": 129683
        },
        "2014-06": {
            "month": "2014-06",
            "price": "17.34",
            "revenue": 178367
        },
        "2014-07": {
            "month": "2014-07",
            "price": "19.97",
            "revenue": 131494
        },
        "2014-08": {
            "month": "2014-08",
            "price": "21.23",
            "revenue": 87422
        },
        "2014-09": {
            "month": "2014-09",
            "price": "18.18",
            "revenue": 90742
        },
        "2014-10": {
            "month": "2014-10",
            "price": "14.84",
            "revenue": 82570
        },
        "2014-11": {
            "month": "2014-11",
            "price": "13.73",
            "revenue": 64081
        },
        "2014-12": {
            "month": "2014-12",
            "price": "14.71",
            "revenue": 98419
        },
        "2015-01": {
            "month": "2015-01",
            "price": "15.40",
            "revenue": 44376
        },
        "2015-02": {
            "month": "2015-02",
            "price": "14.57",
            "revenue": 30527
        },
        "2015-03": {
            "month": "2015-03",
            "price": "14.12",
            "revenue": 45814
        },
        "2015-04": {
            "month": "2015-04",
            "price": "12.90",
            "revenue": 35089
        },
        "2015-05": {
            "month": "2015-05",
            "price": "10.17",
            "revenue": 32110
        },
        "2015-06": {
            "month": "2015-06",
            "price": "8.15",
            "revenue": 76051
        },
        "2015-07": {
            "month": "2015-07",
            "price": "6.84",
            "revenue": 60761
        },
        "2015-08": {
            "month": "2015-08",
            "price": "5.10",
            "revenue": 53592
        },
        "2015-09": {
            "month": "2015-09",
            "price": "6.74",
            "revenue": 36587
        },
        "2015-10": {
            "month": "2015-10",
            "price": "7.32",
            "revenue": 61716
        },
        "2015-11": {
            "month": "2015-11",
            "price": "7.63",
            "revenue": 46789
        },
        "2015-12": {
            "month": "2015-12",
            "price": "7.41",
            "revenue": 58248
        },
        "2016-01": {
            "month": "2016-01",
            "price": "6.41",
            "revenue": 49230
        },
        "2016-02": {
            "month": "2016-02",
            "price": "6.81",
            "revenue": 37085
        },
        "2016-03": {
            "month": "2016-03",
            "price": "8.44",
            "revenue": 38095
        },
        "2016-04": {
            "month": "2016-04",
            "price": "8.75",
            "revenue": 33438
        },
        "2016-05": {
            "month": "2016-05",
            "price": "7.96",
            "revenue": 32216
        },
        "2016-06": {
            "month": "2016-06",
            "price": "10.35",
            "revenue": 78111
        },
        "2016-07": {
            "month": "2016-07",
            "price": "13.32",
            "revenue": 40190
        },
        "2016-08": {
            "month": "2016-08",
            "price": "11.91",
            "revenue": 51805
        },
        "2016-09": {
            "month": "2016-09",
            "price": "12.58",
            "revenue": 68859
        },
        "2016-10": {
            "month": "2016-10",
            "price": "11.82",
            "revenue": 53082
        },
        "2016-11": {
            "month": "2016-11",
            "price": "10.40",
            "revenue": 51087
        },
        "2016-12": {
            "month": "2016-12",
            "price": "10.52",
            "revenue": 72125
        },
        "2017-01": {
            "month": "2017-01",
            "price": "10.54",
            "revenue": 29579
        },
        "2017-02": {
            "month": "2017-02",
            "price": "11.01",
            "revenue": 28488
        },
        "2017-03": {
            "month": "2017-03",
            "price": "11.28",
            "revenue": 42695
        },
        "2017-04": {
            "month": "2017-04",
            "price": "10.45",
            "revenue": 74346
        },
        "2017-05": {
            "month": "2017-05",
            "price": "10.26",
            "revenue": 49724
        },
        "2017-06": {
            "month": "2017-06",
            "price": "10.33",
            "revenue": 59731
        },
        "2017-07": {
            "month": "2017-07",
            "price": "9.53",
            "revenue": 68336
        },
        "2017-08": {
            "month": "2017-08",
            "price": "8.79",
            "revenue": 58199
        },
        "2017-09": {
            "month": "2017-09",
            "price": "9.40",
            "revenue": 55530
        },
        "2017-10": {
            "month": "2017-10",
            "price": "9.48",
            "revenue": 55578
        },
        "2017-11": {
            "month": "2017-11",
            "price": "9.48",
            "revenue": 43574
        },
        "2017-12": {
            "month": "2017-12",
            "price": "8.96",
            "revenue": 54416
        },
        "2018-01": {
            "month": "2018-01",
            "price": "8.99",
            "revenue": 41580
        },
        "2018-02": {
            "month": "2018-02",
            "price": "8.87",
            "revenue": 41033
        },
        "2018-03": {
            "month": "2018-03",
            "price": "9.56",
            "revenue": 66931
        },
        "2018-04": {
            "month": "2018-04",
            "price": "9.30",
            "revenue": 58374
        },
        "2018-05": {
            "month": "2018-05",
            "price": "10.88",
            "revenue": 39437
        },
        "2018-06": {
            "month": "2018-06",
            "price": "11.51",
            "revenue": 54533
        },
        "2018-07": {
            "month": "2018-07",
            "price": "10.13",
            "revenue": 55530
        },
        "2018-08": {
            "month": "2018-08",
            "price": "9.46",
            "revenue": 54093
        },
        "2018-09": {
            "month": "2018-09",
            "price": "8.31",
            "revenue": 42834
        },
        "2018-10": {
            "month": "2018-10",
            "price": "6.68",
            "revenue": 42414
        },
        "2018-11": {
            "month": "2018-11",
            "price": "6.53",
            "revenue": 33190
        },
        "2018-12": {
            "month": "2018-12",
            "price": "6.42",
            "revenue": 56113
        },
        "2019-01": {
            "month": "2019-01",
            "price": "6.28",
            "revenue": 35405
        },
        "2019-02": {
            "month": "2019-02",
            "price": "7.16",
            "revenue": 88351
        },
        "2019-03": {
            "month": "2019-03",
            "price": "8.64",
            "revenue": 104553
        },
        "2019-04": {
            "month": "2019-04",
            "price": "8.75",
            "revenue": 68903
        },
        "2019-05": {
            "month": "2019-05",
            "price": "7.58",
            "revenue": 68529
        },
        "2019-06": {
            "month": "2019-06",
            "price": "6.87",
            "revenue": 65128
        },
        "2019-07": {
            "month": "2019-07",
            "price": "7.62",
            "revenue": 78715
        },
        "2019-08": {
            "month": "2019-08",
            "price": "7.19",
            "revenue": 230301
        },
        "2019-09": {
            "month": "2019-09",
            "price": "8.70",
            "revenue": 122694
        },
        "2019-10": {
            "month": "2019-10",
            "price": "9.02",
            "revenue": 59852
        },
        "2019-11": {
            "month": "2019-11",
            "price": "8.34",
            "revenue": 47596
        },
        "2019-12": {
            "month": "2019-12",
            "price": "7.93",
            "revenue": 29110
        },
        "2020-01": {
            "month": "2020-01",
            "price": "7.70",
            "revenue": 22578
        },
        "2020-02": {
            "month": "2020-02",
            "price": "7.01",
            "revenue": 29293
        },
        "2020-03": {
            "month": "2020-03",
            "price": "5.55",
            "revenue": 40733
        },
        "2020-04": {
            "month": "2020-04",
            "price": "5.40",
            "revenue": 23594
        },
        "2020-05": {
            "month": "2020-05",
            "price": "6.09",
            "revenue": 43452
        },
        "2020-06": {
            "month": "2020-06",
            "price": "6.14",
            "revenue": 40277
        },
        "2020-07": {
            "month": "2020-07",
            "price": "6.43",
            "revenue": 29141
        },
        "2020-08": {
            "month": "2020-08",
            "price": "6.39",
            "revenue": 43914
        },
        "2020-09": {
            "month": "2020-09",
            "price": "7.03",
            "revenue": 41143
        },
        "2020-10": {
            "month": "2020-10",
            "price": "6.97",
            "revenue": 12774
        },
        "2020-11": {
            "month": "2020-11",
            "price": "6.81",
            "revenue": 38101
        },
        "2020-12": {
            "month": "2020-12",
            "price": "9.18",
            "revenue": 73824
        },
        "2021-01": {
            "month": "2021-01",
            "price": "10.57",
            "revenue": 31141
        },
        "2021-02": {
            "month": "2021-02",
            "price": "10.58",
            "revenue": 24807
        },
        "2021-03": {
            "month": "2021-03",
            "price": "10.73",
            "revenue": 58905
        },
        "2021-04": {
            "month": "2021-04",
            "price": "16.61",
            "revenue": 34891
        },
        "2021-05": {
            "month": "2021-05",
            "price": "14.30",
            "revenue": 15505
        },
        "2021-06": {
            "month": "2021-06",
            "price": "14.34",
            "revenue": 11796
        },
        "2021-07": {
            "month": "2021-07",
            "price": "15.54",
            "revenue": 14279
        },
        "2021-08": {
            "month": "2021-08",
            "price": "13.51",
            "revenue": 36197
        },
        "2021-09": {
            "month": "2021-09",
            "price": "11.92",
            "revenue": 18109
        },
        "2021-10": {
            "month": "2021-10",
            "price": "10.58",
            "revenue": 28946
        },
        "2021-11": {
            "month": "2021-11",
            "price": "11.88",
            "revenue": 25056
        },
        "2021-12": {
            "month": "2021-12",
            "price": "13.18",
            "revenue": 29358
        },
        "2022-01": {
            "month": "2022-01",
            "price": "12.52",
            "revenue": 37886
        },
        "2022-02": {
            "month": "2022-02",
            "price": "12.37",
            "revenue": 27329
        },
        "2022-03": {
            "month": "2022-03",
            "price": "11.88",
            "revenue": 25009
        },
        "2022-04": {
            "month": "2022-04",
            "price": "11.00",
            "revenue": 20807
        },
        "2022-05": {
            "month": "2022-05",
            "price": "9.88",
            "revenue": 42753
        },
        "2022-06": {
            "month": "2022-06",
            "price": "10.13",
            "revenue": 28569
        },
        "2022-07": {
            "month": "2022-07",
            "price": "9.22",
            "revenue": 17725
        },
        "2022-08": {
            "month": "2022-08",
            "price": "9.48",
            "revenue": 49372
        },
        "2022-09": {
            "month": "2022-09",
            "price": "9.55",
            "revenue": 25718
        },
        "2022-10": {
            "month": "2022-10",
            "price": "8.65",
            "revenue": 19413
        },
        "2022-11": {
            "month": "2022-11",
            "price": "8.49",
            "revenue": 24540
        },
        "2022-12": {
            "month": "2022-12",
            "price": "8.39",
            "revenue": 35021
        },
        "2023-01": {
            "month": "2023-01",
            "price": "8.05",
            "revenue": 38206
        },
        "2023-02": {
            "month": "2023-02",
            "price": "8.92",
            "revenue": 9185
        },
        "2023-03": {
            "month": "2023-03",
            "price": "9.79",
            "revenue": 18738
        },
        "2023-04": {
            "month": "2023-04",
            "price": "10.41",
            "revenue": 20688
        },
        "2023-05": {
            "month": "2023-05",
            "price": "9.77",
            "revenue": 31687
        },
        "2023-06": {
            "month": "2023-06",
            "price": "12.15",
            "revenue": 39274
        },
        "2023-07": {
            "month": "2023-07",
            "price": "12.37",
            "revenue": 15201
        },
        "2023-08": {
            "month": "2023-08",
            "price": "11.58",
            "revenue": 13922
        },
        "2023-09": {
            "month": "2023-09",
            "price": "11.68",
            "revenue": 19689
        },
        "2023-10": {
            "month": "2023-10",
            "price": "11.95",
            "revenue": 16628
        },
        "2023-11": {
            "month": "2023-11",
            "price": "11.90",
            "revenue": 16866
        },
        "2023-12": {
            "month": "2023-12",
            "price": "12.00",
            "revenue": 27069
        }
    }
}
