{
    "summary": {
        "stock_name": "生展",
        "stock_id": "8279",
        "category": "生技醫療",
        "main_business": "微生物醫藥原料藥製造、銷售、買賣業<br>生化營養品製造、銷售、買賣業<br>預防醫學、動物保健銷售、買賣業",
        "website_url": "http://www.syngen.com.tw",
        "ceo": "陳威仁",
        "pe_ratio": 15,
        "report_year_from": 2001,
        "report_year_to": 2023,
        "age": 22,
        "eps_negative_percentage": 0,
        "eps_growth_avg": {
            "last_all": 30.52,
            "last_2y": 15.57,
            "last_4y": 12.67,
            "last_8y": null,
            "last_12y": null,
            "last_16y": null,
            "last_20y": null,
            "at_2006_last_3y": null,
            "at_2007_last_3y": null,
            "at_2008_last_3y": null,
            "at_2009_last_3y": null,
            "at_2010_last_3y": null,
            "at_2011_last_3y": null,
            "at_2012_last_3y": null,
            "at_2013_last_3y": null,
            "at_2014_last_3y": null,
            "at_2015_last_3y": null,
            "at_2016_last_3y": null,
            "at_2017_last_3y": null,
            "at_2018_last_3y": null,
            "at_2019_last_3y": 41.74,
            "at_2020_last_3y": 17.06,
            "at_2021_last_3y": 7.06,
            "at_2022_last_3y": 20.11,
            "at_2023_last_3y": 20.11,
            "at_2006_last_all": null,
            "at_2007_last_all": null,
            "at_2008_last_all": null,
            "at_2009_last_all": null,
            "at_2010_last_all": null,
            "at_2011_last_all": null,
            "at_2012_last_all": null,
            "at_2013_last_all": null,
            "at_2014_last_all": null,
            "at_2015_last_all": null,
            "at_2016_last_all": null,
            "at_2017_last_all": 75.16,
            "at_2018_last_all": 44.41,
            "at_2019_last_all": 41.74,
            "at_2020_last_all": 33.65,
            "at_2021_last_all": 29.76,
            "at_2022_last_all": 30.52,
            "at_2023_last_all": 30.52
        },
        "latest_eps": 12.13,
        "latest_price": 180.5,
        "latest_roe": 17.95,
        "latest_gross_margin": 37.61,
        "latest_equity": 1929117,
        "latest_revenue": 444103,
        "latest_gross_profit": 167029,
        "latest_net_income": 72919,
        "latest_debt_ratio": 36.77,
        "latest_current_ratio": 140.04,
        "latest_account_receivable_turnover_ratio": 1.04,
        "latest_inventory_turnover_ratio": 0.72,
        "latest_reinvestment_rate": 111.36,
        "latest_research_to_sale_ratio": 2.48
    },
    "eps_dividends": {
        "2001": {
            "cash": 0,
            "stock": 0,
            "eps": 0
        },
        "2002": {
            "cash": 0,
            "stock": 0,
            "eps": 0
        },
        "2003": {
            "cash": 0,
            "stock": 0,
            "eps": 0
        },
        "2004": {
            "cash": 0,
            "stock": 0,
            "eps": 0
        },
        "2005": {
            "cash": 0,
            "stock": 0,
            "eps": 0
        },
        "2006": {
            "cash": 0,
            "stock": 0,
            "eps": 0
        },
        "2007": {
            "cash": 0,
            "stock": 0,
            "eps": 0
        },
        "2008": {
            "cash": 0,
            "stock": 0,
            "eps": 0
        },
        "2009": {
            "cash": 0,
            "stock": 0,
            "eps": 0
        },
        "2010": {
            "cash": 0,
            "stock": 0,
            "eps": 0
        },
        "2011": {
            "cash": 0,
            "stock": 0,
            "eps": 0
        },
        "2012": {
            "cash": 0,
            "stock": 0,
            "eps": 0
        },
        "2013": {
            "cash": 0,
            "stock": 0,
            "eps": 0
        },
        "2014": {
            "cash": 0,
            "stock": 0,
            "eps": 0
        },
        "2015": {
            "cash": 0,
            "stock": 0,
            "eps": 1.14
        },
        "2016": {
            "cash": 1,
            "stock": 0,
            "eps": 4.71
        },
        "2017": {
            "cash": 1,
            "stock": 0,
            "eps": 7.08
        },
        "2018": {
            "cash": 1,
            "stock": 1,
            "eps": 5.87
        },
        "2019": {
            "cash": 3,
            "stock": 0,
            "eps": 7.85
        },
        "2020": {
            "cash": 3,
            "stock": 0,
            "eps": 7.95
        },
        "2021": {
            "cash": 4,
            "stock": 0,
            "eps": 8.77
        },
        "2022": {
            "cash": 4,
            "stock": 0,
            "eps": 11.85
        },
        "2023": {
            "cash": 5,
            "stock": 0,
            "eps": 2.69
        }
    },
    "dividends": {
        "2016-07-14": {
            "cash": 0.5,
            "stock": 0
        },
        "2017-07-19": {
            "cash": 1,
            "stock": 0
        },
        "2018-08-14": {
            "cash": 1,
            "stock": 1
        },
        "2019-07-29": {
            "cash": 2.5,
            "stock": 0
        },
        "2020-07-29": {
            "cash": 3,
            "stock": 0
        },
        "2021-10-05": {
            "cash": 3.5,
            "stock": 0
        },
        "2022-07-14": {
            "cash": 4,
            "stock": 0
        },
        "2023-03-07": {
            "cash": 5,
            "stock": 0
        }
    },
    "prices": {
        "200101": "無",
        "200102": "無",
        "200103": "無",
        "200104": "無",
        "200105": "無",
        "200106": "無",
        "200107": "無",
        "200108": "無",
        "200109": "無",
        "200110": "無",
        "200111": "無",
        "200112": "無",
        "200201": "無",
        "200202": "無",
        "200203": "無",
        "200204": "無",
        "200205": "無",
        "200206": "無",
        "200207": "無",
        "200208": "無",
        "200209": "無",
        "200210": "無",
        "200211": "無",
        "200212": "無",
        "200301": "無",
        "200302": "無",
        "200303": "無",
        "200304": "無",
        "200305": "無",
        "200306": "無",
        "200307": "無",
        "200308": "無",
        "200309": "無",
        "200310": "無",
        "200311": "無",
        "200312": "無",
        "200401": "無",
        "200402": "無",
        "200403": "無",
        "200404": "無",
        "200405": "無",
        "200406": "無",
        "200407": "無",
        "200408": "無",
        "200409": "無",
        "200410": "無",
        "200411": "無",
        "200412": "無",
        "200501": "無",
        "200502": "無",
        "200503": "無",
        "200504": "無",
        "200505": "無",
        "200506": "無",
        "200507": "無",
        "200508": "無",
        "200509": "無",
        "200510": "無",
        "200511": "無",
        "200512": "無",
        "200601": "無",
        "200602": "無",
        "200603": "無",
        "200604": "無",
        "200605": "無",
        "200606": "無",
        "200607": "無",
        "200608": "無",
        "200609": "無",
        "200610": "無",
        "200611": "無",
        "200612": "無",
        "200701": "無",
        "200702": "無",
        "200703": "無",
        "200704": "無",
        "200705": "無",
        "200706": "無",
        "200707": "無",
        "200708": "無",
        "200709": "無",
        "200710": "無",
        "200711": "無",
        "200712": "無",
        "200801": "無",
        "200802": "無",
        "200803": "無",
        "200804": "無",
        "200805": "無",
        "200806": "無",
        "200807": "無",
        "200808": "無",
        "200809": "無",
        "200810": "無",
        "200811": "無",
        "200812": "無",
        "200901": "無",
        "200902": "無",
        "200903": "無",
        "200904": "無",
        "200905": "無",
        "200906": "無",
        "200907": "無",
        "200908": "無",
        "200909": "無",
        "200910": "無",
        "200911": "無",
        "200912": "無",
        "201001": "無",
        "201002": "無",
        "201003": "無",
        "201004": "無",
        "201005": "無",
        "201006": "無",
        "201007": "無",
        "201008": "無",
        "201009": "無",
        "201010": "無",
        "201011": "無",
        "201012": "無",
        "201101": "無",
        "201102": "無",
        "201103": "無",
        "201104": "無",
        "201105": "無",
        "201106": "無",
        "201107": "無",
        "201108": "無",
        "201109": "無",
        "201110": "無",
        "201111": "無",
        "201112": "無",
        "201201": "無",
        "201202": "無",
        "201203": "無",
        "201204": "無",
        "201205": "無",
        "201206": "無",
        "201207": "無",
        "201208": "無",
        "201209": "無",
        "201210": "無",
        "201211": "無",
        "201212": "無",
        "201301": "無",
        "201302": "無",
        "201303": "無",
        "201304": "無",
        "201305": "無",
        "201306": "無",
        "201307": "無",
        "201308": "無",
        "201309": "無",
        "201310": "無",
        "201311": "無",
        "201312": "無",
        "201401": "無",
        "201402": "無",
        "201403": "無",
        "201404": "無",
        "201405": "無",
        "201406": "無",
        "201407": "無",
        "201408": "無",
        "201409": "無",
        "201410": "無",
        "201411": "34.93",
        "201412": "34.58",
        "201501": "32.80",
        "201502": "32.93",
        "201503": "34.18",
        "201504": "34.85",
        "201505": "35.98",
        "201506": "34.32",
        "201507": "33.99",
        "201508": "37.00",
        "201509": "39.90",
        "201510": "40.31",
        "201511": "46.81",
        "201512": "58.62",
        "201601": "56.66",
        "201602": "55.41",
        "201603": "57.30",
        "201604": "56.93",
        "201605": "59.70",
        "201606": "66.90",
        "201607": "73.66",
        "201608": "74.11",
        "201609": "88.28",
        "201610": "132.95",
        "201611": "121.25",
        "201612": "113.11",
        "201701": "97.46",
        "201702": "99.86",
        "201703": "100.27",
        "201704": "94.27",
        "201705": "88.40",
        "201706": "105.98",
        "201707": "105.67",
        "201708": "134.72",
        "201709": "139.30",
        "201710": "135.16",
        "201711": "161.80",
        "201712": "160.40",
        "201801": "168.73",
        "201802": "151.92",
        "201803": "140.87",
        "201804": "160.00",
        "201805": "151.11",
        "201806": "147.68",
        "201807": "126.18",
        "201808": "107.98",
        "201809": "93.50",
        "201810": "90.14",
        "201811": "92.49",
        "201812": "97.77",
        "201901": "98.02",
        "201902": "103.65",
        "201903": "117.72",
        "201904": "117.88",
        "201905": "121.34",
        "201906": "124.13",
        "201907": "148.33",
        "201908": "141.69",
        "201909": "139.71",
        "201910": "127.71",
        "201911": "119.71",
        "201912": "117.45",
        "202001": "116.13",
        "202002": "110.82",
        "202003": "94.35",
        "202004": "94.64",
        "202005": "108.65",
        "202006": "113.22",
        "202007": "115.00",
        "202008": "125.83",
        "202009": "114.34",
        "202010": "110.21",
        "202011": "112.71",
        "202012": "109.22",
        "202101": "103.72",
        "202102": "105.05",
        "202103": "114.00",
        "202104": "115.55",
        "202105": "103.86",
        "202106": "105.29",
        "202107": "103.83",
        "202108": "93.00",
        "202109": "89.66",
        "202110": "89.56",
        "202111": "102.77",
        "202112": "110.70",
        "202201": "117.14",
        "202202": "127.07",
        "202203": "122.26",
        "202204": "128.61",
        "202205": "128.29",
        "202206": "127.83",
        "202207": "125.10",
        "202208": "154.78",
        "202209": "160.95",
        "202210": "147.16",
        "202211": "139.00",
        "202212": "157.00",
        "202301": "158.73",
        "202302": "160.69",
        "202303": "168.04",
        "202304": "178.24",
        "202305": "182.36"
    },
    "quarters": {
        "20011": {
            "year_quarter": 20011,
            "year": 2001,
            "quarter": 1,
            "eps": null,
            "eps_growth_year": null,
            "eps_4q": null,
            "eps_4q_growth_year": null,
            "roe": null,
            "gross_profit": null,
            "gross_margin": null,
            "net_income": null,
            "revenue": null,
            "common_shares": null,
            "equity": null,
            "current_ratio": null,
            "debt_ratio": null,
            "inventory_turnover_ratio": null,
            "account_receivable_turnover_ratio": null,
            "reinvestment_rate": null,
            "research_to_sale_ratio": null,
            "price_fair": 0,
            "eps_avg_yearly": 0,
            "eps_latest_yearly": 0,
            "eps_growth_yearly": 0
        },
        "20012": {
            "year_quarter": 20012,
            "year": 2001,
            "quarter": 2,
            "eps": null,
            "eps_growth_year": null,
            "eps_4q": null,
            "eps_4q_growth_year": null,
            "roe": null,
            "gross_profit": null,
            "gross_margin": null,
            "net_income": null,
            "revenue": null,
            "common_shares": null,
            "equity": null,
            "current_ratio": null,
            "debt_ratio": null,
            "inventory_turnover_ratio": null,
            "account_receivable_turnover_ratio": null,
            "reinvestment_rate": null,
            "research_to_sale_ratio": null,
            "price_fair": 0,
            "eps_avg_yearly": 0,
            "eps_latest_yearly": 0,
            "eps_growth_yearly": 0
        },
        "20013": {
            "year_quarter": 20013,
            "year": 2001,
            "quarter": 3,
            "eps": null,
            "eps_growth_year": null,
            "eps_4q": null,
            "eps_4q_growth_year": null,
            "roe": null,
            "gross_profit": null,
            "gross_margin": null,
            "net_income": null,
            "revenue": null,
            "common_shares": null,
            "equity": null,
            "current_ratio": null,
            "debt_ratio": null,
            "inventory_turnover_ratio": null,
            "account_receivable_turnover_ratio": null,
            "reinvestment_rate": null,
            "research_to_sale_ratio": null,
            "price_fair": 0,
            "eps_avg_yearly": 0,
            "eps_latest_yearly": 0,
            "eps_growth_yearly": 0
        },
        "20014": {
            "year_quarter": 20014,
            "year": 2001,
            "quarter": 4,
            "eps": null,
            "eps_growth_year": null,
            "eps_4q": null,
            "eps_4q_growth_year": null,
            "roe": null,
            "gross_profit": null,
            "gross_margin": null,
            "net_income": null,
            "revenue": null,
            "common_shares": 300000,
            "equity": 287835,
            "current_ratio": 2351.58,
            "debt_ratio": 3.43,
            "inventory_turnover_ratio": null,
            "account_receivable_turnover_ratio": null,
            "reinvestment_rate": null,
            "research_to_sale_ratio": null,
            "price_fair": 0,
            "eps_avg_yearly": 0,
            "eps_latest_yearly": 0,
            "eps_growth_yearly": 0
        },
        "20021": {
            "year_quarter": 20021,
            "year": 2002,
            "quarter": 1,
            "eps": null,
            "eps_growth_year": null,
            "eps_4q": null,
            "eps_4q_growth_year": null,
            "roe": null,
            "gross_profit": null,
            "gross_margin": null,
            "net_income": null,
            "revenue": null,
            "common_shares": null,
            "equity": null,
            "current_ratio": null,
            "debt_ratio": null,
            "inventory_turnover_ratio": null,
            "account_receivable_turnover_ratio": null,
            "reinvestment_rate": null,
            "research_to_sale_ratio": null,
            "price_fair": 0,
            "eps_avg_yearly": 0,
            "eps_latest_yearly": 0,
            "eps_growth_yearly": 0
        },
        "20022": {
            "year_quarter": 20022,
            "year": 2002,
            "quarter": 2,
            "eps": null,
            "eps_growth_year": null,
            "eps_4q": null,
            "eps_4q_growth_year": null,
            "roe": null,
            "gross_profit": null,
            "gross_margin": null,
            "net_income": null,
            "revenue": null,
            "common_shares": null,
            "equity": null,
            "current_ratio": null,
            "debt_ratio": null,
            "inventory_turnover_ratio": null,
            "account_receivable_turnover_ratio": null,
            "reinvestment_rate": null,
            "research_to_sale_ratio": null,
            "price_fair": 0,
            "eps_avg_yearly": 0,
            "eps_latest_yearly": 0,
            "eps_growth_yearly": 0
        },
        "20023": {
            "year_quarter": 20023,
            "year": 2002,
            "quarter": 3,
            "eps": null,
            "eps_growth_year": null,
            "eps_4q": null,
            "eps_4q_growth_year": null,
            "roe": null,
            "gross_profit": null,
            "gross_margin": null,
            "net_income": null,
            "revenue": null,
            "common_shares": null,
            "equity": null,
            "current_ratio": null,
            "debt_ratio": null,
            "inventory_turnover_ratio": null,
            "account_receivable_turnover_ratio": null,
            "reinvestment_rate": null,
            "research_to_sale_ratio": null,
            "price_fair": 0,
            "eps_avg_yearly": 0,
            "eps_latest_yearly": 0,
            "eps_growth_yearly": 0
        },
        "20024": {
            "year_quarter": 20024,
            "year": 2002,
            "quarter": 4,
            "eps": null,
            "eps_growth_year": null,
            "eps_4q": null,
            "eps_4q_growth_year": null,
            "roe": null,
            "gross_profit": null,
            "gross_margin": null,
            "net_income": null,
            "revenue": null,
            "common_shares": 300000,
            "equity": 274905,
            "current_ratio": 116.17,
            "debt_ratio": 26.25,
            "inventory_turnover_ratio": null,
            "account_receivable_turnover_ratio": null,
            "reinvestment_rate": null,
            "research_to_sale_ratio": null,
            "price_fair": 0,
            "eps_avg_yearly": 0,
            "eps_latest_yearly": 0,
            "eps_growth_yearly": 0
        },
        "20031": {
            "year_quarter": 20031,
            "year": 2003,
            "quarter": 1,
            "eps": null,
            "eps_growth_year": null,
            "eps_4q": null,
            "eps_4q_growth_year": null,
            "roe": null,
            "gross_profit": null,
            "gross_margin": null,
            "net_income": null,
            "revenue": null,
            "common_shares": null,
            "equity": null,
            "current_ratio": null,
            "debt_ratio": null,
            "inventory_turnover_ratio": null,
            "account_receivable_turnover_ratio": null,
            "reinvestment_rate": null,
            "research_to_sale_ratio": null,
            "price_fair": 0,
            "eps_avg_yearly": 0,
            "eps_latest_yearly": 0,
            "eps_growth_yearly": 0
        },
        "20032": {
            "year_quarter": 20032,
            "year": 2003,
            "quarter": 2,
            "eps": null,
            "eps_growth_year": null,
            "eps_4q": null,
            "eps_4q_growth_year": null,
            "roe": null,
            "gross_profit": null,
            "gross_margin": null,
            "net_income": null,
            "revenue": null,
            "common_shares": null,
            "equity": null,
            "current_ratio": null,
            "debt_ratio": null,
            "inventory_turnover_ratio": null,
            "account_receivable_turnover_ratio": null,
            "reinvestment_rate": null,
            "research_to_sale_ratio": null,
            "price_fair": 0,
            "eps_avg_yearly": 0,
            "eps_latest_yearly": 0,
            "eps_growth_yearly": 0
        },
        "20033": {
            "year_quarter": 20033,
            "year": 2003,
            "quarter": 3,
            "eps": null,
            "eps_growth_year": null,
            "eps_4q": null,
            "eps_4q_growth_year": null,
            "roe": null,
            "gross_profit": null,
            "gross_margin": null,
            "net_income": null,
            "revenue": null,
            "common_shares": null,
            "equity": null,
            "current_ratio": null,
            "debt_ratio": null,
            "inventory_turnover_ratio": null,
            "account_receivable_turnover_ratio": null,
            "reinvestment_rate": null,
            "research_to_sale_ratio": null,
            "price_fair": 0,
            "eps_avg_yearly": 0,
            "eps_latest_yearly": 0,
            "eps_growth_yearly": 0
        },
        "20034": {
            "year_quarter": 20034,
            "year": 2003,
            "quarter": 4,
            "eps": null,
            "eps_growth_year": null,
            "eps_4q": null,
            "eps_4q_growth_year": null,
            "roe": null,
            "gross_profit": null,
            "gross_margin": null,
            "net_income": null,
            "revenue": null,
            "common_shares": 400000,
            "equity": 339203,
            "current_ratio": 188.93,
            "debt_ratio": 25.44,
            "inventory_turnover_ratio": null,
            "account_receivable_turnover_ratio": null,
            "reinvestment_rate": null,
            "research_to_sale_ratio": null,
            "price_fair": 0,
            "eps_avg_yearly": 0,
            "eps_latest_yearly": 0,
            "eps_growth_yearly": 0
        },
        "20041": {
            "year_quarter": 20041,
            "year": 2004,
            "quarter": 1,
            "eps": null,
            "eps_growth_year": null,
            "eps_4q": null,
            "eps_4q_growth_year": null,
            "roe": null,
            "gross_profit": null,
            "gross_margin": null,
            "net_income": null,
            "revenue": null,
            "common_shares": null,
            "equity": null,
            "current_ratio": null,
            "debt_ratio": null,
            "inventory_turnover_ratio": null,
            "account_receivable_turnover_ratio": null,
            "reinvestment_rate": null,
            "research_to_sale_ratio": null,
            "price_fair": 0,
            "eps_avg_yearly": 0,
            "eps_latest_yearly": 0,
            "eps_growth_yearly": 0
        },
        "20042": {
            "year_quarter": 20042,
            "year": 2004,
            "quarter": 2,
            "eps": null,
            "eps_growth_year": null,
            "eps_4q": null,
            "eps_4q_growth_year": null,
            "roe": null,
            "gross_profit": null,
            "gross_margin": null,
            "net_income": null,
            "revenue": null,
            "common_shares": null,
            "equity": null,
            "current_ratio": null,
            "debt_ratio": null,
            "inventory_turnover_ratio": null,
            "account_receivable_turnover_ratio": null,
            "reinvestment_rate": null,
            "research_to_sale_ratio": null,
            "price_fair": 0,
            "eps_avg_yearly": 0,
            "eps_latest_yearly": 0,
            "eps_growth_yearly": 0
        },
        "20043": {
            "year_quarter": 20043,
            "year": 2004,
            "quarter": 3,
            "eps": null,
            "eps_growth_year": null,
            "eps_4q": null,
            "eps_4q_growth_year": null,
            "roe": null,
            "gross_profit": null,
            "gross_margin": null,
            "net_income": null,
            "revenue": null,
            "common_shares": null,
            "equity": null,
            "current_ratio": null,
            "debt_ratio": null,
            "inventory_turnover_ratio": null,
            "account_receivable_turnover_ratio": null,
            "reinvestment_rate": null,
            "research_to_sale_ratio": null,
            "price_fair": 0,
            "eps_avg_yearly": 0,
            "eps_latest_yearly": 0,
            "eps_growth_yearly": 0
        },
        "20044": {
            "year_quarter": 20044,
            "year": 2004,
            "quarter": 4,
            "eps": null,
            "eps_growth_year": null,
            "eps_4q": null,
            "eps_4q_growth_year": null,
            "roe": null,
            "gross_profit": null,
            "gross_margin": null,
            "net_income": null,
            "revenue": null,
            "common_shares": null,
            "equity": null,
            "current_ratio": null,
            "debt_ratio": null,
            "inventory_turnover_ratio": null,
            "account_receivable_turnover_ratio": null,
            "reinvestment_rate": null,
            "research_to_sale_ratio": null,
            "price_fair": 0,
            "eps_avg_yearly": 0,
            "eps_latest_yearly": 0,
            "eps_growth_yearly": 0
        },
        "20051": {
            "year_quarter": 20051,
            "year": 2005,
            "quarter": 1,
            "eps": null,
            "eps_growth_year": null,
            "eps_4q": null,
            "eps_4q_growth_year": null,
            "roe": null,
            "gross_profit": null,
            "gross_margin": null,
            "net_income": null,
            "revenue": null,
            "common_shares": null,
            "equity": null,
            "current_ratio": null,
            "debt_ratio": null,
            "inventory_turnover_ratio": null,
            "account_receivable_turnover_ratio": null,
            "reinvestment_rate": null,
            "research_to_sale_ratio": null,
            "price_fair": 0,
            "eps_avg_yearly": 0,
            "eps_latest_yearly": 0,
            "eps_growth_yearly": 0
        },
        "20052": {
            "year_quarter": 20052,
            "year": 2005,
            "quarter": 2,
            "eps": null,
            "eps_growth_year": null,
            "eps_4q": null,
            "eps_4q_growth_year": null,
            "roe": null,
            "gross_profit": null,
            "gross_margin": null,
            "net_income": null,
            "revenue": null,
            "common_shares": null,
            "equity": null,
            "current_ratio": null,
            "debt_ratio": null,
            "inventory_turnover_ratio": null,
            "account_receivable_turnover_ratio": null,
            "reinvestment_rate": null,
            "research_to_sale_ratio": null,
            "price_fair": 0,
            "eps_avg_yearly": 0,
            "eps_latest_yearly": 0,
            "eps_growth_yearly": 0
        },
        "20053": {
            "year_quarter": 20053,
            "year": 2005,
            "quarter": 3,
            "eps": null,
            "eps_growth_year": null,
            "eps_4q": null,
            "eps_4q_growth_year": null,
            "roe": null,
            "gross_profit": null,
            "gross_margin": null,
            "net_income": null,
            "revenue": null,
            "common_shares": null,
            "equity": null,
            "current_ratio": null,
            "debt_ratio": null,
            "inventory_turnover_ratio": null,
            "account_receivable_turnover_ratio": null,
            "reinvestment_rate": null,
            "research_to_sale_ratio": null,
            "price_fair": 0,
            "eps_avg_yearly": 0,
            "eps_latest_yearly": 0,
            "eps_growth_yearly": 0
        },
        "20054": {
            "year_quarter": 20054,
            "year": 2005,
            "quarter": 4,
            "eps": null,
            "eps_growth_year": null,
            "eps_4q": null,
            "eps_4q_growth_year": null,
            "roe": null,
            "gross_profit": null,
            "gross_margin": null,
            "net_income": null,
            "revenue": null,
            "common_shares": null,
            "equity": null,
            "current_ratio": null,
            "debt_ratio": null,
            "inventory_turnover_ratio": null,
            "account_receivable_turnover_ratio": null,
            "reinvestment_rate": null,
            "research_to_sale_ratio": null,
            "price_fair": 0,
            "eps_avg_yearly": 0,
            "eps_latest_yearly": 0,
            "eps_growth_yearly": 0
        },
        "20061": {
            "year_quarter": 20061,
            "year": 2006,
            "quarter": 1,
            "eps": null,
            "eps_growth_year": null,
            "eps_4q": null,
            "eps_4q_growth_year": null,
            "roe": null,
            "gross_profit": null,
            "gross_margin": null,
            "net_income": null,
            "revenue": null,
            "common_shares": null,
            "equity": null,
            "current_ratio": null,
            "debt_ratio": null,
            "inventory_turnover_ratio": null,
            "account_receivable_turnover_ratio": null,
            "reinvestment_rate": null,
            "research_to_sale_ratio": null,
            "price_fair": 0,
            "eps_avg_yearly": 0,
            "eps_latest_yearly": 0,
            "eps_growth_yearly": 0
        },
        "20062": {
            "year_quarter": 20062,
            "year": 2006,
            "quarter": 2,
            "eps": null,
            "eps_growth_year": null,
            "eps_4q": null,
            "eps_4q_growth_year": null,
            "roe": null,
            "gross_profit": null,
            "gross_margin": null,
            "net_income": null,
            "revenue": null,
            "common_shares": null,
            "equity": null,
            "current_ratio": null,
            "debt_ratio": null,
            "inventory_turnover_ratio": null,
            "account_receivable_turnover_ratio": null,
            "reinvestment_rate": null,
            "research_to_sale_ratio": null,
            "price_fair": 0,
            "eps_avg_yearly": 0,
            "eps_latest_yearly": 0,
            "eps_growth_yearly": 0
        },
        "20063": {
            "year_quarter": 20063,
            "year": 2006,
            "quarter": 3,
            "eps": null,
            "eps_growth_year": null,
            "eps_4q": null,
            "eps_4q_growth_year": null,
            "roe": null,
            "gross_profit": null,
            "gross_margin": null,
            "net_income": null,
            "revenue": null,
            "common_shares": null,
            "equity": null,
            "current_ratio": null,
            "debt_ratio": null,
            "inventory_turnover_ratio": null,
            "account_receivable_turnover_ratio": null,
            "reinvestment_rate": null,
            "research_to_sale_ratio": null,
            "price_fair": 0,
            "eps_avg_yearly": 0,
            "eps_latest_yearly": 0,
            "eps_growth_yearly": 0
        },
        "20064": {
            "year_quarter": 20064,
            "year": 2006,
            "quarter": 4,
            "eps": null,
            "eps_growth_year": null,
            "eps_4q": null,
            "eps_4q_growth_year": null,
            "roe": null,
            "gross_profit": null,
            "gross_margin": null,
            "net_income": null,
            "revenue": null,
            "common_shares": null,
            "equity": null,
            "current_ratio": null,
            "debt_ratio": null,
            "inventory_turnover_ratio": null,
            "account_receivable_turnover_ratio": null,
            "reinvestment_rate": null,
            "research_to_sale_ratio": null,
            "price_fair": 0,
            "eps_avg_yearly": 0,
            "eps_latest_yearly": 0,
            "eps_growth_yearly": 0
        },
        "20071": {
            "year_quarter": 20071,
            "year": 2007,
            "quarter": 1,
            "eps": null,
            "eps_growth_year": null,
            "eps_4q": null,
            "eps_4q_growth_year": null,
            "roe": null,
            "gross_profit": null,
            "gross_margin": null,
            "net_income": null,
            "revenue": null,
            "common_shares": null,
            "equity": null,
            "current_ratio": null,
            "debt_ratio": null,
            "inventory_turnover_ratio": null,
            "account_receivable_turnover_ratio": null,
            "reinvestment_rate": null,
            "research_to_sale_ratio": null,
            "price_fair": 0,
            "eps_avg_yearly": 0,
            "eps_latest_yearly": 0,
            "eps_growth_yearly": 0
        },
        "20072": {
            "year_quarter": 20072,
            "year": 2007,
            "quarter": 2,
            "eps": null,
            "eps_growth_year": null,
            "eps_4q": null,
            "eps_4q_growth_year": null,
            "roe": null,
            "gross_profit": null,
            "gross_margin": null,
            "net_income": null,
            "revenue": null,
            "common_shares": null,
            "equity": null,
            "current_ratio": null,
            "debt_ratio": null,
            "inventory_turnover_ratio": null,
            "account_receivable_turnover_ratio": null,
            "reinvestment_rate": null,
            "research_to_sale_ratio": null,
            "price_fair": 0,
            "eps_avg_yearly": 0,
            "eps_latest_yearly": 0,
            "eps_growth_yearly": 0
        },
        "20073": {
            "year_quarter": 20073,
            "year": 2007,
            "quarter": 3,
            "eps": null,
            "eps_growth_year": null,
            "eps_4q": null,
            "eps_4q_growth_year": null,
            "roe": null,
            "gross_profit": null,
            "gross_margin": null,
            "net_income": null,
            "revenue": null,
            "common_shares": null,
            "equity": null,
            "current_ratio": null,
            "debt_ratio": null,
            "inventory_turnover_ratio": null,
            "account_receivable_turnover_ratio": null,
            "reinvestment_rate": null,
            "research_to_sale_ratio": null,
            "price_fair": 0,
            "eps_avg_yearly": 0,
            "eps_latest_yearly": 0,
            "eps_growth_yearly": 0
        },
        "20074": {
            "year_quarter": 20074,
            "year": 2007,
            "quarter": 4,
            "eps": null,
            "eps_growth_year": null,
            "eps_4q": null,
            "eps_4q_growth_year": null,
            "roe": null,
            "gross_profit": null,
            "gross_margin": null,
            "net_income": null,
            "revenue": null,
            "common_shares": null,
            "equity": null,
            "current_ratio": null,
            "debt_ratio": null,
            "inventory_turnover_ratio": null,
            "account_receivable_turnover_ratio": null,
            "reinvestment_rate": null,
            "research_to_sale_ratio": null,
            "price_fair": 0,
            "eps_avg_yearly": 0,
            "eps_latest_yearly": 0,
            "eps_growth_yearly": 0
        },
        "20081": {
            "year_quarter": 20081,
            "year": 2008,
            "quarter": 1,
            "eps": null,
            "eps_growth_year": null,
            "eps_4q": null,
            "eps_4q_growth_year": null,
            "roe": null,
            "gross_profit": null,
            "gross_margin": null,
            "net_income": null,
            "revenue": null,
            "common_shares": null,
            "equity": null,
            "current_ratio": null,
            "debt_ratio": null,
            "inventory_turnover_ratio": null,
            "account_receivable_turnover_ratio": null,
            "reinvestment_rate": null,
            "research_to_sale_ratio": null,
            "price_fair": 0,
            "eps_avg_yearly": 0,
            "eps_latest_yearly": 0,
            "eps_growth_yearly": 0
        },
        "20082": {
            "year_quarter": 20082,
            "year": 2008,
            "quarter": 2,
            "eps": null,
            "eps_growth_year": null,
            "eps_4q": null,
            "eps_4q_growth_year": null,
            "roe": null,
            "gross_profit": null,
            "gross_margin": null,
            "net_income": null,
            "revenue": null,
            "common_shares": null,
            "equity": null,
            "current_ratio": null,
            "debt_ratio": null,
            "inventory_turnover_ratio": null,
            "account_receivable_turnover_ratio": null,
            "reinvestment_rate": null,
            "research_to_sale_ratio": null,
            "price_fair": 0,
            "eps_avg_yearly": 0,
            "eps_latest_yearly": 0,
            "eps_growth_yearly": 0
        },
        "20083": {
            "year_quarter": 20083,
            "year": 2008,
            "quarter": 3,
            "eps": null,
            "eps_growth_year": null,
            "eps_4q": null,
            "eps_4q_growth_year": null,
            "roe": null,
            "gross_profit": null,
            "gross_margin": null,
            "net_income": null,
            "revenue": null,
            "common_shares": null,
            "equity": null,
            "current_ratio": null,
            "debt_ratio": null,
            "inventory_turnover_ratio": null,
            "account_receivable_turnover_ratio": null,
            "reinvestment_rate": null,
            "research_to_sale_ratio": null,
            "price_fair": 0,
            "eps_avg_yearly": 0,
            "eps_latest_yearly": 0,
            "eps_growth_yearly": 0
        },
        "20084": {
            "year_quarter": 20084,
            "year": 2008,
            "quarter": 4,
            "eps": null,
            "eps_growth_year": null,
            "eps_4q": null,
            "eps_4q_growth_year": null,
            "roe": null,
            "gross_profit": null,
            "gross_margin": null,
            "net_income": null,
            "revenue": null,
            "common_shares": null,
            "equity": null,
            "current_ratio": null,
            "debt_ratio": null,
            "inventory_turnover_ratio": null,
            "account_receivable_turnover_ratio": null,
            "reinvestment_rate": null,
            "research_to_sale_ratio": null,
            "price_fair": 0,
            "eps_avg_yearly": 0,
            "eps_latest_yearly": 0,
            "eps_growth_yearly": 0
        },
        "20091": {
            "year_quarter": 20091,
            "year": 2009,
            "quarter": 1,
            "eps": null,
            "eps_growth_year": null,
            "eps_4q": null,
            "eps_4q_growth_year": null,
            "roe": null,
            "gross_profit": null,
            "gross_margin": null,
            "net_income": null,
            "revenue": null,
            "common_shares": null,
            "equity": null,
            "current_ratio": null,
            "debt_ratio": null,
            "inventory_turnover_ratio": null,
            "account_receivable_turnover_ratio": null,
            "reinvestment_rate": null,
            "research_to_sale_ratio": null,
            "price_fair": 0,
            "eps_avg_yearly": 0,
            "eps_latest_yearly": 0,
            "eps_growth_yearly": 0
        },
        "20092": {
            "year_quarter": 20092,
            "year": 2009,
            "quarter": 2,
            "eps": null,
            "eps_growth_year": null,
            "eps_4q": null,
            "eps_4q_growth_year": null,
            "roe": null,
            "gross_profit": null,
            "gross_margin": null,
            "net_income": null,
            "revenue": null,
            "common_shares": null,
            "equity": null,
            "current_ratio": null,
            "debt_ratio": null,
            "inventory_turnover_ratio": null,
            "account_receivable_turnover_ratio": null,
            "reinvestment_rate": null,
            "research_to_sale_ratio": null,
            "price_fair": 0,
            "eps_avg_yearly": 0,
            "eps_latest_yearly": 0,
            "eps_growth_yearly": 0
        },
        "20093": {
            "year_quarter": 20093,
            "year": 2009,
            "quarter": 3,
            "eps": null,
            "eps_growth_year": null,
            "eps_4q": null,
            "eps_4q_growth_year": null,
            "roe": null,
            "gross_profit": null,
            "gross_margin": null,
            "net_income": null,
            "revenue": null,
            "common_shares": null,
            "equity": null,
            "current_ratio": null,
            "debt_ratio": null,
            "inventory_turnover_ratio": null,
            "account_receivable_turnover_ratio": null,
            "reinvestment_rate": null,
            "research_to_sale_ratio": null,
            "price_fair": 0,
            "eps_avg_yearly": 0,
            "eps_latest_yearly": 0,
            "eps_growth_yearly": 0
        },
        "20094": {
            "year_quarter": 20094,
            "year": 2009,
            "quarter": 4,
            "eps": null,
            "eps_growth_year": null,
            "eps_4q": null,
            "eps_4q_growth_year": null,
            "roe": null,
            "gross_profit": null,
            "gross_margin": null,
            "net_income": null,
            "revenue": null,
            "common_shares": null,
            "equity": null,
            "current_ratio": null,
            "debt_ratio": null,
            "inventory_turnover_ratio": null,
            "account_receivable_turnover_ratio": null,
            "reinvestment_rate": null,
            "research_to_sale_ratio": null,
            "price_fair": 0,
            "eps_avg_yearly": 0,
            "eps_latest_yearly": 0,
            "eps_growth_yearly": 0
        },
        "20101": {
            "year_quarter": 20101,
            "year": 2010,
            "quarter": 1,
            "eps": null,
            "eps_growth_year": null,
            "eps_4q": null,
            "eps_4q_growth_year": null,
            "roe": null,
            "gross_profit": null,
            "gross_margin": null,
            "net_income": null,
            "revenue": null,
            "common_shares": null,
            "equity": null,
            "current_ratio": null,
            "debt_ratio": null,
            "inventory_turnover_ratio": null,
            "account_receivable_turnover_ratio": null,
            "reinvestment_rate": null,
            "research_to_sale_ratio": null,
            "price_fair": 0,
            "eps_avg_yearly": 0,
            "eps_latest_yearly": 0,
            "eps_growth_yearly": 0
        },
        "20102": {
            "year_quarter": 20102,
            "year": 2010,
            "quarter": 2,
            "eps": null,
            "eps_growth_year": null,
            "eps_4q": null,
            "eps_4q_growth_year": null,
            "roe": null,
            "gross_profit": null,
            "gross_margin": null,
            "net_income": null,
            "revenue": null,
            "common_shares": null,
            "equity": null,
            "current_ratio": null,
            "debt_ratio": null,
            "inventory_turnover_ratio": null,
            "account_receivable_turnover_ratio": null,
            "reinvestment_rate": null,
            "research_to_sale_ratio": null,
            "price_fair": 0,
            "eps_avg_yearly": 0,
            "eps_latest_yearly": 0,
            "eps_growth_yearly": 0
        },
        "20103": {
            "year_quarter": 20103,
            "year": 2010,
            "quarter": 3,
            "eps": null,
            "eps_growth_year": null,
            "eps_4q": null,
            "eps_4q_growth_year": null,
            "roe": null,
            "gross_profit": null,
            "gross_margin": null,
            "net_income": null,
            "revenue": null,
            "common_shares": null,
            "equity": null,
            "current_ratio": null,
            "debt_ratio": null,
            "inventory_turnover_ratio": null,
            "account_receivable_turnover_ratio": null,
            "reinvestment_rate": null,
            "research_to_sale_ratio": null,
            "price_fair": 0,
            "eps_avg_yearly": 0,
            "eps_latest_yearly": 0,
            "eps_growth_yearly": 0
        },
        "20104": {
            "year_quarter": 20104,
            "year": 2010,
            "quarter": 4,
            "eps": null,
            "eps_growth_year": null,
            "eps_4q": null,
            "eps_4q_growth_year": null,
            "roe": null,
            "gross_profit": null,
            "gross_margin": null,
            "net_income": null,
            "revenue": null,
            "common_shares": 170598,
            "equity": 196860,
            "current_ratio": 122.87,
            "debt_ratio": 41.07,
            "inventory_turnover_ratio": null,
            "account_receivable_turnover_ratio": null,
            "reinvestment_rate": null,
            "research_to_sale_ratio": null,
            "price_fair": 0,
            "eps_avg_yearly": 0,
            "eps_latest_yearly": 0,
            "eps_growth_yearly": 0
        },
        "20111": {
            "year_quarter": 20111,
            "year": 2011,
            "quarter": 1,
            "eps": null,
            "eps_growth_year": null,
            "eps_4q": null,
            "eps_4q_growth_year": null,
            "roe": null,
            "gross_profit": null,
            "gross_margin": null,
            "net_income": null,
            "revenue": null,
            "common_shares": null,
            "equity": null,
            "current_ratio": null,
            "debt_ratio": null,
            "inventory_turnover_ratio": null,
            "account_receivable_turnover_ratio": null,
            "reinvestment_rate": null,
            "research_to_sale_ratio": null,
            "price_fair": 0,
            "eps_avg_yearly": 0,
            "eps_latest_yearly": 0,
            "eps_growth_yearly": 0
        },
        "20112": {
            "year_quarter": 20112,
            "year": 2011,
            "quarter": 2,
            "eps": null,
            "eps_growth_year": null,
            "eps_4q": null,
            "eps_4q_growth_year": null,
            "roe": null,
            "gross_profit": null,
            "gross_margin": null,
            "net_income": null,
            "revenue": null,
            "common_shares": null,
            "equity": null,
            "current_ratio": null,
            "debt_ratio": null,
            "inventory_turnover_ratio": null,
            "account_receivable_turnover_ratio": null,
            "reinvestment_rate": null,
            "research_to_sale_ratio": null,
            "price_fair": 0,
            "eps_avg_yearly": 0,
            "eps_latest_yearly": 0,
            "eps_growth_yearly": 0
        },
        "20113": {
            "year_quarter": 20113,
            "year": 2011,
            "quarter": 3,
            "eps": null,
            "eps_growth_year": null,
            "eps_4q": null,
            "eps_4q_growth_year": null,
            "roe": null,
            "gross_profit": null,
            "gross_margin": null,
            "net_income": null,
            "revenue": null,
            "common_shares": null,
            "equity": null,
            "current_ratio": null,
            "debt_ratio": null,
            "inventory_turnover_ratio": null,
            "account_receivable_turnover_ratio": null,
            "reinvestment_rate": null,
            "research_to_sale_ratio": null,
            "price_fair": 0,
            "eps_avg_yearly": 0,
            "eps_latest_yearly": 0,
            "eps_growth_yearly": 0
        },
        "20114": {
            "year_quarter": 20114,
            "year": 2011,
            "quarter": 4,
            "eps": null,
            "eps_growth_year": null,
            "eps_4q": null,
            "eps_4q_growth_year": null,
            "roe": null,
            "gross_profit": null,
            "gross_margin": null,
            "net_income": null,
            "revenue": null,
            "common_shares": 170598,
            "equity": 225165,
            "current_ratio": 324.73,
            "debt_ratio": 24.97,
            "inventory_turnover_ratio": null,
            "account_receivable_turnover_ratio": null,
            "reinvestment_rate": null,
            "research_to_sale_ratio": null,
            "price_fair": 0,
            "eps_avg_yearly": 0,
            "eps_latest_yearly": 0,
            "eps_growth_yearly": 0
        },
        "20121": {
            "year_quarter": 20121,
            "year": 2012,
            "quarter": 1,
            "eps": null,
            "eps_growth_year": null,
            "eps_4q": null,
            "eps_4q_growth_year": null,
            "roe": null,
            "gross_profit": null,
            "gross_margin": null,
            "net_income": null,
            "revenue": null,
            "common_shares": null,
            "equity": null,
            "current_ratio": null,
            "debt_ratio": null,
            "inventory_turnover_ratio": null,
            "account_receivable_turnover_ratio": null,
            "reinvestment_rate": null,
            "research_to_sale_ratio": null,
            "price_fair": 0,
            "eps_avg_yearly": 0,
            "eps_latest_yearly": 0,
            "eps_growth_yearly": 0
        },
        "20122": {
            "year_quarter": 20122,
            "year": 2012,
            "quarter": 2,
            "eps": null,
            "eps_growth_year": null,
            "eps_4q": null,
            "eps_4q_growth_year": null,
            "roe": null,
            "gross_profit": null,
            "gross_margin": null,
            "net_income": null,
            "revenue": null,
            "common_shares": null,
            "equity": null,
            "current_ratio": null,
            "debt_ratio": null,
            "inventory_turnover_ratio": null,
            "account_receivable_turnover_ratio": null,
            "reinvestment_rate": null,
            "research_to_sale_ratio": null,
            "price_fair": 0,
            "eps_avg_yearly": 0,
            "eps_latest_yearly": 0,
            "eps_growth_yearly": 0
        },
        "20123": {
            "year_quarter": 20123,
            "year": 2012,
            "quarter": 3,
            "eps": null,
            "eps_growth_year": null,
            "eps_4q": null,
            "eps_4q_growth_year": null,
            "roe": null,
            "gross_profit": null,
            "gross_margin": null,
            "net_income": null,
            "revenue": null,
            "common_shares": null,
            "equity": null,
            "current_ratio": null,
            "debt_ratio": null,
            "inventory_turnover_ratio": null,
            "account_receivable_turnover_ratio": null,
            "reinvestment_rate": null,
            "research_to_sale_ratio": null,
            "price_fair": 0,
            "eps_avg_yearly": 0,
            "eps_latest_yearly": 0,
            "eps_growth_yearly": 0
        },
        "20124": {
            "year_quarter": 20124,
            "year": 2012,
            "quarter": 4,
            "eps": null,
            "eps_growth_year": null,
            "eps_4q": null,
            "eps_4q_growth_year": null,
            "roe": null,
            "gross_profit": null,
            "gross_margin": null,
            "net_income": null,
            "revenue": null,
            "common_shares": 170598,
            "equity": 242000,
            "current_ratio": 208.55,
            "debt_ratio": 33.24,
            "inventory_turnover_ratio": null,
            "account_receivable_turnover_ratio": null,
            "reinvestment_rate": null,
            "research_to_sale_ratio": null,
            "price_fair": 0,
            "eps_avg_yearly": 0,
            "eps_latest_yearly": 0,
            "eps_growth_yearly": 0
        },
        "20131": {
            "year_quarter": 20131,
            "year": 2013,
            "quarter": 1,
            "eps": null,
            "eps_growth_year": null,
            "eps_4q": null,
            "eps_4q_growth_year": null,
            "roe": null,
            "gross_profit": null,
            "gross_margin": null,
            "net_income": null,
            "revenue": null,
            "common_shares": null,
            "equity": null,
            "current_ratio": null,
            "debt_ratio": null,
            "inventory_turnover_ratio": null,
            "account_receivable_turnover_ratio": null,
            "reinvestment_rate": null,
            "research_to_sale_ratio": null,
            "price_fair": 0,
            "eps_avg_yearly": 0,
            "eps_latest_yearly": 0,
            "eps_growth_yearly": 0
        },
        "20132": {
            "year_quarter": 20132,
            "year": 2013,
            "quarter": 2,
            "eps": null,
            "eps_growth_year": null,
            "eps_4q": null,
            "eps_4q_growth_year": null,
            "roe": null,
            "gross_profit": null,
            "gross_margin": null,
            "net_income": null,
            "revenue": null,
            "common_shares": null,
            "equity": null,
            "current_ratio": null,
            "debt_ratio": null,
            "inventory_turnover_ratio": null,
            "account_receivable_turnover_ratio": null,
            "reinvestment_rate": null,
            "research_to_sale_ratio": null,
            "price_fair": 0,
            "eps_avg_yearly": 0,
            "eps_latest_yearly": 0,
            "eps_growth_yearly": 0
        },
        "20133": {
            "year_quarter": 20133,
            "year": 2013,
            "quarter": 3,
            "eps": null,
            "eps_growth_year": null,
            "eps_4q": null,
            "eps_4q_growth_year": null,
            "roe": null,
            "gross_profit": null,
            "gross_margin": null,
            "net_income": null,
            "revenue": null,
            "common_shares": null,
            "equity": null,
            "current_ratio": null,
            "debt_ratio": null,
            "inventory_turnover_ratio": null,
            "account_receivable_turnover_ratio": null,
            "reinvestment_rate": null,
            "research_to_sale_ratio": null,
            "price_fair": 0,
            "eps_avg_yearly": 0,
            "eps_latest_yearly": 0,
            "eps_growth_yearly": 0
        },
        "20134": {
            "year_quarter": 20134,
            "year": 2013,
            "quarter": 4,
            "eps": null,
            "eps_growth_year": null,
            "eps_4q": null,
            "eps_4q_growth_year": null,
            "roe": null,
            "gross_profit": null,
            "gross_margin": null,
            "net_income": null,
            "revenue": null,
            "common_shares": 170598,
            "equity": 250663,
            "current_ratio": null,
            "debt_ratio": null,
            "inventory_turnover_ratio": null,
            "account_receivable_turnover_ratio": null,
            "reinvestment_rate": null,
            "research_to_sale_ratio": null,
            "price_fair": 0,
            "eps_avg_yearly": 0,
            "eps_latest_yearly": 0,
            "eps_growth_yearly": 0
        },
        "20141": {
            "year_quarter": 20141,
            "year": 2014,
            "quarter": 1,
            "eps": null,
            "eps_growth_year": null,
            "eps_4q": null,
            "eps_4q_growth_year": null,
            "roe": null,
            "gross_profit": null,
            "gross_margin": null,
            "net_income": null,
            "revenue": null,
            "common_shares": null,
            "equity": null,
            "current_ratio": null,
            "debt_ratio": null,
            "inventory_turnover_ratio": null,
            "account_receivable_turnover_ratio": null,
            "reinvestment_rate": null,
            "research_to_sale_ratio": null,
            "price_fair": 0,
            "eps_avg_yearly": 0,
            "eps_latest_yearly": 0,
            "eps_growth_yearly": 0
        },
        "20142": {
            "year_quarter": 20142,
            "year": 2014,
            "quarter": 2,
            "eps": null,
            "eps_growth_year": null,
            "eps_4q": null,
            "eps_4q_growth_year": null,
            "roe": null,
            "gross_profit": null,
            "gross_margin": null,
            "net_income": null,
            "revenue": null,
            "common_shares": 170598,
            "equity": 263673,
            "current_ratio": null,
            "debt_ratio": null,
            "inventory_turnover_ratio": null,
            "account_receivable_turnover_ratio": null,
            "reinvestment_rate": null,
            "research_to_sale_ratio": null,
            "price_fair": 0,
            "eps_avg_yearly": 0,
            "eps_latest_yearly": 0,
            "eps_growth_yearly": 0
        },
        "20143": {
            "year_quarter": 20143,
            "year": 2014,
            "quarter": 3,
            "eps": null,
            "eps_growth_year": null,
            "eps_4q": null,
            "eps_4q_growth_year": null,
            "roe": null,
            "gross_profit": null,
            "gross_margin": null,
            "net_income": null,
            "revenue": null,
            "common_shares": null,
            "equity": null,
            "current_ratio": null,
            "debt_ratio": null,
            "inventory_turnover_ratio": null,
            "account_receivable_turnover_ratio": null,
            "reinvestment_rate": null,
            "research_to_sale_ratio": null,
            "price_fair": 0,
            "eps_avg_yearly": 0,
            "eps_latest_yearly": 0,
            "eps_growth_yearly": 0
        },
        "20144": {
            "year_quarter": 20144,
            "year": 2014,
            "quarter": 4,
            "eps": null,
            "eps_growth_year": null,
            "eps_4q": null,
            "eps_4q_growth_year": null,
            "roe": null,
            "gross_profit": null,
            "gross_margin": null,
            "net_income": null,
            "revenue": null,
            "common_shares": 170598,
            "equity": 286802,
            "current_ratio": 160.33,
            "debt_ratio": 49.31,
            "inventory_turnover_ratio": null,
            "account_receivable_turnover_ratio": null,
            "reinvestment_rate": null,
            "research_to_sale_ratio": null,
            "price_fair": 0,
            "eps_avg_yearly": 0,
            "eps_latest_yearly": 0,
            "eps_growth_yearly": 0
        },
        "20151": {
            "year_quarter": 20151,
            "year": 2015,
            "quarter": 1,
            "eps": null,
            "eps_growth_year": null,
            "eps_4q": null,
            "eps_4q_growth_year": null,
            "roe": null,
            "gross_profit": 55328,
            "gross_margin": null,
            "net_income": 16347,
            "revenue": 169735,
            "common_shares": 170598,
            "equity": 303149,
            "current_ratio": 174.77,
            "debt_ratio": 46.22,
            "inventory_turnover_ratio": null,
            "account_receivable_turnover_ratio": null,
            "reinvestment_rate": null,
            "research_to_sale_ratio": null,
            "price_fair": 0,
            "eps_avg_yearly": 0,
            "eps_latest_yearly": 0,
            "eps_growth_yearly": 0
        },
        "20152": {
            "year_quarter": 20152,
            "year": 2015,
            "quarter": 2,
            "eps": 1.14,
            "eps_growth_year": null,
            "eps_4q": null,
            "eps_4q_growth_year": null,
            "roe": 6.26,
            "gross_profit": 56112,
            "gross_margin": 36.85,
            "net_income": 21177,
            "revenue": 152275,
            "common_shares": 185598,
            "equity": 373124,
            "current_ratio": 181.89,
            "debt_ratio": 39.89,
            "inventory_turnover_ratio": 1.03,
            "account_receivable_turnover_ratio": 2.23,
            "reinvestment_rate": null,
            "research_to_sale_ratio": null,
            "price_fair": 0,
            "eps_avg_yearly": 0,
            "eps_latest_yearly": 0,
            "eps_growth_yearly": 0
        },
        "20153": {
            "year_quarter": 20153,
            "year": 2015,
            "quarter": 3,
            "eps": null,
            "eps_growth_year": null,
            "eps_4q": null,
            "eps_4q_growth_year": null,
            "roe": null,
            "gross_profit": 54104,
            "gross_margin": null,
            "net_income": 18322,
            "revenue": 151897,
            "common_shares": 185598,
            "equity": 391446,
            "current_ratio": 214.92,
            "debt_ratio": 35.76,
            "inventory_turnover_ratio": null,
            "account_receivable_turnover_ratio": null,
            "reinvestment_rate": null,
            "research_to_sale_ratio": null,
            "price_fair": 0,
            "eps_avg_yearly": 0,
            "eps_latest_yearly": 0,
            "eps_growth_yearly": 0
        },
        "20154": {
            "year_quarter": 20154,
            "year": 2015,
            "quarter": 4,
            "eps": null,
            "eps_growth_year": null,
            "eps_4q": null,
            "eps_4q_growth_year": null,
            "roe": null,
            "gross_profit": 60051,
            "gross_margin": null,
            "net_income": 11109,
            "revenue": 170551,
            "common_shares": 185598,
            "equity": 401494,
            "current_ratio": 158.74,
            "debt_ratio": 50.77,
            "inventory_turnover_ratio": null,
            "account_receivable_turnover_ratio": null,
            "reinvestment_rate": null,
            "research_to_sale_ratio": null,
            "price_fair": 0,
            "eps_avg_yearly": 0,
            "eps_latest_yearly": 0,
            "eps_growth_yearly": 0
        },
        "20161": {
            "year_quarter": 20161,
            "year": 2016,
            "quarter": 1,
            "eps": 0.78,
            "eps_growth_year": null,
            "eps_4q": 1.92,
            "eps_4q_growth_year": null,
            "roe": 3.53,
            "gross_profit": 53818,
            "gross_margin": 32.68,
            "net_income": 14413,
            "revenue": 164689,
            "common_shares": 185598,
            "equity": 415907,
            "current_ratio": 114.13,
            "debt_ratio": 47.52,
            "inventory_turnover_ratio": 1.07,
            "account_receivable_turnover_ratio": 1.16,
            "reinvestment_rate": null,
            "research_to_sale_ratio": 6.21,
            "price_fair": 0,
            "eps_avg_yearly": 0,
            "eps_latest_yearly": 0,
            "eps_growth_yearly": 0
        },
        "20162": {
            "year_quarter": 20162,
            "year": 2016,
            "quarter": 2,
            "eps": 1.28,
            "eps_growth_year": 12.18,
            "eps_4q": 2.06,
            "eps_4q_growth_year": null,
            "roe": 5.62,
            "gross_profit": 75019,
            "gross_margin": 40.31,
            "net_income": 23795,
            "revenue": 186095,
            "common_shares": 185598,
            "equity": 430422,
            "current_ratio": 89.53,
            "debt_ratio": 46.3,
            "inventory_turnover_ratio": 1.18,
            "account_receivable_turnover_ratio": 1.22,
            "reinvestment_rate": null,
            "research_to_sale_ratio": 5.55,
            "price_fair": 179.2,
            "eps_avg_yearly": 5.12,
            "eps_latest_yearly": 5.12,
            "eps_growth_yearly": 256.41
        },
        "20163": {
            "year_quarter": 20163,
            "year": 2016,
            "quarter": 3,
            "eps": 1.6,
            "eps_growth_year": null,
            "eps_4q": 3.24,
            "eps_4q_growth_year": null,
            "roe": 5.72,
            "gross_profit": 81196,
            "gross_margin": 38.82,
            "net_income": 29902,
            "revenue": 209174,
            "common_shares": 210008,
            "equity": 615291,
            "current_ratio": 135.9,
            "debt_ratio": 40.3,
            "inventory_turnover_ratio": 1.26,
            "account_receivable_turnover_ratio": 1.19,
            "reinvestment_rate": null,
            "research_to_sale_ratio": 5.58,
            "price_fair": 201.6,
            "eps_avg_yearly": 5.76,
            "eps_latest_yearly": 6.4,
            "eps_growth_yearly": 178.21
        },
        "20164": {
            "year_quarter": 20164,
            "year": 2016,
            "quarter": 4,
            "eps": 1.05,
            "eps_growth_year": null,
            "eps_4q": 4.3,
            "eps_4q_growth_year": null,
            "roe": 3.53,
            "gross_profit": 73253,
            "gross_margin": 34.98,
            "net_income": 22096,
            "revenue": 209411,
            "common_shares": 210008,
            "equity": 637281,
            "current_ratio": 140.97,
            "debt_ratio": 39.37,
            "inventory_turnover_ratio": 1.15,
            "account_receivable_turnover_ratio": 1.17,
            "reinvestment_rate": null,
            "research_to_sale_ratio": 5.1,
            "price_fair": 183.4,
            "eps_avg_yearly": 5.24,
            "eps_latest_yearly": 4.2,
            "eps_growth_yearly": 72.97
        },
        "20171": {
            "year_quarter": 20171,
            "year": 2017,
            "quarter": 1,
            "eps": 0.97,
            "eps_growth_year": 24.36,
            "eps_4q": 4.58,
            "eps_4q_growth_year": 138.87,
            "roe": 3.15,
            "gross_profit": 67172,
            "gross_margin": 32.81,
            "net_income": 20401,
            "revenue": 204706,
            "common_shares": 210008,
            "equity": 657682,
            "current_ratio": 209.87,
            "debt_ratio": 34.18,
            "inventory_turnover_ratio": 1.05,
            "account_receivable_turnover_ratio": 1.22,
            "reinvestment_rate": null,
            "research_to_sale_ratio": 4.64,
            "price_fair": 171.5,
            "eps_avg_yearly": 4.9,
            "eps_latest_yearly": 3.88,
            "eps_growth_yearly": 47.11
        },
        "20172": {
            "year_quarter": 20172,
            "year": 2017,
            "quarter": 2,
            "eps": 2.12,
            "eps_growth_year": 65.62,
            "eps_4q": 5.56,
            "eps_4q_growth_year": 170.28,
            "roe": 6.64,
            "gross_profit": 100550,
            "gross_margin": 40.48,
            "net_income": 44453,
            "revenue": 248411,
            "common_shares": 210008,
            "equity": 681161,
            "current_ratio": 192.01,
            "debt_ratio": 36.05,
            "inventory_turnover_ratio": 1.02,
            "account_receivable_turnover_ratio": 1.23,
            "reinvestment_rate": null,
            "research_to_sale_ratio": 4.08,
            "price_fair": 196.56,
            "eps_avg_yearly": 5.62,
            "eps_latest_yearly": 8.48,
            "eps_growth_yearly": 132.53
        },
        "20173": {
            "year_quarter": 20173,
            "year": 2017,
            "quarter": 3,
            "eps": 2.76,
            "eps_growth_year": 72.5,
            "eps_4q": 6.9,
            "eps_4q_growth_year": 112.72,
            "roe": 8.16,
            "gross_profit": 108150,
            "gross_margin": 39.78,
            "net_income": 57935,
            "revenue": 271851,
            "common_shares": 210008,
            "equity": 739140,
            "current_ratio": 193.44,
            "debt_ratio": 34.06,
            "inventory_turnover_ratio": 1.1,
            "account_receivable_turnover_ratio": 1.15,
            "reinvestment_rate": null,
            "research_to_sale_ratio": 3.55,
            "price_fair": 228.2,
            "eps_avg_yearly": 6.52,
            "eps_latest_yearly": 11.04,
            "eps_growth_yearly": 130.57
        },
        "20174": {
            "year_quarter": 20174,
            "year": 2017,
            "quarter": 4,
            "eps": 1.23,
            "eps_growth_year": 16.89,
            "eps_4q": 7.08,
            "eps_4q_growth_year": 64.75,
            "roe": 3.44,
            "gross_profit": 80374,
            "gross_margin": 34.84,
            "net_income": 25829,
            "revenue": 230679,
            "common_shares": 210008,
            "equity": 763996,
            "current_ratio": 180.13,
            "debt_ratio": 34.37,
            "inventory_turnover_ratio": 1.04,
            "account_receivable_turnover_ratio": 1.03,
            "reinvestment_rate": null,
            "research_to_sale_ratio": 4.59,
            "price_fair": 220.2,
            "eps_avg_yearly": 6.29,
            "eps_latest_yearly": 4.92,
            "eps_growth_yearly": 80.24
        },
        "20181": {
            "year_quarter": 20181,
            "year": 2018,
            "quarter": 1,
            "eps": 0.71,
            "eps_growth_year": -26.8,
            "eps_4q": 6.81,
            "eps_4q_growth_year": 48.76,
            "roe": 1.93,
            "gross_profit": 59993,
            "gross_margin": 31.11,
            "net_income": 14883,
            "revenue": 192824,
            "common_shares": 210008,
            "equity": 775532,
            "current_ratio": 210.04,
            "debt_ratio": 31.09,
            "inventory_turnover_ratio": 0.83,
            "account_receivable_turnover_ratio": 1,
            "reinvestment_rate": null,
            "research_to_sale_ratio": 4.85,
            "price_fair": 205.1,
            "eps_avg_yearly": 5.86,
            "eps_latest_yearly": 2.84,
            "eps_growth_yearly": 49.07
        },
        "20182": {
            "year_quarter": 20182,
            "year": 2018,
            "quarter": 2,
            "eps": 1.2,
            "eps_growth_year": -43.4,
            "eps_4q": 5.47,
            "eps_4q_growth_year": -1.63,
            "roe": 3.57,
            "gross_profit": 92174,
            "gross_margin": 34.95,
            "net_income": 27790,
            "revenue": 263744,
            "common_shares": 210008,
            "equity": 782322,
            "current_ratio": 173,
            "debt_ratio": 35.4,
            "inventory_turnover_ratio": 0.95,
            "account_receivable_turnover_ratio": 1.22,
            "reinvestment_rate": null,
            "research_to_sale_ratio": 4.28,
            "price_fair": 200.98,
            "eps_avg_yearly": 5.74,
            "eps_latest_yearly": 4.8,
            "eps_growth_yearly": 74.29
        },
        "20183": {
            "year_quarter": 20183,
            "year": 2018,
            "quarter": 3,
            "eps": 2.08,
            "eps_growth_year": -24.64,
            "eps_4q": 5.04,
            "eps_4q_growth_year": -26.93,
            "roe": 5.95,
            "gross_profit": 114387,
            "gross_margin": 36.95,
            "net_income": 47950,
            "revenue": 309564,
            "common_shares": 231009,
            "equity": 830222,
            "current_ratio": 171.91,
            "debt_ratio": 35.99,
            "inventory_turnover_ratio": 0.95,
            "account_receivable_turnover_ratio": 1.14,
            "reinvestment_rate": null,
            "research_to_sale_ratio": 4.12,
            "price_fair": 210,
            "eps_avg_yearly": 6,
            "eps_latest_yearly": 8.32,
            "eps_growth_yearly": 96.2
        },
        "20184": {
            "year_quarter": 20184,
            "year": 2018,
            "quarter": 4,
            "eps": 1.88,
            "eps_growth_year": 52.64,
            "eps_4q": 5.8,
            "eps_4q_growth_year": -18.04,
            "roe": 5.09,
            "gross_profit": 110827,
            "gross_margin": 35.26,
            "net_income": 43367,
            "revenue": 314321,
            "common_shares": 231009,
            "equity": 873143,
            "current_ratio": 190.88,
            "debt_ratio": 32.89,
            "inventory_turnover_ratio": 0.98,
            "account_receivable_turnover_ratio": 1.07,
            "reinvestment_rate": 79.61,
            "research_to_sale_ratio": 3.91,
            "price_fair": 214.84,
            "eps_avg_yearly": 6.14,
            "eps_latest_yearly": 7.52,
            "eps_growth_yearly": 83.95
        },
        "20191": {
            "year_quarter": 20191,
            "year": 2019,
            "quarter": 1,
            "eps": 1.46,
            "eps_growth_year": 105.63,
            "eps_4q": 6.61,
            "eps_4q_growth_year": -2.95,
            "roe": 3.78,
            "gross_profit": 91622,
            "gross_margin": 34.65,
            "net_income": 33662,
            "revenue": 264395,
            "common_shares": 231009,
            "equity": 907073,
            "current_ratio": 203.88,
            "debt_ratio": 39.01,
            "inventory_turnover_ratio": 0.83,
            "account_receivable_turnover_ratio": 1,
            "reinvestment_rate": 80.41,
            "research_to_sale_ratio": 5,
            "price_fair": 213.97,
            "eps_avg_yearly": 6.11,
            "eps_latest_yearly": 5.84,
            "eps_growth_yearly": 69.51
        },
        "20192": {
            "year_quarter": 20192,
            "year": 2019,
            "quarter": 2,
            "eps": 2.55,
            "eps_growth_year": 112.5,
            "eps_4q": 7.96,
            "eps_4q_growth_year": 45.41,
            "roe": 6.49,
            "gross_profit": 139651,
            "gross_margin": 39.45,
            "net_income": 58874,
            "revenue": 353958,
            "common_shares": 231009,
            "equity": 908141,
            "current_ratio": 188.67,
            "debt_ratio": 40.12,
            "inventory_turnover_ratio": 0.98,
            "account_receivable_turnover_ratio": 1.25,
            "reinvestment_rate": 73.54,
            "research_to_sale_ratio": 3.6,
            "price_fair": 224.97,
            "eps_avg_yearly": 6.43,
            "eps_latest_yearly": 10.2,
            "eps_growth_yearly": 87.14
        },
        "20193": {
            "year_quarter": 20193,
            "year": 2019,
            "quarter": 3,
            "eps": 1.97,
            "eps_growth_year": -5.29,
            "eps_4q": 3.93,
            "eps_4q_growth_year": -22.02,
            "roe": 4.33,
            "gross_profit": 129712,
            "gross_margin": 37.28,
            "net_income": 45427,
            "revenue": 347908,
            "common_shares": 231009,
            "equity": 1192438,
            "current_ratio": 244.76,
            "debt_ratio": 35.1,
            "inventory_turnover_ratio": 0.97,
            "account_receivable_turnover_ratio": 1.06,
            "reinvestment_rate": 77.69,
            "research_to_sale_ratio": 4.41,
            "price_fair": 228.6,
            "eps_avg_yearly": 6.53,
            "eps_latest_yearly": 7.88,
            "eps_growth_yearly": 74.41
        },
        "20194": {
            "year_quarter": 20194,
            "year": 2019,
            "quarter": 4,
            "eps": 1.87,
            "eps_growth_year": -0.15,
            "eps_4q": 6.97,
            "eps_4q_growth_year": 20.09,
            "roe": 3.79,
            "gross_profit": 125098,
            "gross_margin": 37.79,
            "net_income": 50802,
            "revenue": 331008,
            "common_shares": 271009,
            "equity": 1491490,
            "current_ratio": 366.75,
            "debt_ratio": 22.66,
            "inventory_turnover_ratio": 0.9,
            "account_receivable_turnover_ratio": 1.08,
            "reinvestment_rate": 32.63,
            "research_to_sale_ratio": 3.57,
            "price_fair": 230.81,
            "eps_avg_yearly": 6.59,
            "eps_latest_yearly": 7.48,
            "eps_growth_yearly": 68.1
        },
        "20201": {
            "year_quarter": 20201,
            "year": 2020,
            "quarter": 1,
            "eps": 1.48,
            "eps_growth_year": 1.37,
            "eps_4q": 7.21,
            "eps_4q_growth_year": 8.96,
            "roe": 2.73,
            "gross_profit": 99172,
            "gross_margin": 37.05,
            "net_income": 40182,
            "revenue": 267678,
            "common_shares": 271009,
            "equity": 1450201,
            "current_ratio": 290.4,
            "debt_ratio": 26.04,
            "inventory_turnover_ratio": 0.68,
            "account_receivable_turnover_ratio": 0.88,
            "reinvestment_rate": 33.77,
            "research_to_sale_ratio": 3.42,
            "price_fair": 229.34,
            "eps_avg_yearly": 6.55,
            "eps_latest_yearly": 5.92,
            "eps_growth_yearly": 58.63
        },
        "20202": {
            "year_quarter": 20202,
            "year": 2020,
            "quarter": 2,
            "eps": 2.75,
            "eps_growth_year": 7.84,
            "eps_4q": 7.79,
            "eps_4q_growth_year": -2.16,
            "roe": 5.02,
            "gross_profit": 151952,
            "gross_margin": 41.05,
            "net_income": 74616,
            "revenue": 370130,
            "common_shares": 271009,
            "equity": 1524769,
            "current_ratio": 282.31,
            "debt_ratio": 25.95,
            "inventory_turnover_ratio": 0.79,
            "account_receivable_turnover_ratio": 1.05,
            "reinvestment_rate": 39.8,
            "research_to_sale_ratio": 3,
            "price_fair": 242.2,
            "eps_avg_yearly": 6.92,
            "eps_latest_yearly": 11,
            "eps_growth_yearly": 64.06
        },
        "20203": {
            "year_quarter": 20203,
            "year": 2020,
            "quarter": 3,
            "eps": 2.2,
            "eps_growth_year": 11.68,
            "eps_4q": 8.31,
            "eps_4q_growth_year": 111.38,
            "roe": 3.83,
            "gross_profit": 134364,
            "gross_margin": 39.4,
            "net_income": 59587,
            "revenue": 341056,
            "common_shares": 271009,
            "equity": 1584401,
            "current_ratio": 278.89,
            "debt_ratio": 26.12,
            "inventory_turnover_ratio": 0.72,
            "account_receivable_turnover_ratio": 0.91,
            "reinvestment_rate": 61.76,
            "research_to_sale_ratio": 3.35,
            "price_fair": 247.45,
            "eps_avg_yearly": 7.07,
            "eps_latest_yearly": 8.8,
            "eps_growth_yearly": 52.81
        },
        "20204": {
            "year_quarter": 20204,
            "year": 2020,
            "quarter": 4,
            "eps": 1.52,
            "eps_growth_year": -18.97,
            "eps_4q": 7.95,
            "eps_4q_growth_year": 14.19,
            "roe": 2.56,
            "gross_profit": 109925,
            "gross_margin": 33.05,
            "net_income": 41165,
            "revenue": 332572,
            "common_shares": 271009,
            "equity": 1626101,
            "current_ratio": 325.91,
            "debt_ratio": 23.54,
            "inventory_turnover_ratio": 0.81,
            "account_receivable_turnover_ratio": 1.03,
            "reinvestment_rate": 60.79,
            "research_to_sale_ratio": 3.52,
            "price_fair": 251.56,
            "eps_avg_yearly": 7.19,
            "eps_latest_yearly": 6.08,
            "eps_growth_yearly": 53.67
        },
        "20211": {
            "year_quarter": 20211,
            "year": 2021,
            "quarter": 1,
            "eps": 1.53,
            "eps_growth_year": 3.38,
            "eps_4q": 8,
            "eps_4q_growth_year": 11.01,
            "roe": 2.59,
            "gross_profit": 106171,
            "gross_margin": 34.76,
            "net_income": 41410,
            "revenue": 305405,
            "common_shares": 271009,
            "equity": 1571713,
            "current_ratio": 193.22,
            "debt_ratio": 30.98,
            "inventory_turnover_ratio": 0.72,
            "account_receivable_turnover_ratio": 1.01,
            "reinvestment_rate": 93.93,
            "research_to_sale_ratio": 3.75,
            "price_fair": 256.46,
            "eps_avg_yearly": 7.33,
            "eps_latest_yearly": 6.12,
            "eps_growth_yearly": 55.74
        },
        "20212": {
            "year_quarter": 20212,
            "year": 2021,
            "quarter": 2,
            "eps": 2.25,
            "eps_growth_year": -18.18,
            "eps_4q": 7.5,
            "eps_4q_growth_year": -3.69,
            "roe": 3.81,
            "gross_profit": 145450,
            "gross_margin": 37.85,
            "net_income": 61081,
            "revenue": 384262,
            "common_shares": 271009,
            "equity": 1635677,
            "current_ratio": 202.68,
            "debt_ratio": 29.81,
            "inventory_turnover_ratio": 0.82,
            "account_receivable_turnover_ratio": 1.05,
            "reinvestment_rate": 93.15,
            "research_to_sale_ratio": 3.39,
            "price_fair": 257.6,
            "eps_avg_yearly": 7.36,
            "eps_latest_yearly": 9,
            "eps_growth_yearly": 37.87
        },
        "20213": {
            "year_quarter": 20213,
            "year": 2021,
            "quarter": 3,
            "eps": 2.54,
            "eps_growth_year": 15.45,
            "eps_4q": 7.84,
            "eps_4q_growth_year": -5.67,
            "roe": 4.12,
            "gross_profit": 131293,
            "gross_margin": 37.59,
            "net_income": 68771,
            "revenue": 349307,
            "common_shares": 271009,
            "equity": 1704499,
            "current_ratio": 239.02,
            "debt_ratio": 26.44,
            "inventory_turnover_ratio": 0.77,
            "account_receivable_turnover_ratio": 0.9,
            "reinvestment_rate": 89.38,
            "research_to_sale_ratio": 3.51,
            "price_fair": 255.68,
            "eps_avg_yearly": 7.31,
            "eps_latest_yearly": 10.16,
            "eps_growth_yearly": 33.54
        },
        "20214": {
            "year_quarter": 20214,
            "year": 2021,
            "quarter": 4,
            "eps": 2.45,
            "eps_growth_year": 61.56,
            "eps_4q": 8.77,
            "eps_4q_growth_year": 10.31,
            "roe": 3.83,
            "gross_profit": 145426,
            "gross_margin": 33.64,
            "net_income": 66508,
            "revenue": 432292,
            "common_shares": 271009,
            "equity": 1771363,
            "current_ratio": 243.21,
            "debt_ratio": 26.67,
            "inventory_turnover_ratio": 0.99,
            "account_receivable_turnover_ratio": 1.18,
            "reinvestment_rate": 84.71,
            "research_to_sale_ratio": 2.96,
            "price_fair": 266.35,
            "eps_avg_yearly": 7.61,
            "eps_latest_yearly": 9.8,
            "eps_growth_yearly": 46.51
        },
        "20221": {
            "year_quarter": 20221,
            "year": 2022,
            "quarter": 1,
            "eps": 2.41,
            "eps_growth_year": 57.52,
            "eps_4q": 9.66,
            "eps_4q_growth_year": 20.72,
            "roe": 3.73,
            "gross_profit": 134913,
            "gross_margin": 35.63,
            "net_income": 65328,
            "revenue": 378683,
            "common_shares": 271009,
            "equity": 1733804,
            "current_ratio": 212.06,
            "debt_ratio": 29.87,
            "inventory_turnover_ratio": 0.79,
            "account_receivable_turnover_ratio": 0.99,
            "reinvestment_rate": 78.83,
            "research_to_sale_ratio": 2.67,
            "price_fair": 281.23,
            "eps_avg_yearly": 8.04,
            "eps_latest_yearly": 9.64,
            "eps_growth_yearly": 56.68
        },
        "20222": {
            "year_quarter": 20222,
            "year": 2022,
            "quarter": 2,
            "eps": 3.53,
            "eps_growth_year": 56.89,
            "eps_4q": 10.94,
            "eps_4q_growth_year": 45.83,
            "roe": 5.38,
            "gross_profit": 190053,
            "gross_margin": 38.4,
            "net_income": 95780,
            "revenue": 494909,
            "common_shares": 271009,
            "equity": 1829588,
            "current_ratio": 113.49,
            "debt_ratio": 40.59,
            "inventory_turnover_ratio": 0.82,
            "account_receivable_turnover_ratio": 1.16,
            "reinvestment_rate": 70.32,
            "research_to_sale_ratio": 2.48,
            "price_fair": 301.61,
            "eps_avg_yearly": 8.62,
            "eps_latest_yearly": 14.12,
            "eps_growth_yearly": 51.04
        },
        "20223": {
            "year_quarter": 20223,
            "year": 2022,
            "quarter": 3,
            "eps": 3.37,
            "eps_growth_year": 32.68,
            "eps_4q": 11.77,
            "eps_4q_growth_year": 50.16,
            "roe": 4.87,
            "gross_profit": 181650,
            "gross_margin": 33.51,
            "net_income": 91362,
            "revenue": 542121,
            "common_shares": 271009,
            "equity": 1921027,
            "current_ratio": 142.87,
            "debt_ratio": 37.55,
            "inventory_turnover_ratio": 0.92,
            "account_receivable_turnover_ratio": 1.15,
            "reinvestment_rate": 122.05,
            "research_to_sale_ratio": 2.18,
            "price_fair": 312.9,
            "eps_avg_yearly": 8.94,
            "eps_latest_yearly": 13.48,
            "eps_growth_yearly": 31.57
        },
        "20224": {
            "year_quarter": 20224,
            "year": 2022,
            "quarter": 4,
            "eps": 2.54,
            "eps_growth_year": 3.4,
            "eps_4q": 11.85,
            "eps_4q_growth_year": 35.1,
            "roe": 3.52,
            "gross_profit": 181536,
            "gross_margin": 35.26,
            "net_income": 68766,
            "revenue": 514881,
            "common_shares": 271009,
            "equity": 1991543,
            "current_ratio": 154.68,
            "debt_ratio": 35.15,
            "inventory_turnover_ratio": 0.9,
            "account_receivable_turnover_ratio": 1.11,
            "reinvestment_rate": 118.73,
            "research_to_sale_ratio": 2.16,
            "price_fair": 318.68,
            "eps_avg_yearly": 9.11,
            "eps_latest_yearly": 10.16,
            "eps_growth_yearly": 27.82
        },
        "20231": {
            "year_quarter": 20231,
            "year": 2023,
            "quarter": 1,
            "eps": 2.69,
            "eps_growth_year": 11.62,
            "eps_4q": 12.13,
            "eps_4q_growth_year": 25.66,
            "roe": 3.72,
            "gross_profit": 167029,
            "gross_margin": 37.61,
            "net_income": 72919,
            "revenue": 444103,
            "common_shares": 271009,
            "equity": 1929117,
            "current_ratio": 140.04,
            "debt_ratio": 36.77,
            "inventory_turnover_ratio": 0.72,
            "account_receivable_turnover_ratio": 1.04,
            "reinvestment_rate": 111.36,
            "research_to_sale_ratio": 2.48,
            "price_fair": 329.44,
            "eps_avg_yearly": 9.41,
            "eps_latest_yearly": 10.76,
            "eps_growth_yearly": 34.88
        }
    },
    "months": {
        "2014-11": {
            "month": "2014-11",
            "price": "34.93",
            "revenue": 45990
        },
        "2014-12": {
            "month": "2014-12",
            "price": "34.58",
            "revenue": 60591
        },
        "2015-01": {
            "month": "2015-01",
            "price": "32.80",
            "revenue": 61890
        },
        "2015-02": {
            "month": "2015-02",
            "price": "32.93",
            "revenue": 49541
        },
        "2015-03": {
            "month": "2015-03",
            "price": "34.18",
            "revenue": 58304
        },
        "2015-04": {
            "month": "2015-04",
            "price": "34.85",
            "revenue": 50388
        },
        "2015-05": {
            "month": "2015-05",
            "price": "35.98",
            "revenue": 52159
        },
        "2015-06": {
            "month": "2015-06",
            "price": "34.32",
            "revenue": 49728
        },
        "2015-07": {
            "month": "2015-07",
            "price": "33.99",
            "revenue": 51750
        },
        "2015-08": {
            "month": "2015-08",
            "price": "37.00",
            "revenue": 43849
        },
        "2015-09": {
            "month": "2015-09",
            "price": "39.90",
            "revenue": 56298
        },
        "2015-10": {
            "month": "2015-10",
            "price": "40.31",
            "revenue": 57381
        },
        "2015-11": {
            "month": "2015-11",
            "price": "46.81",
            "revenue": 52016
        },
        "2015-12": {
            "month": "2015-12",
            "price": "58.62",
            "revenue": 61154
        },
        "2016-01": {
            "month": "2016-01",
            "price": "56.66",
            "revenue": 65396
        },
        "2016-02": {
            "month": "2016-02",
            "price": "55.41",
            "revenue": 45544
        },
        "2016-03": {
            "month": "2016-03",
            "price": "57.30",
            "revenue": 53749
        },
        "2016-04": {
            "month": "2016-04",
            "price": "56.93",
            "revenue": 59426
        },
        "2016-05": {
            "month": "2016-05",
            "price": "59.70",
            "revenue": 63409
        },
        "2016-06": {
            "month": "2016-06",
            "price": "66.90",
            "revenue": 63260
        },
        "2016-07": {
            "month": "2016-07",
            "price": "73.66",
            "revenue": 66652
        },
        "2016-08": {
            "month": "2016-08",
            "price": "74.11",
            "revenue": 68392
        },
        "2016-09": {
            "month": "2016-09",
            "price": "88.28",
            "revenue": 74131
        },
        "2016-10": {
            "month": "2016-10",
            "price": "132.95",
            "revenue": 63720
        },
        "2016-11": {
            "month": "2016-11",
            "price": "121.25",
            "revenue": 73062
        },
        "2016-12": {
            "month": "2016-12",
            "price": "113.11",
            "revenue": 72694
        },
        "2017-01": {
            "month": "2017-01",
            "price": "97.46",
            "revenue": 70945
        },
        "2017-02": {
            "month": "2017-02",
            "price": "99.86",
            "revenue": 62280
        },
        "2017-03": {
            "month": "2017-03",
            "price": "100.27",
            "revenue": 71482
        },
        "2017-04": {
            "month": "2017-04",
            "price": "94.27",
            "revenue": 69950
        },
        "2017-05": {
            "month": "2017-05",
            "price": "88.40",
            "revenue": 94066
        },
        "2017-06": {
            "month": "2017-06",
            "price": "105.98",
            "revenue": 84157
        },
        "2017-07": {
            "month": "2017-07",
            "price": "105.67",
            "revenue": 100078
        },
        "2017-08": {
            "month": "2017-08",
            "price": "134.72",
            "revenue": 82557
        },
        "2017-09": {
            "month": "2017-09",
            "price": "139.30",
            "revenue": 89216
        },
        "2017-10": {
            "month": "2017-10",
            "price": "135.16",
            "revenue": 81244
        },
        "2017-11": {
            "month": "2017-11",
            "price": "161.80",
            "revenue": 71296
        },
        "2017-12": {
            "month": "2017-12",
            "price": "160.40",
            "revenue": 78138
        },
        "2018-01": {
            "month": "2018-01",
            "price": "168.73",
            "revenue": 64512
        },
        "2018-02": {
            "month": "2018-02",
            "price": "151.92",
            "revenue": 56777
        },
        "2018-03": {
            "month": "2018-03",
            "price": "140.87",
            "revenue": 71533
        },
        "2018-04": {
            "month": "2018-04",
            "price": "160.00",
            "revenue": 82561
        },
        "2018-05": {
            "month": "2018-05",
            "price": "151.11",
            "revenue": 94712
        },
        "2018-06": {
            "month": "2018-06",
            "price": "147.68",
            "revenue": 86470
        },
        "2018-07": {
            "month": "2018-07",
            "price": "126.18",
            "revenue": 102979
        },
        "2018-08": {
            "month": "2018-08",
            "price": "107.98",
            "revenue": 102790
        },
        "2018-09": {
            "month": "2018-09",
            "price": "93.50",
            "revenue": 103633
        },
        "2018-10": {
            "month": "2018-10",
            "price": "90.14",
            "revenue": 114338
        },
        "2018-11": {
            "month": "2018-11",
            "price": "92.49",
            "revenue": 102709
        },
        "2018-12": {
            "month": "2018-12",
            "price": "97.77",
            "revenue": 97439
        },
        "2019-01": {
            "month": "2019-01",
            "price": "98.02",
            "revenue": 88495
        },
        "2019-02": {
            "month": "2019-02",
            "price": "103.65",
            "revenue": 73871
        },
        "2019-03": {
            "month": "2019-03",
            "price": "117.72",
            "revenue": 102029
        },
        "2019-04": {
            "month": "2019-04",
            "price": "117.88",
            "revenue": 107918
        },
        "2019-05": {
            "month": "2019-05",
            "price": "121.34",
            "revenue": 117983
        },
        "2019-06": {
            "month": "2019-06",
            "price": "124.13",
            "revenue": 128057
        },
        "2019-07": {
            "month": "2019-07",
            "price": "148.33",
            "revenue": 108309
        },
        "2019-08": {
            "month": "2019-08",
            "price": "141.69",
            "revenue": 121859
        },
        "2019-09": {
            "month": "2019-09",
            "price": "139.71",
            "revenue": 117740
        },
        "2019-10": {
            "month": "2019-10",
            "price": "127.71",
            "revenue": 112018
        },
        "2019-11": {
            "month": "2019-11",
            "price": "119.71",
            "revenue": 112022
        },
        "2019-12": {
            "month": "2019-12",
            "price": "117.45",
            "revenue": 106968
        },
        "2020-01": {
            "month": "2020-01",
            "price": "116.13",
            "revenue": 74389
        },
        "2020-02": {
            "month": "2020-02",
            "price": "110.82",
            "revenue": 83497
        },
        "2020-03": {
            "month": "2020-03",
            "price": "94.35",
            "revenue": 109792
        },
        "2020-04": {
            "month": "2020-04",
            "price": "94.64",
            "revenue": 126407
        },
        "2020-05": {
            "month": "2020-05",
            "price": "108.65",
            "revenue": 120091
        },
        "2020-06": {
            "month": "2020-06",
            "price": "113.22",
            "revenue": 123632
        },
        "2020-07": {
            "month": "2020-07",
            "price": "115.00",
            "revenue": 122233
        },
        "2020-08": {
            "month": "2020-08",
            "price": "125.83",
            "revenue": 105414
        },
        "2020-09": {
            "month": "2020-09",
            "price": "114.34",
            "revenue": 113409
        },
        "2020-10": {
            "month": "2020-10",
            "price": "110.21",
            "revenue": 106006
        },
        "2020-11": {
            "month": "2020-11",
            "price": "112.71",
            "revenue": 108820
        },
        "2020-12": {
            "month": "2020-12",
            "price": "109.22",
            "revenue": 117746
        },
        "2021-01": {
            "month": "2021-01",
            "price": "103.72",
            "revenue": 103568
        },
        "2021-02": {
            "month": "2021-02",
            "price": "105.05",
            "revenue": 85119
        },
        "2021-03": {
            "month": "2021-03",
            "price": "114.00",
            "revenue": 116718
        },
        "2021-04": {
            "month": "2021-04",
            "price": "115.55",
            "revenue": 123970
        },
        "2021-05": {
            "month": "2021-05",
            "price": "103.86",
            "revenue": 148814
        },
        "2021-06": {
            "month": "2021-06",
            "price": "105.29",
            "revenue": 111478
        },
        "2021-07": {
            "month": "2021-07",
            "price": "103.83",
            "revenue": 106458
        },
        "2021-08": {
            "month": "2021-08",
            "price": "93.00",
            "revenue": 122506
        },
        "2021-09": {
            "month": "2021-09",
            "price": "89.66",
            "revenue": 120343
        },
        "2021-10": {
            "month": "2021-10",
            "price": "89.56",
            "revenue": 136730
        },
        "2021-11": {
            "month": "2021-11",
            "price": "102.77",
            "revenue": 140904
        },
        "2021-12": {
            "month": "2021-12",
            "price": "110.70",
            "revenue": 154658
        },
        "2022-01": {
            "month": "2022-01",
            "price": "117.14",
            "revenue": 138196
        },
        "2022-02": {
            "month": "2022-02",
            "price": "127.07",
            "revenue": 104726
        },
        "2022-03": {
            "month": "2022-03",
            "price": "122.26",
            "revenue": 135761
        },
        "2022-04": {
            "month": "2022-04",
            "price": "128.61",
            "revenue": 132051
        },
        "2022-05": {
            "month": "2022-05",
            "price": "128.29",
            "revenue": 176414
        },
        "2022-06": {
            "month": "2022-06",
            "price": "127.83",
            "revenue": 186444
        },
        "2022-07": {
            "month": "2022-07",
            "price": "125.10",
            "revenue": 182456
        },
        "2022-08": {
            "month": "2022-08",
            "price": "154.78",
            "revenue": 177776
        },
        "2022-09": {
            "month": "2022-09",
            "price": "160.95",
            "revenue": 181889
        },
        "2022-10": {
            "month": "2022-10",
            "price": "147.16",
            "revenue": 164524
        },
        "2022-11": {
            "month": "2022-11",
            "price": "139.00",
            "revenue": 179217
        },
        "2022-12": {
            "month": "2022-12",
            "price": "157.00",
            "revenue": 171140
        },
        "2023-01": {
            "month": "2023-01",
            "price": "158.73",
            "revenue": 134402
        },
        "2023-02": {
            "month": "2023-02",
            "price": "160.69",
            "revenue": 137279
        },
        "2023-03": {
            "month": "2023-03",
            "price": "168.04",
            "revenue": 172422
        },
        "2023-04": {
            "month": "2023-04",
            "price": "178.24",
            "revenue": 157477
        }
    }
}
