{
    "summary": {
        "stock_name": "三竹",
        "stock_id": "8284",
        "category": "資訊服務",
        "main_business": "簡訊發送服務。<br>行動裝置平台系統程式的開發與建置等業務。",
        "website_url": "http://www.mitake.com.tw",
        "ceo": "邱宏哲",
        "pe_ratio": 11,
        "report_year_from": 2001,
        "report_year_to": 2023,
        "age": 22,
        "eps_negative_percentage": 0,
        "eps_growth_avg": {
            "last_all": 37.21,
            "last_2y": 37.21,
            "last_4y": null,
            "last_8y": null,
            "last_12y": null,
            "last_16y": null,
            "last_20y": null,
            "at_2006_last_3y": null,
            "at_2007_last_3y": null,
            "at_2008_last_3y": null,
            "at_2009_last_3y": null,
            "at_2010_last_3y": null,
            "at_2011_last_3y": null,
            "at_2012_last_3y": null,
            "at_2013_last_3y": null,
            "at_2014_last_3y": null,
            "at_2015_last_3y": null,
            "at_2016_last_3y": null,
            "at_2017_last_3y": null,
            "at_2018_last_3y": null,
            "at_2019_last_3y": null,
            "at_2020_last_3y": null,
            "at_2021_last_3y": null,
            "at_2022_last_3y": null,
            "at_2023_last_3y": null,
            "at_2006_last_all": null,
            "at_2007_last_all": null,
            "at_2008_last_all": null,
            "at_2009_last_all": null,
            "at_2010_last_all": null,
            "at_2011_last_all": null,
            "at_2012_last_all": null,
            "at_2013_last_all": null,
            "at_2014_last_all": null,
            "at_2015_last_all": null,
            "at_2016_last_all": null,
            "at_2017_last_all": null,
            "at_2018_last_all": null,
            "at_2019_last_all": null,
            "at_2020_last_all": 11.79,
            "at_2021_last_all": 29.89,
            "at_2022_last_all": 37.21,
            "at_2023_last_all": 37.21
        },
        "latest_eps": 5.65,
        "latest_price": 63.5,
        "latest_roe": 21.71,
        "latest_gross_margin": 22.65,
        "latest_equity": 1268611,
        "latest_revenue": 592560,
        "latest_gross_profit": 134217,
        "latest_net_income": 39027,
        "latest_debt_ratio": 30.13,
        "latest_current_ratio": 263.39,
        "latest_account_receivable_turnover_ratio": 2.16,
        "latest_inventory_turnover_ratio": 44.58,
        "latest_reinvestment_rate": null,
        "latest_research_to_sale_ratio": 6.45
    },
    "eps_dividends": {
        "2001": {
            "cash": 0,
            "stock": 0,
            "eps": 0
        },
        "2002": {
            "cash": 0,
            "stock": 0,
            "eps": 0
        },
        "2003": {
            "cash": 0.1,
            "stock": 0,
            "eps": 0
        },
        "2004": {
            "cash": 0.13,
            "stock": 0,
            "eps": 0
        },
        "2005": {
            "cash": 0,
            "stock": 0,
            "eps": 0
        },
        "2006": {
            "cash": 0,
            "stock": 0,
            "eps": 0
        },
        "2007": {
            "cash": 0.6,
            "stock": 0,
            "eps": 0
        },
        "2008": {
            "cash": 0,
            "stock": 0,
            "eps": 0
        },
        "2009": {
            "cash": 0,
            "stock": 0,
            "eps": 0
        },
        "2010": {
            "cash": 0.82,
            "stock": 0,
            "eps": 0
        },
        "2011": {
            "cash": 0,
            "stock": 0,
            "eps": 0
        },
        "2012": {
            "cash": 1.19,
            "stock": 1.19,
            "eps": 0
        },
        "2013": {
            "cash": 0,
            "stock": 0,
            "eps": 0
        },
        "2014": {
            "cash": 1.33,
            "stock": 0,
            "eps": 0
        },
        "2015": {
            "cash": 1.06,
            "stock": 1.56,
            "eps": 0
        },
        "2016": {
            "cash": 0.22,
            "stock": 1.11,
            "eps": 0
        },
        "2017": {
            "cash": 0,
            "stock": 0,
            "eps": 0
        },
        "2018": {
            "cash": 1.2,
            "stock": 0,
            "eps": 0
        },
        "2019": {
            "cash": 2.68,
            "stock": 0,
            "eps": 2.46
        },
        "2020": {
            "cash": 3,
            "stock": 0,
            "eps": 2.75
        },
        "2021": {
            "cash": 2.36,
            "stock": 0,
            "eps": 4.07
        },
        "2022": {
            "cash": 3,
            "stock": 0,
            "eps": 6.18
        },
        "2023": {
            "cash": 4,
            "stock": 0,
            "eps": 0.84
        }
    },
    "dividends": {
        "2003-04-28": {
            "cash": 0.1,
            "stock": 0
        },
        "2004-04-20": {
            "cash": 0.13,
            "stock": 0
        },
        "2007-03-29": {
            "cash": 0.6,
            "stock": 0
        },
        "2010-03-29": {
            "cash": 0.82,
            "stock": 0
        },
        "2012-04-10": {
            "cash": 1.19,
            "stock": 1.19
        },
        "2014-03-26": {
            "cash": 1.33,
            "stock": 0
        },
        "2015-12-02": {
            "cash": 1.06,
            "stock": 1.56
        },
        "2016-08-25": {
            "cash": 0.22,
            "stock": 1.11
        },
        "2018-07-31": {
            "cash": 1.2,
            "stock": 0
        },
        "2019-08-06": {
            "cash": 2.68,
            "stock": 0
        },
        "2020-07-22": {
            "cash": 3,
            "stock": 0
        },
        "2021-10-14": {
            "cash": 2.36,
            "stock": 0
        },
        "2022-07-22": {
            "cash": 3,
            "stock": 0
        },
        "2023-03-09": {
            "cash": 4,
            "stock": 0
        }
    },
    "prices": {
        "200101": "無",
        "200102": "無",
        "200103": "無",
        "200104": "無",
        "200105": "無",
        "200106": "無",
        "200107": "無",
        "200108": "無",
        "200109": "無",
        "200110": "無",
        "200111": "無",
        "200112": "無",
        "200201": "無",
        "200202": "無",
        "200203": "無",
        "200204": "無",
        "200205": "無",
        "200206": "無",
        "200207": "無",
        "200208": "無",
        "200209": "無",
        "200210": "無",
        "200211": "無",
        "200212": "無",
        "200301": "無",
        "200302": "無",
        "200303": "無",
        "200304": "無",
        "200305": "無",
        "200306": "無",
        "200307": "無",
        "200308": "無",
        "200309": "無",
        "200310": "無",
        "200311": "無",
        "200312": "無",
        "200401": "無",
        "200402": "無",
        "200403": "無",
        "200404": "無",
        "200405": "無",
        "200406": "無",
        "200407": "無",
        "200408": "無",
        "200409": "無",
        "200410": "無",
        "200411": "無",
        "200412": "無",
        "200501": "無",
        "200502": "無",
        "200503": "無",
        "200504": "無",
        "200505": "無",
        "200506": "無",
        "200507": "無",
        "200508": "無",
        "200509": "無",
        "200510": "無",
        "200511": "無",
        "200512": "無",
        "200601": "無",
        "200602": "無",
        "200603": "無",
        "200604": "無",
        "200605": "無",
        "200606": "無",
        "200607": "無",
        "200608": "無",
        "200609": "無",
        "200610": "無",
        "200611": "無",
        "200612": "無",
        "200701": "無",
        "200702": "無",
        "200703": "無",
        "200704": "無",
        "200705": "無",
        "200706": "無",
        "200707": "無",
        "200708": "無",
        "200709": "無",
        "200710": "無",
        "200711": "無",
        "200712": "無",
        "200801": "無",
        "200802": "無",
        "200803": "無",
        "200804": "無",
        "200805": "無",
        "200806": "無",
        "200807": "無",
        "200808": "無",
        "200809": "無",
        "200810": "無",
        "200811": "無",
        "200812": "無",
        "200901": "無",
        "200902": "無",
        "200903": "無",
        "200904": "無",
        "200905": "無",
        "200906": "無",
        "200907": "無",
        "200908": "無",
        "200909": "無",
        "200910": "無",
        "200911": "無",
        "200912": "無",
        "201001": "無",
        "201002": "無",
        "201003": "無",
        "201004": "無",
        "201005": "無",
        "201006": "無",
        "201007": "無",
        "201008": "無",
        "201009": "無",
        "201010": "無",
        "201011": "無",
        "201012": "無",
        "201101": "無",
        "201102": "無",
        "201103": "無",
        "201104": "無",
        "201105": "無",
        "201106": "無",
        "201107": "無",
        "201108": "無",
        "201109": "無",
        "201110": "無",
        "201111": "無",
        "201112": "無",
        "201201": "無",
        "201202": "無",
        "201203": "無",
        "201204": "無",
        "201205": "無",
        "201206": "無",
        "201207": "無",
        "201208": "無",
        "201209": "無",
        "201210": "無",
        "201211": "57.75",
        "201212": "58.99",
        "201301": "58.48",
        "201302": "59.50",
        "201303": "60.07",
        "201304": "60.24",
        "201305": "60.55",
        "201306": "60.37",
        "201307": "60.74",
        "201308": "60.17",
        "201309": "55.09",
        "201310": "56.05",
        "201311": "56.50",
        "201312": "55.90",
        "201401": "66.49",
        "201402": "64.43",
        "201403": "60.34",
        "201404": "58.25",
        "201405": "57.97",
        "201406": "56.51",
        "201407": "56.05",
        "201408": "52.08",
        "201409": "47.68",
        "201410": "47.39",
        "201411": "46.19",
        "201412": "45.02",
        "201501": "45.85",
        "201502": "46.19",
        "201503": "46.00",
        "201504": "48.61",
        "201505": "49.64",
        "201506": "47.91",
        "201507": "45.05",
        "201508": "42.05",
        "201509": "41.40",
        "201510": "42.22",
        "201511": "39.72",
        "201512": "38.98",
        "201601": "37.11",
        "201602": "35.91",
        "201603": "34.90",
        "201604": "35.25",
        "201605": "35.28",
        "201606": "34.02",
        "201607": "31.85",
        "201608": "30.33",
        "201609": "30.17",
        "201610": "30.18",
        "201611": "29.43",
        "201612": "28.63",
        "201701": "27.86",
        "201702": "28.37",
        "201703": "27.71",
        "201704": "27.35",
        "201705": "27.17",
        "201706": "26.83",
        "201707": "26.23",
        "201708": "26.09",
        "201709": "25.98",
        "201710": "25.94",
        "201711": "25.65",
        "201712": "25.81",
        "201801": "30.31",
        "201802": "34.97",
        "201803": "29.17",
        "201804": "28.04",
        "201805": "27.56",
        "201806": "27.91",
        "201807": "28.49",
        "201808": "31.45",
        "201809": "32.29",
        "201810": "28.94",
        "201811": "27.46",
        "201812": "30.67",
        "201901": "30.91",
        "201902": "33.08",
        "201903": "40.97",
        "201904": "48.40",
        "201905": "45.14",
        "201906": "49.13",
        "201907": "51.30",
        "201908": "59.61",
        "201909": "59.26",
        "201910": "60.39",
        "201911": "63.01",
        "201912": "65.57",
        "202001": "65.88",
        "202002": "63.71",
        "202003": "55.61",
        "202004": "64.26",
        "202005": "66.40",
        "202006": "64.34",
        "202007": "59.35",
        "202008": "53.71",
        "202009": "51.16",
        "202010": "49.27",
        "202011": "49.29",
        "202012": "49.02",
        "202101": "48.70",
        "202102": "47.90",
        "202103": "48.69",
        "202104": "49.43",
        "202105": "46.46",
        "202106": "46.97",
        "202107": "46.86",
        "202108": "45.51",
        "202109": "45.77",
        "202110": "44.83",
        "202111": "45.63",
        "202112": "45.75",
        "202201": "45.35",
        "202202": "46.02",
        "202203": "51.67",
        "202204": "56.16",
        "202205": "54.90",
        "202206": "51.84",
        "202207": "48.60",
        "202208": "51.80",
        "202209": "53.31",
        "202210": "51.64",
        "202211": "52.17",
        "202212": "54.90",
        "202301": "57.28",
        "202302": "59.53",
        "202303": "63.13",
        "202304": "64.80",
        "202305": "63.75",
        "202306": "63.19"
    },
    "quarters": {
        "20011": {
            "year_quarter": 20011,
            "year": 2001,
            "quarter": 1,
            "eps": null,
            "eps_growth_year": null,
            "eps_4q": null,
            "eps_4q_growth_year": null,
            "roe": null,
            "roe_4q": 0,
            "gross_profit": null,
            "gross_margin": null,
            "gross_margin_4q_avg": 0,
            "net_income": null,
            "revenue": null,
            "common_shares": null,
            "book_valuer_per_share": null,
            "book_valuer_per_share_4q_avg": 0,
            "equity": null,
            "current_ratio": null,
            "debt_ratio": null,
            "inventory_turnover_ratio": null,
            "account_receivable_turnover_ratio": null,
            "reinvestment_rate": null,
            "research_to_sale_ratio": null,
            "price_fair": 0,
            "eps_avg_yearly": 0,
            "eps_latest_yearly": 0,
            "eps_growth_yearly": 0
        },
        "20012": {
            "year_quarter": 20012,
            "year": 2001,
            "quarter": 2,
            "eps": null,
            "eps_growth_year": null,
            "eps_4q": null,
            "eps_4q_growth_year": null,
            "roe": null,
            "roe_4q": 0,
            "gross_profit": null,
            "gross_margin": null,
            "gross_margin_4q_avg": 0,
            "net_income": null,
            "revenue": null,
            "common_shares": null,
            "book_valuer_per_share": null,
            "book_valuer_per_share_4q_avg": 0,
            "equity": null,
            "current_ratio": null,
            "debt_ratio": null,
            "inventory_turnover_ratio": null,
            "account_receivable_turnover_ratio": null,
            "reinvestment_rate": null,
            "research_to_sale_ratio": null,
            "price_fair": 0,
            "eps_avg_yearly": 0,
            "eps_latest_yearly": 0,
            "eps_growth_yearly": 0
        },
        "20013": {
            "year_quarter": 20013,
            "year": 2001,
            "quarter": 3,
            "eps": null,
            "eps_growth_year": null,
            "eps_4q": null,
            "eps_4q_growth_year": null,
            "roe": null,
            "roe_4q": 0,
            "gross_profit": null,
            "gross_margin": null,
            "gross_margin_4q_avg": 0,
            "net_income": null,
            "revenue": null,
            "common_shares": null,
            "book_valuer_per_share": null,
            "book_valuer_per_share_4q_avg": 0,
            "equity": null,
            "current_ratio": null,
            "debt_ratio": null,
            "inventory_turnover_ratio": null,
            "account_receivable_turnover_ratio": null,
            "reinvestment_rate": null,
            "research_to_sale_ratio": null,
            "price_fair": 0,
            "eps_avg_yearly": 0,
            "eps_latest_yearly": 0,
            "eps_growth_yearly": 0
        },
        "20014": {
            "year_quarter": 20014,
            "year": 2001,
            "quarter": 4,
            "eps": null,
            "eps_growth_year": null,
            "eps_4q": null,
            "eps_4q_growth_year": null,
            "roe": null,
            "roe_4q": 0,
            "gross_profit": null,
            "gross_margin": null,
            "gross_margin_4q_avg": 0,
            "net_income": null,
            "revenue": null,
            "common_shares": null,
            "book_valuer_per_share": null,
            "book_valuer_per_share_4q_avg": 0,
            "equity": null,
            "current_ratio": null,
            "debt_ratio": null,
            "inventory_turnover_ratio": null,
            "account_receivable_turnover_ratio": null,
            "reinvestment_rate": null,
            "research_to_sale_ratio": null,
            "price_fair": 0,
            "eps_avg_yearly": 0,
            "eps_latest_yearly": 0,
            "eps_growth_yearly": 0
        },
        "20021": {
            "year_quarter": 20021,
            "year": 2002,
            "quarter": 1,
            "eps": null,
            "eps_growth_year": null,
            "eps_4q": null,
            "eps_4q_growth_year": null,
            "roe": null,
            "roe_4q": 0,
            "gross_profit": null,
            "gross_margin": null,
            "gross_margin_4q_avg": 0,
            "net_income": null,
            "revenue": null,
            "common_shares": null,
            "book_valuer_per_share": null,
            "book_valuer_per_share_4q_avg": 0,
            "equity": null,
            "current_ratio": null,
            "debt_ratio": null,
            "inventory_turnover_ratio": null,
            "account_receivable_turnover_ratio": null,
            "reinvestment_rate": null,
            "research_to_sale_ratio": null,
            "price_fair": 0,
            "eps_avg_yearly": 0,
            "eps_latest_yearly": 0,
            "eps_growth_yearly": 0
        },
        "20022": {
            "year_quarter": 20022,
            "year": 2002,
            "quarter": 2,
            "eps": null,
            "eps_growth_year": null,
            "eps_4q": null,
            "eps_4q_growth_year": null,
            "roe": null,
            "roe_4q": 0,
            "gross_profit": null,
            "gross_margin": null,
            "gross_margin_4q_avg": 0,
            "net_income": null,
            "revenue": null,
            "common_shares": null,
            "book_valuer_per_share": null,
            "book_valuer_per_share_4q_avg": 0,
            "equity": null,
            "current_ratio": null,
            "debt_ratio": null,
            "inventory_turnover_ratio": null,
            "account_receivable_turnover_ratio": null,
            "reinvestment_rate": null,
            "research_to_sale_ratio": null,
            "price_fair": 0,
            "eps_avg_yearly": 0,
            "eps_latest_yearly": 0,
            "eps_growth_yearly": 0
        },
        "20023": {
            "year_quarter": 20023,
            "year": 2002,
            "quarter": 3,
            "eps": null,
            "eps_growth_year": null,
            "eps_4q": null,
            "eps_4q_growth_year": null,
            "roe": null,
            "roe_4q": 0,
            "gross_profit": null,
            "gross_margin": null,
            "gross_margin_4q_avg": 0,
            "net_income": null,
            "revenue": null,
            "common_shares": null,
            "book_valuer_per_share": null,
            "book_valuer_per_share_4q_avg": 0,
            "equity": null,
            "current_ratio": null,
            "debt_ratio": null,
            "inventory_turnover_ratio": null,
            "account_receivable_turnover_ratio": null,
            "reinvestment_rate": null,
            "research_to_sale_ratio": null,
            "price_fair": 0,
            "eps_avg_yearly": 0,
            "eps_latest_yearly": 0,
            "eps_growth_yearly": 0
        },
        "20024": {
            "year_quarter": 20024,
            "year": 2002,
            "quarter": 4,
            "eps": null,
            "eps_growth_year": null,
            "eps_4q": null,
            "eps_4q_growth_year": null,
            "roe": null,
            "roe_4q": 0,
            "gross_profit": null,
            "gross_margin": null,
            "gross_margin_4q_avg": 0,
            "net_income": null,
            "revenue": null,
            "common_shares": null,
            "book_valuer_per_share": null,
            "book_valuer_per_share_4q_avg": 0,
            "equity": null,
            "current_ratio": null,
            "debt_ratio": null,
            "inventory_turnover_ratio": null,
            "account_receivable_turnover_ratio": null,
            "reinvestment_rate": null,
            "research_to_sale_ratio": null,
            "price_fair": 0,
            "eps_avg_yearly": 0,
            "eps_latest_yearly": 0,
            "eps_growth_yearly": 0
        },
        "20031": {
            "year_quarter": 20031,
            "year": 2003,
            "quarter": 1,
            "eps": null,
            "eps_growth_year": null,
            "eps_4q": null,
            "eps_4q_growth_year": null,
            "roe": null,
            "roe_4q": 0,
            "gross_profit": null,
            "gross_margin": null,
            "gross_margin_4q_avg": 0,
            "net_income": null,
            "revenue": null,
            "common_shares": null,
            "book_valuer_per_share": null,
            "book_valuer_per_share_4q_avg": 0,
            "equity": null,
            "current_ratio": null,
            "debt_ratio": null,
            "inventory_turnover_ratio": null,
            "account_receivable_turnover_ratio": null,
            "reinvestment_rate": null,
            "research_to_sale_ratio": null,
            "price_fair": 0,
            "eps_avg_yearly": 0,
            "eps_latest_yearly": 0,
            "eps_growth_yearly": 0
        },
        "20032": {
            "year_quarter": 20032,
            "year": 2003,
            "quarter": 2,
            "eps": null,
            "eps_growth_year": null,
            "eps_4q": null,
            "eps_4q_growth_year": null,
            "roe": null,
            "roe_4q": 0,
            "gross_profit": null,
            "gross_margin": null,
            "gross_margin_4q_avg": 0,
            "net_income": null,
            "revenue": null,
            "common_shares": null,
            "book_valuer_per_share": null,
            "book_valuer_per_share_4q_avg": 0,
            "equity": null,
            "current_ratio": null,
            "debt_ratio": null,
            "inventory_turnover_ratio": null,
            "account_receivable_turnover_ratio": null,
            "reinvestment_rate": null,
            "research_to_sale_ratio": null,
            "price_fair": 0,
            "eps_avg_yearly": 0,
            "eps_latest_yearly": 0,
            "eps_growth_yearly": 0
        },
        "20033": {
            "year_quarter": 20033,
            "year": 2003,
            "quarter": 3,
            "eps": null,
            "eps_growth_year": null,
            "eps_4q": null,
            "eps_4q_growth_year": null,
            "roe": null,
            "roe_4q": 0,
            "gross_profit": null,
            "gross_margin": null,
            "gross_margin_4q_avg": 0,
            "net_income": null,
            "revenue": null,
            "common_shares": null,
            "book_valuer_per_share": null,
            "book_valuer_per_share_4q_avg": 0,
            "equity": null,
            "current_ratio": null,
            "debt_ratio": null,
            "inventory_turnover_ratio": null,
            "account_receivable_turnover_ratio": null,
            "reinvestment_rate": null,
            "research_to_sale_ratio": null,
            "price_fair": 0,
            "eps_avg_yearly": 0,
            "eps_latest_yearly": 0,
            "eps_growth_yearly": 0
        },
        "20034": {
            "year_quarter": 20034,
            "year": 2003,
            "quarter": 4,
            "eps": null,
            "eps_growth_year": null,
            "eps_4q": null,
            "eps_4q_growth_year": null,
            "roe": null,
            "roe_4q": 0,
            "gross_profit": null,
            "gross_margin": null,
            "gross_margin_4q_avg": 0,
            "net_income": null,
            "revenue": null,
            "common_shares": null,
            "book_valuer_per_share": null,
            "book_valuer_per_share_4q_avg": 0,
            "equity": null,
            "current_ratio": null,
            "debt_ratio": null,
            "inventory_turnover_ratio": null,
            "account_receivable_turnover_ratio": null,
            "reinvestment_rate": null,
            "research_to_sale_ratio": null,
            "price_fair": 0,
            "eps_avg_yearly": 0,
            "eps_latest_yearly": 0,
            "eps_growth_yearly": 0
        },
        "20041": {
            "year_quarter": 20041,
            "year": 2004,
            "quarter": 1,
            "eps": null,
            "eps_growth_year": null,
            "eps_4q": null,
            "eps_4q_growth_year": null,
            "roe": null,
            "roe_4q": 0,
            "gross_profit": null,
            "gross_margin": null,
            "gross_margin_4q_avg": 0,
            "net_income": null,
            "revenue": null,
            "common_shares": null,
            "book_valuer_per_share": null,
            "book_valuer_per_share_4q_avg": 0,
            "equity": null,
            "current_ratio": null,
            "debt_ratio": null,
            "inventory_turnover_ratio": null,
            "account_receivable_turnover_ratio": null,
            "reinvestment_rate": null,
            "research_to_sale_ratio": null,
            "price_fair": 0,
            "eps_avg_yearly": 0,
            "eps_latest_yearly": 0,
            "eps_growth_yearly": 0
        },
        "20042": {
            "year_quarter": 20042,
            "year": 2004,
            "quarter": 2,
            "eps": null,
            "eps_growth_year": null,
            "eps_4q": null,
            "eps_4q_growth_year": null,
            "roe": null,
            "roe_4q": 0,
            "gross_profit": null,
            "gross_margin": null,
            "gross_margin_4q_avg": 0,
            "net_income": null,
            "revenue": null,
            "common_shares": null,
            "book_valuer_per_share": null,
            "book_valuer_per_share_4q_avg": 0,
            "equity": null,
            "current_ratio": null,
            "debt_ratio": null,
            "inventory_turnover_ratio": null,
            "account_receivable_turnover_ratio": null,
            "reinvestment_rate": null,
            "research_to_sale_ratio": null,
            "price_fair": 0,
            "eps_avg_yearly": 0,
            "eps_latest_yearly": 0,
            "eps_growth_yearly": 0
        },
        "20043": {
            "year_quarter": 20043,
            "year": 2004,
            "quarter": 3,
            "eps": null,
            "eps_growth_year": null,
            "eps_4q": null,
            "eps_4q_growth_year": null,
            "roe": null,
            "roe_4q": 0,
            "gross_profit": null,
            "gross_margin": null,
            "gross_margin_4q_avg": 0,
            "net_income": null,
            "revenue": null,
            "common_shares": null,
            "book_valuer_per_share": null,
            "book_valuer_per_share_4q_avg": 0,
            "equity": null,
            "current_ratio": null,
            "debt_ratio": null,
            "inventory_turnover_ratio": null,
            "account_receivable_turnover_ratio": null,
            "reinvestment_rate": null,
            "research_to_sale_ratio": null,
            "price_fair": 0,
            "eps_avg_yearly": 0,
            "eps_latest_yearly": 0,
            "eps_growth_yearly": 0
        },
        "20044": {
            "year_quarter": 20044,
            "year": 2004,
            "quarter": 4,
            "eps": null,
            "eps_growth_year": null,
            "eps_4q": null,
            "eps_4q_growth_year": null,
            "roe": null,
            "roe_4q": 0,
            "gross_profit": null,
            "gross_margin": null,
            "gross_margin_4q_avg": 0,
            "net_income": null,
            "revenue": null,
            "common_shares": null,
            "book_valuer_per_share": null,
            "book_valuer_per_share_4q_avg": 0,
            "equity": null,
            "current_ratio": null,
            "debt_ratio": null,
            "inventory_turnover_ratio": null,
            "account_receivable_turnover_ratio": null,
            "reinvestment_rate": null,
            "research_to_sale_ratio": null,
            "price_fair": 0,
            "eps_avg_yearly": 0,
            "eps_latest_yearly": 0,
            "eps_growth_yearly": 0
        },
        "20051": {
            "year_quarter": 20051,
            "year": 2005,
            "quarter": 1,
            "eps": null,
            "eps_growth_year": null,
            "eps_4q": null,
            "eps_4q_growth_year": null,
            "roe": null,
            "roe_4q": 0,
            "gross_profit": null,
            "gross_margin": null,
            "gross_margin_4q_avg": 0,
            "net_income": null,
            "revenue": null,
            "common_shares": null,
            "book_valuer_per_share": null,
            "book_valuer_per_share_4q_avg": 0,
            "equity": null,
            "current_ratio": null,
            "debt_ratio": null,
            "inventory_turnover_ratio": null,
            "account_receivable_turnover_ratio": null,
            "reinvestment_rate": null,
            "research_to_sale_ratio": null,
            "price_fair": 0,
            "eps_avg_yearly": 0,
            "eps_latest_yearly": 0,
            "eps_growth_yearly": 0
        },
        "20052": {
            "year_quarter": 20052,
            "year": 2005,
            "quarter": 2,
            "eps": null,
            "eps_growth_year": null,
            "eps_4q": null,
            "eps_4q_growth_year": null,
            "roe": null,
            "roe_4q": 0,
            "gross_profit": null,
            "gross_margin": null,
            "gross_margin_4q_avg": 0,
            "net_income": null,
            "revenue": null,
            "common_shares": null,
            "book_valuer_per_share": null,
            "book_valuer_per_share_4q_avg": 0,
            "equity": null,
            "current_ratio": null,
            "debt_ratio": null,
            "inventory_turnover_ratio": null,
            "account_receivable_turnover_ratio": null,
            "reinvestment_rate": null,
            "research_to_sale_ratio": null,
            "price_fair": 0,
            "eps_avg_yearly": 0,
            "eps_latest_yearly": 0,
            "eps_growth_yearly": 0
        },
        "20053": {
            "year_quarter": 20053,
            "year": 2005,
            "quarter": 3,
            "eps": null,
            "eps_growth_year": null,
            "eps_4q": null,
            "eps_4q_growth_year": null,
            "roe": null,
            "roe_4q": 0,
            "gross_profit": null,
            "gross_margin": null,
            "gross_margin_4q_avg": 0,
            "net_income": null,
            "revenue": null,
            "common_shares": null,
            "book_valuer_per_share": null,
            "book_valuer_per_share_4q_avg": 0,
            "equity": null,
            "current_ratio": null,
            "debt_ratio": null,
            "inventory_turnover_ratio": null,
            "account_receivable_turnover_ratio": null,
            "reinvestment_rate": null,
            "research_to_sale_ratio": null,
            "price_fair": 0,
            "eps_avg_yearly": 0,
            "eps_latest_yearly": 0,
            "eps_growth_yearly": 0
        },
        "20054": {
            "year_quarter": 20054,
            "year": 2005,
            "quarter": 4,
            "eps": null,
            "eps_growth_year": null,
            "eps_4q": null,
            "eps_4q_growth_year": null,
            "roe": null,
            "roe_4q": 0,
            "gross_profit": null,
            "gross_margin": null,
            "gross_margin_4q_avg": 0,
            "net_income": null,
            "revenue": null,
            "common_shares": null,
            "book_valuer_per_share": null,
            "book_valuer_per_share_4q_avg": 0,
            "equity": null,
            "current_ratio": null,
            "debt_ratio": null,
            "inventory_turnover_ratio": null,
            "account_receivable_turnover_ratio": null,
            "reinvestment_rate": null,
            "research_to_sale_ratio": null,
            "price_fair": 0,
            "eps_avg_yearly": 0,
            "eps_latest_yearly": 0,
            "eps_growth_yearly": 0
        },
        "20061": {
            "year_quarter": 20061,
            "year": 2006,
            "quarter": 1,
            "eps": null,
            "eps_growth_year": null,
            "eps_4q": null,
            "eps_4q_growth_year": null,
            "roe": null,
            "roe_4q": 0,
            "gross_profit": null,
            "gross_margin": null,
            "gross_margin_4q_avg": 0,
            "net_income": null,
            "revenue": null,
            "common_shares": null,
            "book_valuer_per_share": null,
            "book_valuer_per_share_4q_avg": 0,
            "equity": null,
            "current_ratio": null,
            "debt_ratio": null,
            "inventory_turnover_ratio": null,
            "account_receivable_turnover_ratio": null,
            "reinvestment_rate": null,
            "research_to_sale_ratio": null,
            "price_fair": 0,
            "eps_avg_yearly": 0,
            "eps_latest_yearly": 0,
            "eps_growth_yearly": 0
        },
        "20062": {
            "year_quarter": 20062,
            "year": 2006,
            "quarter": 2,
            "eps": null,
            "eps_growth_year": null,
            "eps_4q": null,
            "eps_4q_growth_year": null,
            "roe": null,
            "roe_4q": 0,
            "gross_profit": null,
            "gross_margin": null,
            "gross_margin_4q_avg": 0,
            "net_income": null,
            "revenue": null,
            "common_shares": null,
            "book_valuer_per_share": null,
            "book_valuer_per_share_4q_avg": 0,
            "equity": null,
            "current_ratio": null,
            "debt_ratio": null,
            "inventory_turnover_ratio": null,
            "account_receivable_turnover_ratio": null,
            "reinvestment_rate": null,
            "research_to_sale_ratio": null,
            "price_fair": 0,
            "eps_avg_yearly": 0,
            "eps_latest_yearly": 0,
            "eps_growth_yearly": 0
        },
        "20063": {
            "year_quarter": 20063,
            "year": 2006,
            "quarter": 3,
            "eps": null,
            "eps_growth_year": null,
            "eps_4q": null,
            "eps_4q_growth_year": null,
            "roe": null,
            "roe_4q": 0,
            "gross_profit": null,
            "gross_margin": null,
            "gross_margin_4q_avg": 0,
            "net_income": null,
            "revenue": null,
            "common_shares": null,
            "book_valuer_per_share": null,
            "book_valuer_per_share_4q_avg": 0,
            "equity": null,
            "current_ratio": null,
            "debt_ratio": null,
            "inventory_turnover_ratio": null,
            "account_receivable_turnover_ratio": null,
            "reinvestment_rate": null,
            "research_to_sale_ratio": null,
            "price_fair": 0,
            "eps_avg_yearly": 0,
            "eps_latest_yearly": 0,
            "eps_growth_yearly": 0
        },
        "20064": {
            "year_quarter": 20064,
            "year": 2006,
            "quarter": 4,
            "eps": null,
            "eps_growth_year": null,
            "eps_4q": null,
            "eps_4q_growth_year": null,
            "roe": null,
            "roe_4q": 0,
            "gross_profit": null,
            "gross_margin": null,
            "gross_margin_4q_avg": 0,
            "net_income": null,
            "revenue": null,
            "common_shares": null,
            "book_valuer_per_share": null,
            "book_valuer_per_share_4q_avg": 0,
            "equity": null,
            "current_ratio": null,
            "debt_ratio": null,
            "inventory_turnover_ratio": null,
            "account_receivable_turnover_ratio": null,
            "reinvestment_rate": null,
            "research_to_sale_ratio": null,
            "price_fair": 0,
            "eps_avg_yearly": 0,
            "eps_latest_yearly": 0,
            "eps_growth_yearly": 0
        },
        "20071": {
            "year_quarter": 20071,
            "year": 2007,
            "quarter": 1,
            "eps": null,
            "eps_growth_year": null,
            "eps_4q": null,
            "eps_4q_growth_year": null,
            "roe": null,
            "roe_4q": 0,
            "gross_profit": null,
            "gross_margin": null,
            "gross_margin_4q_avg": 0,
            "net_income": null,
            "revenue": null,
            "common_shares": null,
            "book_valuer_per_share": null,
            "book_valuer_per_share_4q_avg": 0,
            "equity": null,
            "current_ratio": null,
            "debt_ratio": null,
            "inventory_turnover_ratio": null,
            "account_receivable_turnover_ratio": null,
            "reinvestment_rate": null,
            "research_to_sale_ratio": null,
            "price_fair": 0,
            "eps_avg_yearly": 0,
            "eps_latest_yearly": 0,
            "eps_growth_yearly": 0
        },
        "20072": {
            "year_quarter": 20072,
            "year": 2007,
            "quarter": 2,
            "eps": null,
            "eps_growth_year": null,
            "eps_4q": null,
            "eps_4q_growth_year": null,
            "roe": null,
            "roe_4q": 0,
            "gross_profit": null,
            "gross_margin": null,
            "gross_margin_4q_avg": 0,
            "net_income": null,
            "revenue": null,
            "common_shares": null,
            "book_valuer_per_share": null,
            "book_valuer_per_share_4q_avg": 0,
            "equity": null,
            "current_ratio": null,
            "debt_ratio": null,
            "inventory_turnover_ratio": null,
            "account_receivable_turnover_ratio": null,
            "reinvestment_rate": null,
            "research_to_sale_ratio": null,
            "price_fair": 0,
            "eps_avg_yearly": 0,
            "eps_latest_yearly": 0,
            "eps_growth_yearly": 0
        },
        "20073": {
            "year_quarter": 20073,
            "year": 2007,
            "quarter": 3,
            "eps": null,
            "eps_growth_year": null,
            "eps_4q": null,
            "eps_4q_growth_year": null,
            "roe": null,
            "roe_4q": 0,
            "gross_profit": null,
            "gross_margin": null,
            "gross_margin_4q_avg": 0,
            "net_income": null,
            "revenue": null,
            "common_shares": null,
            "book_valuer_per_share": null,
            "book_valuer_per_share_4q_avg": 0,
            "equity": null,
            "current_ratio": null,
            "debt_ratio": null,
            "inventory_turnover_ratio": null,
            "account_receivable_turnover_ratio": null,
            "reinvestment_rate": null,
            "research_to_sale_ratio": null,
            "price_fair": 0,
            "eps_avg_yearly": 0,
            "eps_latest_yearly": 0,
            "eps_growth_yearly": 0
        },
        "20074": {
            "year_quarter": 20074,
            "year": 2007,
            "quarter": 4,
            "eps": null,
            "eps_growth_year": null,
            "eps_4q": null,
            "eps_4q_growth_year": null,
            "roe": null,
            "roe_4q": 0,
            "gross_profit": null,
            "gross_margin": null,
            "gross_margin_4q_avg": 0,
            "net_income": null,
            "revenue": null,
            "common_shares": null,
            "book_valuer_per_share": null,
            "book_valuer_per_share_4q_avg": 0,
            "equity": null,
            "current_ratio": null,
            "debt_ratio": null,
            "inventory_turnover_ratio": null,
            "account_receivable_turnover_ratio": null,
            "reinvestment_rate": null,
            "research_to_sale_ratio": null,
            "price_fair": 0,
            "eps_avg_yearly": 0,
            "eps_latest_yearly": 0,
            "eps_growth_yearly": 0
        },
        "20081": {
            "year_quarter": 20081,
            "year": 2008,
            "quarter": 1,
            "eps": null,
            "eps_growth_year": null,
            "eps_4q": null,
            "eps_4q_growth_year": null,
            "roe": null,
            "roe_4q": 0,
            "gross_profit": null,
            "gross_margin": null,
            "gross_margin_4q_avg": 0,
            "net_income": null,
            "revenue": null,
            "common_shares": null,
            "book_valuer_per_share": null,
            "book_valuer_per_share_4q_avg": 0,
            "equity": null,
            "current_ratio": null,
            "debt_ratio": null,
            "inventory_turnover_ratio": null,
            "account_receivable_turnover_ratio": null,
            "reinvestment_rate": null,
            "research_to_sale_ratio": null,
            "price_fair": 0,
            "eps_avg_yearly": 0,
            "eps_latest_yearly": 0,
            "eps_growth_yearly": 0
        },
        "20082": {
            "year_quarter": 20082,
            "year": 2008,
            "quarter": 2,
            "eps": null,
            "eps_growth_year": null,
            "eps_4q": null,
            "eps_4q_growth_year": null,
            "roe": null,
            "roe_4q": 0,
            "gross_profit": null,
            "gross_margin": null,
            "gross_margin_4q_avg": 0,
            "net_income": null,
            "revenue": null,
            "common_shares": null,
            "book_valuer_per_share": null,
            "book_valuer_per_share_4q_avg": 0,
            "equity": null,
            "current_ratio": null,
            "debt_ratio": null,
            "inventory_turnover_ratio": null,
            "account_receivable_turnover_ratio": null,
            "reinvestment_rate": null,
            "research_to_sale_ratio": null,
            "price_fair": 0,
            "eps_avg_yearly": 0,
            "eps_latest_yearly": 0,
            "eps_growth_yearly": 0
        },
        "20083": {
            "year_quarter": 20083,
            "year": 2008,
            "quarter": 3,
            "eps": null,
            "eps_growth_year": null,
            "eps_4q": null,
            "eps_4q_growth_year": null,
            "roe": null,
            "roe_4q": 0,
            "gross_profit": null,
            "gross_margin": null,
            "gross_margin_4q_avg": 0,
            "net_income": null,
            "revenue": null,
            "common_shares": null,
            "book_valuer_per_share": null,
            "book_valuer_per_share_4q_avg": 0,
            "equity": null,
            "current_ratio": null,
            "debt_ratio": null,
            "inventory_turnover_ratio": null,
            "account_receivable_turnover_ratio": null,
            "reinvestment_rate": null,
            "research_to_sale_ratio": null,
            "price_fair": 0,
            "eps_avg_yearly": 0,
            "eps_latest_yearly": 0,
            "eps_growth_yearly": 0
        },
        "20084": {
            "year_quarter": 20084,
            "year": 2008,
            "quarter": 4,
            "eps": null,
            "eps_growth_year": null,
            "eps_4q": null,
            "eps_4q_growth_year": null,
            "roe": null,
            "roe_4q": 0,
            "gross_profit": null,
            "gross_margin": null,
            "gross_margin_4q_avg": 0,
            "net_income": null,
            "revenue": null,
            "common_shares": null,
            "book_valuer_per_share": null,
            "book_valuer_per_share_4q_avg": 0,
            "equity": null,
            "current_ratio": null,
            "debt_ratio": null,
            "inventory_turnover_ratio": null,
            "account_receivable_turnover_ratio": null,
            "reinvestment_rate": null,
            "research_to_sale_ratio": null,
            "price_fair": 0,
            "eps_avg_yearly": 0,
            "eps_latest_yearly": 0,
            "eps_growth_yearly": 0
        },
        "20091": {
            "year_quarter": 20091,
            "year": 2009,
            "quarter": 1,
            "eps": null,
            "eps_growth_year": null,
            "eps_4q": null,
            "eps_4q_growth_year": null,
            "roe": null,
            "roe_4q": 0,
            "gross_profit": null,
            "gross_margin": null,
            "gross_margin_4q_avg": 0,
            "net_income": null,
            "revenue": null,
            "common_shares": null,
            "book_valuer_per_share": null,
            "book_valuer_per_share_4q_avg": 0,
            "equity": null,
            "current_ratio": null,
            "debt_ratio": null,
            "inventory_turnover_ratio": null,
            "account_receivable_turnover_ratio": null,
            "reinvestment_rate": null,
            "research_to_sale_ratio": null,
            "price_fair": 0,
            "eps_avg_yearly": 0,
            "eps_latest_yearly": 0,
            "eps_growth_yearly": 0
        },
        "20092": {
            "year_quarter": 20092,
            "year": 2009,
            "quarter": 2,
            "eps": null,
            "eps_growth_year": null,
            "eps_4q": null,
            "eps_4q_growth_year": null,
            "roe": null,
            "roe_4q": 0,
            "gross_profit": null,
            "gross_margin": null,
            "gross_margin_4q_avg": 0,
            "net_income": null,
            "revenue": null,
            "common_shares": null,
            "book_valuer_per_share": null,
            "book_valuer_per_share_4q_avg": 0,
            "equity": null,
            "current_ratio": null,
            "debt_ratio": null,
            "inventory_turnover_ratio": null,
            "account_receivable_turnover_ratio": null,
            "reinvestment_rate": null,
            "research_to_sale_ratio": null,
            "price_fair": 0,
            "eps_avg_yearly": 0,
            "eps_latest_yearly": 0,
            "eps_growth_yearly": 0
        },
        "20093": {
            "year_quarter": 20093,
            "year": 2009,
            "quarter": 3,
            "eps": null,
            "eps_growth_year": null,
            "eps_4q": null,
            "eps_4q_growth_year": null,
            "roe": null,
            "roe_4q": 0,
            "gross_profit": null,
            "gross_margin": null,
            "gross_margin_4q_avg": 0,
            "net_income": null,
            "revenue": null,
            "common_shares": null,
            "book_valuer_per_share": null,
            "book_valuer_per_share_4q_avg": 0,
            "equity": null,
            "current_ratio": null,
            "debt_ratio": null,
            "inventory_turnover_ratio": null,
            "account_receivable_turnover_ratio": null,
            "reinvestment_rate": null,
            "research_to_sale_ratio": null,
            "price_fair": 0,
            "eps_avg_yearly": 0,
            "eps_latest_yearly": 0,
            "eps_growth_yearly": 0
        },
        "20094": {
            "year_quarter": 20094,
            "year": 2009,
            "quarter": 4,
            "eps": null,
            "eps_growth_year": null,
            "eps_4q": null,
            "eps_4q_growth_year": null,
            "roe": null,
            "roe_4q": 0,
            "gross_profit": null,
            "gross_margin": null,
            "gross_margin_4q_avg": 0,
            "net_income": null,
            "revenue": null,
            "common_shares": 232708,
            "book_valuer_per_share": null,
            "book_valuer_per_share_4q_avg": 0,
            "equity": 260403,
            "current_ratio": null,
            "debt_ratio": null,
            "inventory_turnover_ratio": null,
            "account_receivable_turnover_ratio": null,
            "reinvestment_rate": null,
            "research_to_sale_ratio": null,
            "price_fair": 0,
            "eps_avg_yearly": 0,
            "eps_latest_yearly": 0,
            "eps_growth_yearly": 0
        },
        "20101": {
            "year_quarter": 20101,
            "year": 2010,
            "quarter": 1,
            "eps": null,
            "eps_growth_year": null,
            "eps_4q": null,
            "eps_4q_growth_year": null,
            "roe": null,
            "roe_4q": 0,
            "gross_profit": null,
            "gross_margin": null,
            "gross_margin_4q_avg": 0,
            "net_income": null,
            "revenue": null,
            "common_shares": null,
            "book_valuer_per_share": null,
            "book_valuer_per_share_4q_avg": 0,
            "equity": null,
            "current_ratio": null,
            "debt_ratio": null,
            "inventory_turnover_ratio": null,
            "account_receivable_turnover_ratio": null,
            "reinvestment_rate": null,
            "research_to_sale_ratio": null,
            "price_fair": 0,
            "eps_avg_yearly": 0,
            "eps_latest_yearly": 0,
            "eps_growth_yearly": 0
        },
        "20102": {
            "year_quarter": 20102,
            "year": 2010,
            "quarter": 2,
            "eps": null,
            "eps_growth_year": null,
            "eps_4q": null,
            "eps_4q_growth_year": null,
            "roe": null,
            "roe_4q": 0,
            "gross_profit": null,
            "gross_margin": null,
            "gross_margin_4q_avg": 0,
            "net_income": null,
            "revenue": null,
            "common_shares": 232708,
            "book_valuer_per_share": null,
            "book_valuer_per_share_4q_avg": 0,
            "equity": 223419,
            "current_ratio": null,
            "debt_ratio": null,
            "inventory_turnover_ratio": null,
            "account_receivable_turnover_ratio": null,
            "reinvestment_rate": null,
            "research_to_sale_ratio": null,
            "price_fair": 0,
            "eps_avg_yearly": 0,
            "eps_latest_yearly": 0,
            "eps_growth_yearly": 0
        },
        "20103": {
            "year_quarter": 20103,
            "year": 2010,
            "quarter": 3,
            "eps": null,
            "eps_growth_year": null,
            "eps_4q": null,
            "eps_4q_growth_year": null,
            "roe": null,
            "roe_4q": 0,
            "gross_profit": null,
            "gross_margin": null,
            "gross_margin_4q_avg": 0,
            "net_income": null,
            "revenue": null,
            "common_shares": null,
            "book_valuer_per_share": null,
            "book_valuer_per_share_4q_avg": 0,
            "equity": null,
            "current_ratio": null,
            "debt_ratio": null,
            "inventory_turnover_ratio": null,
            "account_receivable_turnover_ratio": null,
            "reinvestment_rate": null,
            "research_to_sale_ratio": null,
            "price_fair": 0,
            "eps_avg_yearly": 0,
            "eps_latest_yearly": 0,
            "eps_growth_yearly": 0
        },
        "20104": {
            "year_quarter": 20104,
            "year": 2010,
            "quarter": 4,
            "eps": null,
            "eps_growth_year": null,
            "eps_4q": null,
            "eps_4q_growth_year": null,
            "roe": null,
            "roe_4q": 0,
            "gross_profit": null,
            "gross_margin": null,
            "gross_margin_4q_avg": 0,
            "net_income": null,
            "revenue": null,
            "common_shares": 232708,
            "book_valuer_per_share": 10.49,
            "book_valuer_per_share_4q_avg": 2.62,
            "equity": 240928,
            "current_ratio": 175.26,
            "debt_ratio": 29.84,
            "inventory_turnover_ratio": null,
            "account_receivable_turnover_ratio": null,
            "reinvestment_rate": null,
            "research_to_sale_ratio": null,
            "price_fair": 0,
            "eps_avg_yearly": 0,
            "eps_latest_yearly": 0,
            "eps_growth_yearly": 0
        },
        "20111": {
            "year_quarter": 20111,
            "year": 2011,
            "quarter": 1,
            "eps": null,
            "eps_growth_year": null,
            "eps_4q": null,
            "eps_4q_growth_year": null,
            "roe": null,
            "roe_4q": 0,
            "gross_profit": null,
            "gross_margin": null,
            "gross_margin_4q_avg": 0,
            "net_income": null,
            "revenue": null,
            "common_shares": null,
            "book_valuer_per_share": null,
            "book_valuer_per_share_4q_avg": 2.62,
            "equity": null,
            "current_ratio": null,
            "debt_ratio": null,
            "inventory_turnover_ratio": null,
            "account_receivable_turnover_ratio": null,
            "reinvestment_rate": null,
            "research_to_sale_ratio": null,
            "price_fair": 0,
            "eps_avg_yearly": 0,
            "eps_latest_yearly": 0,
            "eps_growth_yearly": 0
        },
        "20112": {
            "year_quarter": 20112,
            "year": 2011,
            "quarter": 2,
            "eps": null,
            "eps_growth_year": null,
            "eps_4q": null,
            "eps_4q_growth_year": null,
            "roe": null,
            "roe_4q": 0,
            "gross_profit": null,
            "gross_margin": null,
            "gross_margin_4q_avg": 0,
            "net_income": null,
            "revenue": null,
            "common_shares": 232708,
            "book_valuer_per_share": 12.16,
            "book_valuer_per_share_4q_avg": 5.66,
            "equity": 282996,
            "current_ratio": 228.96,
            "debt_ratio": 24.17,
            "inventory_turnover_ratio": null,
            "account_receivable_turnover_ratio": null,
            "reinvestment_rate": null,
            "research_to_sale_ratio": null,
            "price_fair": 0,
            "eps_avg_yearly": 0,
            "eps_latest_yearly": 0,
            "eps_growth_yearly": 0
        },
        "20113": {
            "year_quarter": 20113,
            "year": 2011,
            "quarter": 3,
            "eps": null,
            "eps_growth_year": null,
            "eps_4q": null,
            "eps_4q_growth_year": null,
            "roe": null,
            "roe_4q": 0,
            "gross_profit": null,
            "gross_margin": null,
            "gross_margin_4q_avg": 0,
            "net_income": null,
            "revenue": null,
            "common_shares": null,
            "book_valuer_per_share": null,
            "book_valuer_per_share_4q_avg": 5.66,
            "equity": null,
            "current_ratio": null,
            "debt_ratio": null,
            "inventory_turnover_ratio": null,
            "account_receivable_turnover_ratio": null,
            "reinvestment_rate": null,
            "research_to_sale_ratio": null,
            "price_fair": 0,
            "eps_avg_yearly": 0,
            "eps_latest_yearly": 0,
            "eps_growth_yearly": 0
        },
        "20114": {
            "year_quarter": 20114,
            "year": 2011,
            "quarter": 4,
            "eps": null,
            "eps_growth_year": null,
            "eps_4q": null,
            "eps_4q_growth_year": null,
            "roe": null,
            "roe_4q": 0,
            "gross_profit": null,
            "gross_margin": null,
            "gross_margin_4q_avg": 0,
            "net_income": null,
            "revenue": null,
            "common_shares": 232708,
            "book_valuer_per_share": 13.25,
            "book_valuer_per_share_4q_avg": 6.35,
            "equity": 297707,
            "current_ratio": 203.88,
            "debt_ratio": 30.18,
            "inventory_turnover_ratio": null,
            "account_receivable_turnover_ratio": null,
            "reinvestment_rate": null,
            "research_to_sale_ratio": null,
            "price_fair": 0,
            "eps_avg_yearly": 0,
            "eps_latest_yearly": 0,
            "eps_growth_yearly": 0
        },
        "20121": {
            "year_quarter": 20121,
            "year": 2012,
            "quarter": 1,
            "eps": null,
            "eps_growth_year": null,
            "eps_4q": null,
            "eps_4q_growth_year": null,
            "roe": null,
            "roe_4q": 0,
            "gross_profit": null,
            "gross_margin": null,
            "gross_margin_4q_avg": 0,
            "net_income": null,
            "revenue": null,
            "common_shares": null,
            "book_valuer_per_share": null,
            "book_valuer_per_share_4q_avg": 6.35,
            "equity": null,
            "current_ratio": null,
            "debt_ratio": null,
            "inventory_turnover_ratio": null,
            "account_receivable_turnover_ratio": null,
            "reinvestment_rate": null,
            "research_to_sale_ratio": null,
            "price_fair": 0,
            "eps_avg_yearly": 0,
            "eps_latest_yearly": 0,
            "eps_growth_yearly": 0
        },
        "20122": {
            "year_quarter": 20122,
            "year": 2012,
            "quarter": 2,
            "eps": null,
            "eps_growth_year": null,
            "eps_4q": null,
            "eps_4q_growth_year": null,
            "roe": null,
            "roe_4q": 0,
            "gross_profit": null,
            "gross_margin": null,
            "gross_margin_4q_avg": 0,
            "net_income": null,
            "revenue": null,
            "common_shares": 232708,
            "book_valuer_per_share": 13.59,
            "book_valuer_per_share_4q_avg": 6.71,
            "equity": 305421,
            "current_ratio": 186.61,
            "debt_ratio": 34.93,
            "inventory_turnover_ratio": null,
            "account_receivable_turnover_ratio": null,
            "reinvestment_rate": null,
            "research_to_sale_ratio": null,
            "price_fair": 0,
            "eps_avg_yearly": 0,
            "eps_latest_yearly": 0,
            "eps_growth_yearly": 0
        },
        "20123": {
            "year_quarter": 20123,
            "year": 2012,
            "quarter": 3,
            "eps": null,
            "eps_growth_year": null,
            "eps_4q": null,
            "eps_4q_growth_year": null,
            "roe": null,
            "roe_4q": 0,
            "gross_profit": null,
            "gross_margin": null,
            "gross_margin_4q_avg": 0,
            "net_income": null,
            "revenue": null,
            "common_shares": null,
            "book_valuer_per_share": null,
            "book_valuer_per_share_4q_avg": 6.71,
            "equity": null,
            "current_ratio": null,
            "debt_ratio": null,
            "inventory_turnover_ratio": null,
            "account_receivable_turnover_ratio": null,
            "reinvestment_rate": null,
            "research_to_sale_ratio": null,
            "price_fair": 0,
            "eps_avg_yearly": 0,
            "eps_latest_yearly": 0,
            "eps_growth_yearly": 0
        },
        "20124": {
            "year_quarter": 20124,
            "year": 2012,
            "quarter": 4,
            "eps": null,
            "eps_growth_year": null,
            "eps_4q": null,
            "eps_4q_growth_year": null,
            "roe": null,
            "roe_4q": 0,
            "gross_profit": null,
            "gross_margin": null,
            "gross_margin_4q_avg": 0,
            "net_income": null,
            "revenue": null,
            "common_shares": 259512,
            "book_valuer_per_share": 14.35,
            "book_valuer_per_share_4q_avg": 6.99,
            "equity": 372370,
            "current_ratio": 240.43,
            "debt_ratio": 28.39,
            "inventory_turnover_ratio": null,
            "account_receivable_turnover_ratio": null,
            "reinvestment_rate": null,
            "research_to_sale_ratio": null,
            "price_fair": 0,
            "eps_avg_yearly": 0,
            "eps_latest_yearly": 0,
            "eps_growth_yearly": 0
        },
        "20131": {
            "year_quarter": 20131,
            "year": 2013,
            "quarter": 1,
            "eps": null,
            "eps_growth_year": null,
            "eps_4q": null,
            "eps_4q_growth_year": null,
            "roe": null,
            "roe_4q": 0,
            "gross_profit": null,
            "gross_margin": null,
            "gross_margin_4q_avg": 0,
            "net_income": null,
            "revenue": null,
            "common_shares": null,
            "book_valuer_per_share": null,
            "book_valuer_per_share_4q_avg": 6.99,
            "equity": null,
            "current_ratio": null,
            "debt_ratio": null,
            "inventory_turnover_ratio": null,
            "account_receivable_turnover_ratio": null,
            "reinvestment_rate": null,
            "research_to_sale_ratio": null,
            "price_fair": 0,
            "eps_avg_yearly": 0,
            "eps_latest_yearly": 0,
            "eps_growth_yearly": 0
        },
        "20132": {
            "year_quarter": 20132,
            "year": 2013,
            "quarter": 2,
            "eps": 0,
            "eps_growth_year": null,
            "eps_4q": null,
            "eps_4q_growth_year": null,
            "roe": 4.96,
            "roe_4q": 4.96,
            "gross_profit": 106451,
            "gross_margin": 34.26,
            "gross_margin_4q_avg": 8.57,
            "net_income": 17185,
            "revenue": 310727,
            "common_shares": 259512,
            "book_valuer_per_share": 13.36,
            "book_valuer_per_share_4q_avg": 6.93,
            "equity": 346823,
            "current_ratio": 184.61,
            "debt_ratio": 34.47,
            "inventory_turnover_ratio": 3.49,
            "account_receivable_turnover_ratio": 4.25,
            "reinvestment_rate": null,
            "research_to_sale_ratio": 7.89,
            "price_fair": 0,
            "eps_avg_yearly": 0,
            "eps_latest_yearly": 0,
            "eps_growth_yearly": 0
        },
        "20133": {
            "year_quarter": 20133,
            "year": 2013,
            "quarter": 3,
            "eps": null,
            "eps_growth_year": null,
            "eps_4q": null,
            "eps_4q_growth_year": null,
            "roe": null,
            "roe_4q": 4.96,
            "gross_profit": null,
            "gross_margin": null,
            "gross_margin_4q_avg": 8.57,
            "net_income": null,
            "revenue": null,
            "common_shares": null,
            "book_valuer_per_share": null,
            "book_valuer_per_share_4q_avg": 6.93,
            "equity": null,
            "current_ratio": null,
            "debt_ratio": null,
            "inventory_turnover_ratio": null,
            "account_receivable_turnover_ratio": null,
            "reinvestment_rate": null,
            "research_to_sale_ratio": null,
            "price_fair": 0,
            "eps_avg_yearly": 0,
            "eps_latest_yearly": 0,
            "eps_growth_yearly": 0
        },
        "20134": {
            "year_quarter": 20134,
            "year": 2013,
            "quarter": 4,
            "eps": null,
            "eps_growth_year": null,
            "eps_4q": null,
            "eps_4q_growth_year": null,
            "roe": null,
            "roe_4q": 4.96,
            "gross_profit": null,
            "gross_margin": null,
            "gross_margin_4q_avg": 8.57,
            "net_income": null,
            "revenue": null,
            "common_shares": 311414,
            "book_valuer_per_share": 12.36,
            "book_valuer_per_share_4q_avg": 6.43,
            "equity": 385047,
            "current_ratio": 200.59,
            "debt_ratio": 33.53,
            "inventory_turnover_ratio": null,
            "account_receivable_turnover_ratio": null,
            "reinvestment_rate": null,
            "research_to_sale_ratio": null,
            "price_fair": 0,
            "eps_avg_yearly": 0,
            "eps_latest_yearly": 0,
            "eps_growth_yearly": 0
        },
        "20141": {
            "year_quarter": 20141,
            "year": 2014,
            "quarter": 1,
            "eps": null,
            "eps_growth_year": null,
            "eps_4q": null,
            "eps_4q_growth_year": null,
            "roe": null,
            "roe_4q": 4.96,
            "gross_profit": null,
            "gross_margin": null,
            "gross_margin_4q_avg": 8.57,
            "net_income": null,
            "revenue": null,
            "common_shares": null,
            "book_valuer_per_share": null,
            "book_valuer_per_share_4q_avg": 6.43,
            "equity": null,
            "current_ratio": null,
            "debt_ratio": null,
            "inventory_turnover_ratio": null,
            "account_receivable_turnover_ratio": null,
            "reinvestment_rate": null,
            "research_to_sale_ratio": null,
            "price_fair": 0,
            "eps_avg_yearly": 0,
            "eps_latest_yearly": 0,
            "eps_growth_yearly": 0
        },
        "20142": {
            "year_quarter": 20142,
            "year": 2014,
            "quarter": 2,
            "eps": null,
            "eps_growth_year": null,
            "eps_4q": null,
            "eps_4q_growth_year": null,
            "roe": null,
            "roe_4q": 0,
            "gross_profit": null,
            "gross_margin": null,
            "gross_margin_4q_avg": 0,
            "net_income": null,
            "revenue": null,
            "common_shares": 311414,
            "book_valuer_per_share": 11.69,
            "book_valuer_per_share_4q_avg": 6.01,
            "equity": 364178,
            "current_ratio": 171.56,
            "debt_ratio": 39.89,
            "inventory_turnover_ratio": null,
            "account_receivable_turnover_ratio": null,
            "reinvestment_rate": null,
            "research_to_sale_ratio": null,
            "price_fair": 0,
            "eps_avg_yearly": 0,
            "eps_latest_yearly": 0,
            "eps_growth_yearly": 0
        },
        "20143": {
            "year_quarter": 20143,
            "year": 2014,
            "quarter": 3,
            "eps": null,
            "eps_growth_year": null,
            "eps_4q": null,
            "eps_4q_growth_year": null,
            "roe": null,
            "roe_4q": 0,
            "gross_profit": null,
            "gross_margin": null,
            "gross_margin_4q_avg": 0,
            "net_income": null,
            "revenue": null,
            "common_shares": null,
            "book_valuer_per_share": null,
            "book_valuer_per_share_4q_avg": 6.01,
            "equity": null,
            "current_ratio": null,
            "debt_ratio": null,
            "inventory_turnover_ratio": null,
            "account_receivable_turnover_ratio": null,
            "reinvestment_rate": null,
            "research_to_sale_ratio": null,
            "price_fair": 0,
            "eps_avg_yearly": 0,
            "eps_latest_yearly": 0,
            "eps_growth_yearly": 0
        },
        "20144": {
            "year_quarter": 20144,
            "year": 2014,
            "quarter": 4,
            "eps": null,
            "eps_growth_year": null,
            "eps_4q": null,
            "eps_4q_growth_year": null,
            "roe": null,
            "roe_4q": 0,
            "gross_profit": null,
            "gross_margin": null,
            "gross_margin_4q_avg": 0,
            "net_income": null,
            "revenue": null,
            "common_shares": 311414,
            "book_valuer_per_share": 13.95,
            "book_valuer_per_share_4q_avg": 6.41,
            "equity": 434407,
            "current_ratio": 213.41,
            "debt_ratio": 35.78,
            "inventory_turnover_ratio": null,
            "account_receivable_turnover_ratio": null,
            "reinvestment_rate": null,
            "research_to_sale_ratio": null,
            "price_fair": 0,
            "eps_avg_yearly": 0,
            "eps_latest_yearly": 0,
            "eps_growth_yearly": 0
        },
        "20151": {
            "year_quarter": 20151,
            "year": 2015,
            "quarter": 1,
            "eps": null,
            "eps_growth_year": null,
            "eps_4q": null,
            "eps_4q_growth_year": null,
            "roe": null,
            "roe_4q": 0,
            "gross_profit": null,
            "gross_margin": null,
            "gross_margin_4q_avg": 0,
            "net_income": null,
            "revenue": null,
            "common_shares": null,
            "book_valuer_per_share": null,
            "book_valuer_per_share_4q_avg": 6.41,
            "equity": null,
            "current_ratio": null,
            "debt_ratio": null,
            "inventory_turnover_ratio": null,
            "account_receivable_turnover_ratio": null,
            "reinvestment_rate": null,
            "research_to_sale_ratio": null,
            "price_fair": 0,
            "eps_avg_yearly": 0,
            "eps_latest_yearly": 0,
            "eps_growth_yearly": 0
        },
        "20152": {
            "year_quarter": 20152,
            "year": 2015,
            "quarter": 2,
            "eps": null,
            "eps_growth_year": null,
            "eps_4q": null,
            "eps_4q_growth_year": null,
            "roe": null,
            "roe_4q": 0,
            "gross_profit": null,
            "gross_margin": null,
            "gross_margin_4q_avg": 0,
            "net_income": null,
            "revenue": null,
            "common_shares": 311414,
            "book_valuer_per_share": 13.89,
            "book_valuer_per_share_4q_avg": 6.96,
            "equity": 432673,
            "current_ratio": 195.5,
            "debt_ratio": 39.74,
            "inventory_turnover_ratio": null,
            "account_receivable_turnover_ratio": null,
            "reinvestment_rate": null,
            "research_to_sale_ratio": null,
            "price_fair": 0,
            "eps_avg_yearly": 0,
            "eps_latest_yearly": 0,
            "eps_growth_yearly": 0
        },
        "20153": {
            "year_quarter": 20153,
            "year": 2015,
            "quarter": 3,
            "eps": null,
            "eps_growth_year": null,
            "eps_4q": null,
            "eps_4q_growth_year": null,
            "roe": null,
            "roe_4q": 0,
            "gross_profit": null,
            "gross_margin": null,
            "gross_margin_4q_avg": 0,
            "net_income": null,
            "revenue": null,
            "common_shares": null,
            "book_valuer_per_share": null,
            "book_valuer_per_share_4q_avg": 6.96,
            "equity": null,
            "current_ratio": null,
            "debt_ratio": null,
            "inventory_turnover_ratio": null,
            "account_receivable_turnover_ratio": null,
            "reinvestment_rate": null,
            "research_to_sale_ratio": null,
            "price_fair": 0,
            "eps_avg_yearly": 0,
            "eps_latest_yearly": 0,
            "eps_growth_yearly": 0
        },
        "20154": {
            "year_quarter": 20154,
            "year": 2015,
            "quarter": 4,
            "eps": null,
            "eps_growth_year": null,
            "eps_4q": null,
            "eps_4q_growth_year": null,
            "roe": null,
            "roe_4q": 0,
            "gross_profit": null,
            "gross_margin": null,
            "gross_margin_4q_avg": 0,
            "net_income": null,
            "revenue": null,
            "common_shares": 360000,
            "book_valuer_per_share": 12.63,
            "book_valuer_per_share_4q_avg": 6.63,
            "equity": 454679,
            "current_ratio": 222.64,
            "debt_ratio": 34.88,
            "inventory_turnover_ratio": null,
            "account_receivable_turnover_ratio": null,
            "reinvestment_rate": null,
            "research_to_sale_ratio": null,
            "price_fair": 0,
            "eps_avg_yearly": 0,
            "eps_latest_yearly": 0,
            "eps_growth_yearly": 0
        },
        "20161": {
            "year_quarter": 20161,
            "year": 2016,
            "quarter": 1,
            "eps": null,
            "eps_growth_year": null,
            "eps_4q": null,
            "eps_4q_growth_year": null,
            "roe": null,
            "roe_4q": 0,
            "gross_profit": null,
            "gross_margin": null,
            "gross_margin_4q_avg": 0,
            "net_income": null,
            "revenue": null,
            "common_shares": null,
            "book_valuer_per_share": null,
            "book_valuer_per_share_4q_avg": 6.63,
            "equity": null,
            "current_ratio": null,
            "debt_ratio": null,
            "inventory_turnover_ratio": null,
            "account_receivable_turnover_ratio": null,
            "reinvestment_rate": null,
            "research_to_sale_ratio": null,
            "price_fair": 0,
            "eps_avg_yearly": 0,
            "eps_latest_yearly": 0,
            "eps_growth_yearly": 0
        },
        "20162": {
            "year_quarter": 20162,
            "year": 2016,
            "quarter": 2,
            "eps": null,
            "eps_growth_year": null,
            "eps_4q": null,
            "eps_4q_growth_year": null,
            "roe": null,
            "roe_4q": 0,
            "gross_profit": null,
            "gross_margin": null,
            "gross_margin_4q_avg": 0,
            "net_income": null,
            "revenue": null,
            "common_shares": 360000,
            "book_valuer_per_share": 12.63,
            "book_valuer_per_share_4q_avg": 6.32,
            "equity": 454685,
            "current_ratio": 224.82,
            "debt_ratio": 34.51,
            "inventory_turnover_ratio": null,
            "account_receivable_turnover_ratio": null,
            "reinvestment_rate": null,
            "research_to_sale_ratio": null,
            "price_fair": 0,
            "eps_avg_yearly": 0,
            "eps_latest_yearly": 0,
            "eps_growth_yearly": 0
        },
        "20163": {
            "year_quarter": 20163,
            "year": 2016,
            "quarter": 3,
            "eps": null,
            "eps_growth_year": null,
            "eps_4q": null,
            "eps_4q_growth_year": null,
            "roe": null,
            "roe_4q": 0,
            "gross_profit": null,
            "gross_margin": null,
            "gross_margin_4q_avg": 0,
            "net_income": null,
            "revenue": null,
            "common_shares": null,
            "book_valuer_per_share": null,
            "book_valuer_per_share_4q_avg": 6.32,
            "equity": null,
            "current_ratio": null,
            "debt_ratio": null,
            "inventory_turnover_ratio": null,
            "account_receivable_turnover_ratio": null,
            "reinvestment_rate": null,
            "research_to_sale_ratio": null,
            "price_fair": 0,
            "eps_avg_yearly": 0,
            "eps_latest_yearly": 0,
            "eps_growth_yearly": 0
        },
        "20164": {
            "year_quarter": 20164,
            "year": 2016,
            "quarter": 4,
            "eps": null,
            "eps_growth_year": null,
            "eps_4q": null,
            "eps_4q_growth_year": null,
            "roe": null,
            "roe_4q": 0,
            "gross_profit": null,
            "gross_margin": null,
            "gross_margin_4q_avg": 0,
            "net_income": null,
            "revenue": null,
            "common_shares": null,
            "book_valuer_per_share": null,
            "book_valuer_per_share_4q_avg": 3.16,
            "equity": null,
            "current_ratio": null,
            "debt_ratio": null,
            "inventory_turnover_ratio": null,
            "account_receivable_turnover_ratio": null,
            "reinvestment_rate": null,
            "research_to_sale_ratio": null,
            "price_fair": 0,
            "eps_avg_yearly": 0,
            "eps_latest_yearly": 0,
            "eps_growth_yearly": 0
        },
        "20171": {
            "year_quarter": 20171,
            "year": 2017,
            "quarter": 1,
            "eps": null,
            "eps_growth_year": null,
            "eps_4q": null,
            "eps_4q_growth_year": null,
            "roe": null,
            "roe_4q": 0,
            "gross_profit": null,
            "gross_margin": null,
            "gross_margin_4q_avg": 0,
            "net_income": null,
            "revenue": null,
            "common_shares": null,
            "book_valuer_per_share": null,
            "book_valuer_per_share_4q_avg": 3.16,
            "equity": null,
            "current_ratio": null,
            "debt_ratio": null,
            "inventory_turnover_ratio": null,
            "account_receivable_turnover_ratio": null,
            "reinvestment_rate": null,
            "research_to_sale_ratio": null,
            "price_fair": 0,
            "eps_avg_yearly": 0,
            "eps_latest_yearly": 0,
            "eps_growth_yearly": 0
        },
        "20172": {
            "year_quarter": 20172,
            "year": 2017,
            "quarter": 2,
            "eps": null,
            "eps_growth_year": null,
            "eps_4q": null,
            "eps_4q_growth_year": null,
            "roe": null,
            "roe_4q": 0,
            "gross_profit": null,
            "gross_margin": null,
            "gross_margin_4q_avg": 0,
            "net_income": null,
            "revenue": null,
            "common_shares": 415000,
            "book_valuer_per_share": 13.01,
            "book_valuer_per_share_4q_avg": 3.25,
            "equity": 540037,
            "current_ratio": 226.95,
            "debt_ratio": 35.81,
            "inventory_turnover_ratio": null,
            "account_receivable_turnover_ratio": null,
            "reinvestment_rate": null,
            "research_to_sale_ratio": null,
            "price_fair": 0,
            "eps_avg_yearly": 0,
            "eps_latest_yearly": 0,
            "eps_growth_yearly": 0
        },
        "20173": {
            "year_quarter": 20173,
            "year": 2017,
            "quarter": 3,
            "eps": null,
            "eps_growth_year": null,
            "eps_4q": null,
            "eps_4q_growth_year": null,
            "roe": null,
            "roe_4q": 0,
            "gross_profit": null,
            "gross_margin": null,
            "gross_margin_4q_avg": 0,
            "net_income": null,
            "revenue": null,
            "common_shares": null,
            "book_valuer_per_share": null,
            "book_valuer_per_share_4q_avg": 3.25,
            "equity": null,
            "current_ratio": null,
            "debt_ratio": null,
            "inventory_turnover_ratio": null,
            "account_receivable_turnover_ratio": null,
            "reinvestment_rate": null,
            "research_to_sale_ratio": null,
            "price_fair": 0,
            "eps_avg_yearly": 0,
            "eps_latest_yearly": 0,
            "eps_growth_yearly": 0
        },
        "20174": {
            "year_quarter": 20174,
            "year": 2017,
            "quarter": 4,
            "eps": null,
            "eps_growth_year": null,
            "eps_4q": null,
            "eps_4q_growth_year": null,
            "roe": null,
            "roe_4q": 0,
            "gross_profit": null,
            "gross_margin": null,
            "gross_margin_4q_avg": 0,
            "net_income": null,
            "revenue": null,
            "common_shares": 414090,
            "book_valuer_per_share": 13.97,
            "book_valuer_per_share_4q_avg": 6.75,
            "equity": 578546,
            "current_ratio": 222.41,
            "debt_ratio": 36.87,
            "inventory_turnover_ratio": null,
            "account_receivable_turnover_ratio": null,
            "reinvestment_rate": null,
            "research_to_sale_ratio": null,
            "price_fair": 0,
            "eps_avg_yearly": 0,
            "eps_latest_yearly": 0,
            "eps_growth_yearly": 0
        },
        "20181": {
            "year_quarter": 20181,
            "year": 2018,
            "quarter": 1,
            "eps": null,
            "eps_growth_year": null,
            "eps_4q": null,
            "eps_4q_growth_year": null,
            "roe": null,
            "roe_4q": 0,
            "gross_profit": null,
            "gross_margin": null,
            "gross_margin_4q_avg": 0,
            "net_income": null,
            "revenue": null,
            "common_shares": null,
            "book_valuer_per_share": null,
            "book_valuer_per_share_4q_avg": 6.75,
            "equity": null,
            "current_ratio": null,
            "debt_ratio": null,
            "inventory_turnover_ratio": null,
            "account_receivable_turnover_ratio": null,
            "reinvestment_rate": null,
            "research_to_sale_ratio": null,
            "price_fair": 0,
            "eps_avg_yearly": 0,
            "eps_latest_yearly": 0,
            "eps_growth_yearly": 0
        },
        "20182": {
            "year_quarter": 20182,
            "year": 2018,
            "quarter": 2,
            "eps": null,
            "eps_growth_year": null,
            "eps_4q": null,
            "eps_4q_growth_year": null,
            "roe": null,
            "roe_4q": 0,
            "gross_profit": null,
            "gross_margin": null,
            "gross_margin_4q_avg": 0,
            "net_income": null,
            "revenue": null,
            "common_shares": 413040,
            "book_valuer_per_share": 14.13,
            "book_valuer_per_share_4q_avg": 7.03,
            "equity": 583669,
            "current_ratio": 209.31,
            "debt_ratio": 39.61,
            "inventory_turnover_ratio": null,
            "account_receivable_turnover_ratio": null,
            "reinvestment_rate": null,
            "research_to_sale_ratio": null,
            "price_fair": 0,
            "eps_avg_yearly": 0,
            "eps_latest_yearly": 0,
            "eps_growth_yearly": 0
        },
        "20183": {
            "year_quarter": 20183,
            "year": 2018,
            "quarter": 3,
            "eps": null,
            "eps_growth_year": null,
            "eps_4q": null,
            "eps_4q_growth_year": null,
            "roe": null,
            "roe_4q": 0,
            "gross_profit": null,
            "gross_margin": null,
            "gross_margin_4q_avg": 0,
            "net_income": null,
            "revenue": null,
            "common_shares": null,
            "book_valuer_per_share": null,
            "book_valuer_per_share_4q_avg": 7.03,
            "equity": null,
            "current_ratio": null,
            "debt_ratio": null,
            "inventory_turnover_ratio": null,
            "account_receivable_turnover_ratio": null,
            "reinvestment_rate": null,
            "research_to_sale_ratio": null,
            "price_fair": 0,
            "eps_avg_yearly": 0,
            "eps_latest_yearly": 0,
            "eps_growth_yearly": 0
        },
        "20184": {
            "year_quarter": 20184,
            "year": 2018,
            "quarter": 4,
            "eps": null,
            "eps_growth_year": null,
            "eps_4q": null,
            "eps_4q_growth_year": null,
            "roe": null,
            "roe_4q": 0,
            "gross_profit": null,
            "gross_margin": null,
            "gross_margin_4q_avg": 0,
            "net_income": null,
            "revenue": null,
            "common_shares": 412720,
            "book_valuer_per_share": 15.91,
            "book_valuer_per_share_4q_avg": 7.51,
            "equity": 656455,
            "current_ratio": 217.51,
            "debt_ratio": 39.07,
            "inventory_turnover_ratio": null,
            "account_receivable_turnover_ratio": null,
            "reinvestment_rate": null,
            "research_to_sale_ratio": null,
            "price_fair": 0,
            "eps_avg_yearly": 0,
            "eps_latest_yearly": 0,
            "eps_growth_yearly": 0
        },
        "20191": {
            "year_quarter": 20191,
            "year": 2019,
            "quarter": 1,
            "eps": null,
            "eps_growth_year": null,
            "eps_4q": null,
            "eps_4q_growth_year": null,
            "roe": null,
            "roe_4q": 0,
            "gross_profit": null,
            "gross_margin": null,
            "gross_margin_4q_avg": 0,
            "net_income": null,
            "revenue": null,
            "common_shares": null,
            "book_valuer_per_share": null,
            "book_valuer_per_share_4q_avg": 7.51,
            "equity": null,
            "current_ratio": null,
            "debt_ratio": null,
            "inventory_turnover_ratio": null,
            "account_receivable_turnover_ratio": null,
            "reinvestment_rate": null,
            "research_to_sale_ratio": null,
            "price_fair": 0,
            "eps_avg_yearly": 0,
            "eps_latest_yearly": 0,
            "eps_growth_yearly": 0
        },
        "20192": {
            "year_quarter": 20192,
            "year": 2019,
            "quarter": 2,
            "eps": null,
            "eps_growth_year": null,
            "eps_4q": null,
            "eps_4q_growth_year": null,
            "roe": null,
            "roe_4q": 0,
            "gross_profit": null,
            "gross_margin": null,
            "gross_margin_4q_avg": 0,
            "net_income": null,
            "revenue": null,
            "common_shares": 412520,
            "book_valuer_per_share": 15.3,
            "book_valuer_per_share_4q_avg": 7.8,
            "equity": 631191,
            "current_ratio": 181.37,
            "debt_ratio": 47.73,
            "inventory_turnover_ratio": null,
            "account_receivable_turnover_ratio": null,
            "reinvestment_rate": null,
            "research_to_sale_ratio": null,
            "price_fair": 0,
            "eps_avg_yearly": 0,
            "eps_latest_yearly": 0,
            "eps_growth_yearly": 0
        },
        "20193": {
            "year_quarter": 20193,
            "year": 2019,
            "quarter": 3,
            "eps": 1.32,
            "eps_growth_year": null,
            "eps_4q": null,
            "eps_4q_growth_year": null,
            "roe": 8.24,
            "roe_4q": 8.24,
            "gross_profit": 123189,
            "gross_margin": 28.43,
            "gross_margin_4q_avg": 7.11,
            "net_income": 54071,
            "revenue": 433362,
            "common_shares": 411920,
            "book_valuer_per_share": 16.53,
            "book_valuer_per_share_4q_avg": 11.94,
            "equity": 680898,
            "current_ratio": 206.37,
            "debt_ratio": 41.78,
            "inventory_turnover_ratio": 128.09,
            "account_receivable_turnover_ratio": 2.03,
            "reinvestment_rate": null,
            "research_to_sale_ratio": 7.59,
            "price_fair": 0,
            "eps_avg_yearly": 0,
            "eps_latest_yearly": 0,
            "eps_growth_yearly": 0
        },
        "20194": {
            "year_quarter": 20194,
            "year": 2019,
            "quarter": 4,
            "eps": 1.14,
            "eps_growth_year": null,
            "eps_4q": null,
            "eps_4q_growth_year": null,
            "roe": 6.7,
            "roe_4q": 14.940000000000001,
            "gross_profit": 126693,
            "gross_margin": 26.87,
            "gross_margin_4q_avg": 13.83,
            "net_income": 47101,
            "revenue": 471584,
            "common_shares": 411920,
            "book_valuer_per_share": 17.61,
            "book_valuer_per_share_4q_avg": 12.36,
            "equity": 725499,
            "current_ratio": 217.63,
            "debt_ratio": 39.64,
            "inventory_turnover_ratio": 224.47,
            "account_receivable_turnover_ratio": 2.22,
            "reinvestment_rate": null,
            "research_to_sale_ratio": 6.8,
            "price_fair": 13.68,
            "eps_avg_yearly": 4.56,
            "eps_latest_yearly": 4.56,
            "eps_growth_yearly": -54.55
        },
        "20201": {
            "year_quarter": 20201,
            "year": 2020,
            "quarter": 1,
            "eps": 0.9,
            "eps_growth_year": null,
            "eps_4q": null,
            "eps_4q_growth_year": null,
            "roe": 5,
            "roe_4q": 19.939999999999998,
            "gross_profit": 118759,
            "gross_margin": 28.43,
            "gross_margin_4q_avg": 20.93,
            "net_income": 37236,
            "revenue": 417737,
            "common_shares": 411920,
            "book_valuer_per_share": 18.52,
            "book_valuer_per_share_4q_avg": 16.99,
            "equity": 762735,
            "current_ratio": 243.04,
            "debt_ratio": 35.38,
            "inventory_turnover_ratio": 352.15,
            "account_receivable_turnover_ratio": 1.94,
            "reinvestment_rate": null,
            "research_to_sale_ratio": 8.43,
            "price_fair": 12.24,
            "eps_avg_yearly": 4.08,
            "eps_latest_yearly": 3.6,
            "eps_growth_yearly": -69.38
        },
        "20202": {
            "year_quarter": 20202,
            "year": 2020,
            "quarter": 2,
            "eps": 0.38,
            "eps_growth_year": null,
            "eps_4q": 3.35,
            "eps_4q_growth_year": null,
            "roe": 1.98,
            "roe_4q": 21.92,
            "gross_profit": 105015,
            "gross_margin": 22.72,
            "gross_margin_4q_avg": 26.61,
            "net_income": 16797,
            "revenue": 462159,
            "common_shares": 463420,
            "book_valuer_per_share": 20.13,
            "book_valuer_per_share_4q_avg": 18.2,
            "equity": 932953,
            "current_ratio": 224.43,
            "debt_ratio": 39.63,
            "inventory_turnover_ratio": 420.66,
            "account_receivable_turnover_ratio": 1.94,
            "reinvestment_rate": null,
            "research_to_sale_ratio": 8.93,
            "price_fair": 9.68,
            "eps_avg_yearly": 3.23,
            "eps_latest_yearly": 1.52,
            "eps_growth_yearly": -123.29
        },
        "20203": {
            "year_quarter": 20203,
            "year": 2020,
            "quarter": 3,
            "eps": 0.6,
            "eps_growth_year": -54.55,
            "eps_4q": 2.78,
            "eps_4q_growth_year": null,
            "roe": 2.92,
            "roe_4q": 16.6,
            "gross_profit": 117900,
            "gross_margin": 24.1,
            "gross_margin_4q_avg": 25.53,
            "net_income": 27634,
            "revenue": 489239,
            "common_shares": 463420,
            "book_valuer_per_share": 20.73,
            "book_valuer_per_share_4q_avg": 19.25,
            "equity": 960587,
            "current_ratio": 243.8,
            "debt_ratio": 32.91,
            "inventory_turnover_ratio": 236.3,
            "account_receivable_turnover_ratio": 2.02,
            "reinvestment_rate": null,
            "research_to_sale_ratio": 9.44,
            "price_fair": 9.06,
            "eps_avg_yearly": 3.02,
            "eps_latest_yearly": 2.4,
            "eps_growth_yearly": -34.57
        },
        "20204": {
            "year_quarter": 20204,
            "year": 2020,
            "quarter": 4,
            "eps": 0.87,
            "eps_growth_year": -24.02,
            "eps_4q": 2.63,
            "eps_4q_growth_year": null,
            "roe": 4.11,
            "roe_4q": 14.01,
            "gross_profit": 131994,
            "gross_margin": 25.48,
            "gross_margin_4q_avg": 25.18,
            "net_income": 40259,
            "revenue": 518050,
            "common_shares": 463420,
            "book_valuer_per_share": 21.58,
            "book_valuer_per_share_4q_avg": 20.24,
            "equity": 1000286,
            "current_ratio": 237.11,
            "debt_ratio": 34.3,
            "inventory_turnover_ratio": 241.13,
            "account_receivable_turnover_ratio": 2.27,
            "reinvestment_rate": null,
            "research_to_sale_ratio": 7.44,
            "price_fair": 57.08,
            "eps_avg_yearly": 3.11,
            "eps_latest_yearly": 3.48,
            "eps_growth_yearly": 8.34
        },
        "20211": {
            "year_quarter": 20211,
            "year": 2021,
            "quarter": 1,
            "eps": 0.75,
            "eps_growth_year": -16.67,
            "eps_4q": 2.58,
            "eps_4q_growth_year": null,
            "roe": 3.41,
            "roe_4q": 12.420000000000002,
            "gross_profit": 108286,
            "gross_margin": 22.27,
            "gross_margin_4q_avg": 23.64,
            "net_income": 34729,
            "revenue": 486151,
            "common_shares": 463420,
            "book_valuer_per_share": 22.33,
            "book_valuer_per_share_4q_avg": 21.19,
            "equity": 1035015,
            "current_ratio": 276.12,
            "debt_ratio": 29.38,
            "inventory_turnover_ratio": 126.86,
            "account_receivable_turnover_ratio": 2,
            "reinvestment_rate": null,
            "research_to_sale_ratio": 6.96,
            "price_fair": 9.28,
            "eps_avg_yearly": 3.09,
            "eps_latest_yearly": 3,
            "eps_growth_yearly": -2.24
        },
        "20212": {
            "year_quarter": 20212,
            "year": 2021,
            "quarter": 2,
            "eps": 0.83,
            "eps_growth_year": 118.42,
            "eps_4q": 3.04,
            "eps_4q_growth_year": -9.15,
            "roe": 3.64,
            "roe_4q": 14.08,
            "gross_profit": 121543,
            "gross_margin": 22.71,
            "gross_margin_4q_avg": 23.64,
            "net_income": 38386,
            "revenue": 535262,
            "common_shares": 463420,
            "book_valuer_per_share": 23.16,
            "book_valuer_per_share_4q_avg": 21.95,
            "equity": 1073401,
            "current_ratio": 271.02,
            "debt_ratio": 30.03,
            "inventory_turnover_ratio": 73.92,
            "account_receivable_turnover_ratio": 1.99,
            "reinvestment_rate": null,
            "research_to_sale_ratio": 6.13,
            "price_fair": 44.3,
            "eps_avg_yearly": 3.13,
            "eps_latest_yearly": 3.32,
            "eps_growth_yearly": 4.17
        },
        "20213": {
            "year_quarter": 20213,
            "year": 2021,
            "quarter": 3,
            "eps": 0.99,
            "eps_growth_year": 65,
            "eps_4q": 3.44,
            "eps_4q_growth_year": 23.65,
            "roe": 4.4,
            "roe_4q": 15.560000000000002,
            "gross_profit": 129970,
            "gross_margin": 22.5,
            "gross_margin_4q_avg": 23.24,
            "net_income": 45850,
            "revenue": 577688,
            "common_shares": 463420,
            "book_valuer_per_share": 21.79,
            "book_valuer_per_share_4q_avg": 22.22,
            "equity": 1010021,
            "current_ratio": 219.77,
            "debt_ratio": 37.3,
            "inventory_turnover_ratio": 65.98,
            "account_receivable_turnover_ratio": 2.11,
            "reinvestment_rate": null,
            "research_to_sale_ratio": 6.14,
            "price_fair": 75.22,
            "eps_avg_yearly": 3.23,
            "eps_latest_yearly": 3.96,
            "eps_growth_yearly": 13.29
        },
        "20214": {
            "year_quarter": 20214,
            "year": 2021,
            "quarter": 4,
            "eps": 1.5,
            "eps_growth_year": 72.22,
            "eps_4q": 4.06,
            "eps_4q_growth_year": 54.44,
            "roe": 6.63,
            "roe_4q": 18.080000000000002,
            "gross_profit": 150442,
            "gross_margin": 24.8,
            "gross_margin_4q_avg": 23.07,
            "net_income": 69334,
            "revenue": 606672,
            "common_shares": 463420,
            "book_valuer_per_share": 23.35,
            "book_valuer_per_share_4q_avg": 22.66,
            "equity": 1081961,
            "current_ratio": 248.54,
            "debt_ratio": 32.97,
            "inventory_turnover_ratio": 49.21,
            "account_receivable_turnover_ratio": 2.18,
            "reinvestment_rate": null,
            "research_to_sale_ratio": 6.48,
            "price_fair": 123.82,
            "eps_avg_yearly": 3.54,
            "eps_latest_yearly": 6,
            "eps_growth_yearly": 34.71
        },
        "20221": {
            "year_quarter": 20221,
            "year": 2022,
            "quarter": 1,
            "eps": 1.37,
            "eps_growth_year": 82.67,
            "eps_4q": 4.69,
            "eps_4q_growth_year": 81.9,
            "roe": 5.72,
            "roe_4q": 20.39,
            "gross_profit": 145248,
            "gross_margin": 24.79,
            "gross_margin_4q_avg": 23.7,
            "net_income": 63653,
            "revenue": 585996,
            "common_shares": 463420,
            "book_valuer_per_share": 24.72,
            "book_valuer_per_share_4q_avg": 23.26,
            "equity": 1145614,
            "current_ratio": 261.48,
            "debt_ratio": 31.66,
            "inventory_turnover_ratio": 41.88,
            "account_receivable_turnover_ratio": 2.14,
            "reinvestment_rate": null,
            "research_to_sale_ratio": 6.73,
            "price_fair": 130.62,
            "eps_avg_yearly": 3.73,
            "eps_latest_yearly": 5.48,
            "eps_growth_yearly": 27.77
        },
        "20222": {
            "year_quarter": 20222,
            "year": 2022,
            "quarter": 2,
            "eps": 1.92,
            "eps_growth_year": 131.33,
            "eps_4q": 5.77,
            "eps_4q_growth_year": 89.76,
            "roe": 7.92,
            "roe_4q": 24.67,
            "gross_profit": 154420,
            "gross_margin": 25.58,
            "gross_margin_4q_avg": 24.42,
            "net_income": 88739,
            "revenue": 603667,
            "common_shares": 463420,
            "book_valuer_per_share": 23.64,
            "book_valuer_per_share_4q_avg": 23.38,
            "equity": 1095327,
            "current_ratio": 213.52,
            "debt_ratio": 39.01,
            "inventory_turnover_ratio": 43.66,
            "account_receivable_turnover_ratio": 2.22,
            "reinvestment_rate": null,
            "research_to_sale_ratio": 6.52,
            "price_fair": 143.18,
            "eps_avg_yearly": 4.09,
            "eps_latest_yearly": 7.68,
            "eps_growth_yearly": 39.84
        },
        "20223": {
            "year_quarter": 20223,
            "year": 2022,
            "quarter": 3,
            "eps": 1.68,
            "eps_growth_year": 69.7,
            "eps_4q": 6.47,
            "eps_4q_growth_year": 88.31,
            "roe": 6.89,
            "roe_4q": 27.159999999999997,
            "gross_profit": 135655,
            "gross_margin": 22.16,
            "gross_margin_4q_avg": 24.33,
            "net_income": 78104,
            "revenue": 612070,
            "common_shares": 463420,
            "book_valuer_per_share": 25.32,
            "book_valuer_per_share_4q_avg": 24.26,
            "equity": 1173431,
            "current_ratio": 240.97,
            "debt_ratio": 32.95,
            "inventory_turnover_ratio": 40.9,
            "account_receivable_turnover_ratio": 2.11,
            "reinvestment_rate": null,
            "research_to_sale_ratio": 6.92,
            "price_fair": 150.85,
            "eps_avg_yearly": 4.31,
            "eps_latest_yearly": 6.72,
            "eps_growth_yearly": 32.36
        },
        "20224": {
            "year_quarter": 20224,
            "year": 2022,
            "quarter": 4,
            "eps": 1.21,
            "eps_growth_year": -19.01,
            "eps_4q": 6.19,
            "eps_4q_growth_year": 52.23,
            "roe": 4.67,
            "roe_4q": 25.199999999999996,
            "gross_profit": 155509,
            "gross_margin": 23.01,
            "gross_margin_4q_avg": 23.89,
            "net_income": 56153,
            "revenue": 675936,
            "common_shares": 463420,
            "book_valuer_per_share": 26.53,
            "book_valuer_per_share_4q_avg": 25.05,
            "equity": 1229584,
            "current_ratio": 235.28,
            "debt_ratio": 34.34,
            "inventory_turnover_ratio": 45.99,
            "account_receivable_turnover_ratio": 2.36,
            "reinvestment_rate": null,
            "research_to_sale_ratio": 5.6,
            "price_fair": 136.01,
            "eps_avg_yearly": 4.35,
            "eps_latest_yearly": 4.84,
            "eps_growth_yearly": 21.26
        },
        "20231": {
            "year_quarter": 20231,
            "year": 2023,
            "quarter": 1,
            "eps": 0.84,
            "eps_growth_year": -38.69,
            "eps_4q": 5.65,
            "eps_4q_growth_year": 20.62,
            "roe": 3.12,
            "roe_4q": 22.6,
            "gross_profit": 134217,
            "gross_margin": 22.65,
            "gross_margin_4q_avg": 23.35,
            "net_income": 39027,
            "revenue": 592560,
            "common_shares": 463420,
            "book_valuer_per_share": 27.37,
            "book_valuer_per_share_4q_avg": 25.72,
            "equity": 1268611,
            "current_ratio": 263.39,
            "debt_ratio": 30.13,
            "inventory_turnover_ratio": 44.58,
            "account_receivable_turnover_ratio": 2.16,
            "reinvestment_rate": null,
            "research_to_sale_ratio": 6.45,
            "price_fair": 89.9,
            "eps_avg_yearly": 4.28,
            "eps_latest_yearly": 3.36,
            "eps_growth_yearly": 11.01
        }
    },
    "months": {
        "2012-11": {
            "month": "2012-11",
            "price": "57.75",
            "revenue": 56322
        },
        "2012-12": {
            "month": "2012-12",
            "price": "58.99",
            "revenue": 57201
        },
        "2013-01": {
            "month": "2013-01",
            "price": "58.48",
            "revenue": 55724
        },
        "2013-02": {
            "month": "2013-02",
            "price": "59.50",
            "revenue": 45384
        },
        "2013-03": {
            "month": "2013-03",
            "price": "60.07",
            "revenue": 49737
        },
        "2013-04": {
            "month": "2013-04",
            "price": "60.24",
            "revenue": 54762
        },
        "2013-05": {
            "month": "2013-05",
            "price": "60.55",
            "revenue": 55288
        },
        "2013-06": {
            "month": "2013-06",
            "price": "60.37",
            "revenue": 49832
        },
        "2013-07": {
            "month": "2013-07",
            "price": "60.74",
            "revenue": 57791
        },
        "2013-08": {
            "month": "2013-08",
            "price": "60.17",
            "revenue": 56490
        },
        "2013-09": {
            "month": "2013-09",
            "price": "55.09",
            "revenue": 55494
        },
        "2013-10": {
            "month": "2013-10",
            "price": "56.05",
            "revenue": 59126
        },
        "2013-11": {
            "month": "2013-11",
            "price": "56.50",
            "revenue": 65583
        },
        "2013-12": {
            "month": "2013-12",
            "price": "55.90",
            "revenue": 65009
        },
        "2014-01": {
            "month": "2014-01",
            "price": "66.49",
            "revenue": 66169
        },
        "2014-02": {
            "month": "2014-02",
            "price": "64.43",
            "revenue": 61337
        },
        "2014-03": {
            "month": "2014-03",
            "price": "60.34",
            "revenue": 63170
        },
        "2014-04": {
            "month": "2014-04",
            "price": "58.25",
            "revenue": 63096
        },
        "2014-05": {
            "month": "2014-05",
            "price": "57.97",
            "revenue": 73571
        },
        "2014-06": {
            "month": "2014-06",
            "price": "56.51",
            "revenue": 62092
        },
        "2014-07": {
            "month": "2014-07",
            "price": "56.05",
            "revenue": 85290
        },
        "2014-08": {
            "month": "2014-08",
            "price": "52.08",
            "revenue": 78547
        },
        "2014-09": {
            "month": "2014-09",
            "price": "47.68",
            "revenue": 79243
        },
        "2014-10": {
            "month": "2014-10",
            "price": "47.39",
            "revenue": 79512
        },
        "2014-11": {
            "month": "2014-11",
            "price": "46.19",
            "revenue": 106421
        },
        "2014-12": {
            "month": "2014-12",
            "price": "45.02",
            "revenue": 82326
        },
        "2015-01": {
            "month": "2015-01",
            "price": "45.85",
            "revenue": 74057
        },
        "2015-02": {
            "month": "2015-02",
            "price": "46.19",
            "revenue": 60071
        },
        "2015-03": {
            "month": "2015-03",
            "price": "46.00",
            "revenue": 74618
        },
        "2015-04": {
            "month": "2015-04",
            "price": "48.61",
            "revenue": 88739
        },
        "2015-05": {
            "month": "2015-05",
            "price": "49.64",
            "revenue": 78306
        },
        "2015-06": {
            "month": "2015-06",
            "price": "47.91",
            "revenue": 81366
        },
        "2015-07": {
            "month": "2015-07",
            "price": "45.05",
            "revenue": 84444
        },
        "2015-08": {
            "month": "2015-08",
            "price": "42.05",
            "revenue": 74231
        },
        "2015-09": {
            "month": "2015-09",
            "price": "41.40",
            "revenue": 75196
        },
        "2015-10": {
            "month": "2015-10",
            "price": "42.22",
            "revenue": 82226
        },
        "2015-11": {
            "month": "2015-11",
            "price": "39.72",
            "revenue": 83047
        },
        "2015-12": {
            "month": "2015-12",
            "price": "38.98",
            "revenue": 86395
        },
        "2016-01": {
            "month": "2016-01",
            "price": "37.11",
            "revenue": 86244
        },
        "2016-02": {
            "month": "2016-02",
            "price": "35.91",
            "revenue": 66184
        },
        "2016-03": {
            "month": "2016-03",
            "price": "34.90",
            "revenue": 83433
        },
        "2016-04": {
            "month": "2016-04",
            "price": "35.25",
            "revenue": 83201
        },
        "2016-05": {
            "month": "2016-05",
            "price": "35.28",
            "revenue": 88480
        },
        "2016-06": {
            "month": "2016-06",
            "price": "34.02",
            "revenue": 78657
        },
        "2016-07": {
            "month": "2016-07",
            "price": "31.85",
            "revenue": 87093
        },
        "2016-08": {
            "month": "2016-08",
            "price": "30.33",
            "revenue": 85687
        },
        "2016-09": {
            "month": "2016-09",
            "price": "30.17",
            "revenue": 85979
        },
        "2016-10": {
            "month": "2016-10",
            "price": "30.18",
            "revenue": 89355
        },
        "2016-11": {
            "month": "2016-11",
            "price": "29.43",
            "revenue": 91346
        },
        "2016-12": {
            "month": "2016-12",
            "price": "28.63",
            "revenue": 101938
        },
        "2017-01": {
            "month": "2017-01",
            "price": "27.86",
            "revenue": 94186
        },
        "2017-02": {
            "month": "2017-02",
            "price": "28.37",
            "revenue": 77060
        },
        "2017-03": {
            "month": "2017-03",
            "price": "27.71",
            "revenue": 97831
        },
        "2017-04": {
            "month": "2017-04",
            "price": "27.35",
            "revenue": 88350
        },
        "2017-05": {
            "month": "2017-05",
            "price": "27.17",
            "revenue": 99436
        },
        "2017-06": {
            "month": "2017-06",
            "price": "26.83",
            "revenue": 108962
        },
        "2017-07": {
            "month": "2017-07",
            "price": "26.23",
            "revenue": 95153
        },
        "2017-08": {
            "month": "2017-08",
            "price": "26.09",
            "revenue": 108245
        },
        "2017-09": {
            "month": "2017-09",
            "price": "25.98",
            "revenue": 95228
        },
        "2017-10": {
            "month": "2017-10",
            "price": "25.94",
            "revenue": 103127
        },
        "2017-11": {
            "month": "2017-11",
            "price": "25.65",
            "revenue": 110028
        },
        "2017-12": {
            "month": "2017-12",
            "price": "25.81",
            "revenue": 125632
        },
        "2018-01": {
            "month": "2018-01",
            "price": "30.31",
            "revenue": 107405
        },
        "2018-02": {
            "month": "2018-02",
            "price": "34.97",
            "revenue": 99395
        },
        "2018-03": {
            "month": "2018-03",
            "price": "29.17",
            "revenue": 116400
        },
        "2018-04": {
            "month": "2018-04",
            "price": "28.04",
            "revenue": 109879
        },
        "2018-05": {
            "month": "2018-05",
            "price": "27.56",
            "revenue": 116698
        },
        "2018-06": {
            "month": "2018-06",
            "price": "27.91",
            "revenue": 114402
        },
        "2018-07": {
            "month": "2018-07",
            "price": "28.49",
            "revenue": 118113
        },
        "2018-08": {
            "month": "2018-08",
            "price": "31.45",
            "revenue": 121190
        },
        "2018-09": {
            "month": "2018-09",
            "price": "32.29",
            "revenue": 121795
        },
        "2018-10": {
            "month": "2018-10",
            "price": "28.94",
            "revenue": 127239
        },
        "2018-11": {
            "month": "2018-11",
            "price": "27.46",
            "revenue": 159607
        },
        "2018-12": {
            "month": "2018-12",
            "price": "30.67",
            "revenue": 127491
        },
        "2019-01": {
            "month": "2019-01",
            "price": "30.91",
            "revenue": 129890
        },
        "2019-02": {
            "month": "2019-02",
            "price": "33.08",
            "revenue": 109531
        },
        "2019-03": {
            "month": "2019-03",
            "price": "40.97",
            "revenue": 123673
        },
        "2019-04": {
            "month": "2019-04",
            "price": "48.40",
            "revenue": 126739
        },
        "2019-05": {
            "month": "2019-05",
            "price": "45.14",
            "revenue": 141557
        },
        "2019-06": {
            "month": "2019-06",
            "price": "49.13",
            "revenue": 137725
        },
        "2019-07": {
            "month": "2019-07",
            "price": "51.30",
            "revenue": 150047
        },
        "2019-08": {
            "month": "2019-08",
            "price": "59.61",
            "revenue": 137666
        },
        "2019-09": {
            "month": "2019-09",
            "price": "59.26",
            "revenue": 144049
        },
        "2019-10": {
            "month": "2019-10",
            "price": "60.39",
            "revenue": 156861
        },
        "2019-11": {
            "month": "2019-11",
            "price": "63.01",
            "revenue": 158263
        },
        "2019-12": {
            "month": "2019-12",
            "price": "65.57",
            "revenue": 156460
        },
        "2020-01": {
            "month": "2020-01",
            "price": "65.88",
            "revenue": 148270
        },
        "2020-02": {
            "month": "2020-02",
            "price": "63.71",
            "revenue": 127216
        },
        "2020-03": {
            "month": "2020-03",
            "price": "55.61",
            "revenue": 142251
        },
        "2020-04": {
            "month": "2020-04",
            "price": "64.26",
            "revenue": 148669
        },
        "2020-05": {
            "month": "2020-05",
            "price": "66.40",
            "revenue": 149528
        },
        "2020-06": {
            "month": "2020-06",
            "price": "64.34",
            "revenue": 163962
        },
        "2020-07": {
            "month": "2020-07",
            "price": "59.35",
            "revenue": 168087
        },
        "2020-08": {
            "month": "2020-08",
            "price": "53.71",
            "revenue": 149079
        },
        "2020-09": {
            "month": "2020-09",
            "price": "51.16",
            "revenue": 172074
        },
        "2020-10": {
            "month": "2020-10",
            "price": "49.27",
            "revenue": 163652
        },
        "2020-11": {
            "month": "2020-11",
            "price": "49.29",
            "revenue": 168275
        },
        "2020-12": {
            "month": "2020-12",
            "price": "49.02",
            "revenue": 186122
        },
        "2021-01": {
            "month": "2021-01",
            "price": "48.70",
            "revenue": 168252
        },
        "2021-02": {
            "month": "2021-02",
            "price": "47.90",
            "revenue": 143169
        },
        "2021-03": {
            "month": "2021-03",
            "price": "48.69",
            "revenue": 174730
        },
        "2021-04": {
            "month": "2021-04",
            "price": "49.43",
            "revenue": 171745
        },
        "2021-05": {
            "month": "2021-05",
            "price": "46.46",
            "revenue": 172480
        },
        "2021-06": {
            "month": "2021-06",
            "price": "46.97",
            "revenue": 191037
        },
        "2021-07": {
            "month": "2021-07",
            "price": "46.86",
            "revenue": 181650
        },
        "2021-08": {
            "month": "2021-08",
            "price": "45.51",
            "revenue": 191992
        },
        "2021-09": {
            "month": "2021-09",
            "price": "45.77",
            "revenue": 204046
        },
        "2021-10": {
            "month": "2021-10",
            "price": "44.83",
            "revenue": 189629
        },
        "2021-11": {
            "month": "2021-11",
            "price": "45.63",
            "revenue": 215017
        },
        "2021-12": {
            "month": "2021-12",
            "price": "45.75",
            "revenue": 202026
        },
        "2022-01": {
            "month": "2022-01",
            "price": "45.35",
            "revenue": 211734
        },
        "2022-02": {
            "month": "2022-02",
            "price": "46.02",
            "revenue": 161742
        },
        "2022-03": {
            "month": "2022-03",
            "price": "51.67",
            "revenue": 212520
        },
        "2022-04": {
            "month": "2022-04",
            "price": "56.16",
            "revenue": 194526
        },
        "2022-05": {
            "month": "2022-05",
            "price": "54.90",
            "revenue": 203969
        },
        "2022-06": {
            "month": "2022-06",
            "price": "51.84",
            "revenue": 205172
        },
        "2022-07": {
            "month": "2022-07",
            "price": "48.60",
            "revenue": 200666
        },
        "2022-08": {
            "month": "2022-08",
            "price": "51.80",
            "revenue": 204713
        },
        "2022-09": {
            "month": "2022-09",
            "price": "53.31",
            "revenue": 206691
        },
        "2022-10": {
            "month": "2022-10",
            "price": "51.64",
            "revenue": 213622
        },
        "2022-11": {
            "month": "2022-11",
            "price": "52.17",
            "revenue": 234408
        },
        "2022-12": {
            "month": "2022-12",
            "price": "54.90",
            "revenue": 227906
        },
        "2023-01": {
            "month": "2023-01",
            "price": "57.28",
            "revenue": 189866
        },
        "2023-02": {
            "month": "2023-02",
            "price": "59.53",
            "revenue": 188578
        },
        "2023-03": {
            "month": "2023-03",
            "price": "63.13",
            "revenue": 214116
        },
        "2023-04": {
            "month": "2023-04",
            "price": "64.80",
            "revenue": 194466
        },
        "2023-05": {
            "month": "2023-05",
            "price": "63.75",
            "revenue": 215833
        }
    }
}
