{
    "summary": {
        "stock_name": "英格爾",
        "stock_id": "8287",
        "category": "其他電子",
        "main_business": "CC01080電子零組件製造業、CC01030電器製造業<br>各種電子零件(電阻器、電容器、電子開關器...)製造、加工、買賣<br>F401010國際貿易業、CC01070無線通信機械器材製造業",
        "website_url": "",
        "ceo": "梁哲睿",
        "pe_ratio": -0,
        "report_year_from": 2001,
        "report_year_to": 2023,
        "age": 22,
        "eps_negative_percentage": 12,
        "eps_growth_avg": {
            "last_all": -6.08,
            "last_2y": -100,
            "last_4y": -42.32,
            "last_8y": -27.28,
            "last_12y": -3.81,
            "last_16y": null,
            "last_20y": null,
            "at_2006_last_3y": null,
            "at_2007_last_3y": 4.97,
            "at_2008_last_3y": -22.73,
            "at_2009_last_3y": 10.27,
            "at_2010_last_3y": 43.14,
            "at_2011_last_3y": 25.76,
            "at_2012_last_3y": 31.8,
            "at_2013_last_3y": 19.03,
            "at_2014_last_3y": -12.25,
            "at_2015_last_3y": -8.48,
            "at_2016_last_3y": 13.63,
            "at_2017_last_3y": -23.6,
            "at_2018_last_3y": -23.09,
            "at_2019_last_3y": -60.08,
            "at_2020_last_3y": -60.08,
            "at_2021_last_3y": -60.08,
            "at_2022_last_3y": -60.08,
            "at_2023_last_3y": -60.08,
            "at_2006_last_all": -15.18,
            "at_2007_last_all": 4.97,
            "at_2008_last_all": -14.59,
            "at_2009_last_all": 4.51,
            "at_2010_last_all": 18.15,
            "at_2011_last_all": 15.37,
            "at_2012_last_all": 6.03,
            "at_2013_last_all": 10.32,
            "at_2014_last_all": 7.09,
            "at_2015_last_all": 7.42,
            "at_2016_last_all": 8.37,
            "at_2017_last_all": 0.63,
            "at_2018_last_all": 0.63,
            "at_2019_last_all": -6.08,
            "at_2020_last_all": -6.08,
            "at_2021_last_all": -6.08,
            "at_2022_last_all": -6.08,
            "at_2023_last_all": -6.08
        },
        "latest_eps": -14.62,
        "latest_price": 0.73,
        "latest_roe": 295.91,
        "latest_gross_margin": 24.67,
        "latest_equity": -1803067,
        "latest_revenue": 382805,
        "latest_gross_profit": 94456,
        "latest_net_income": -2268396,
        "latest_debt_ratio": 262.52,
        "latest_current_ratio": 34.65,
        "latest_account_receivable_turnover_ratio": 1.25,
        "latest_inventory_turnover_ratio": 1.44,
        "latest_reinvestment_rate": null,
        "latest_research_to_sale_ratio": 0.79
    },
    "eps_dividends": {
        "2001": {
            "cash": 0,
            "stock": 0,
            "eps": 0
        },
        "2002": {
            "cash": 0,
            "stock": 0,
            "eps": 0
        },
        "2003": {
            "cash": 0,
            "stock": 0,
            "eps": 3.84
        },
        "2004": {
            "cash": 2,
            "stock": 0,
            "eps": 4.53
        },
        "2005": {
            "cash": 2.5,
            "stock": 0.5,
            "eps": 3.08
        },
        "2006": {
            "cash": 1.5,
            "stock": 1,
            "eps": 2.11
        },
        "2007": {
            "cash": 1.5,
            "stock": 0,
            "eps": 3.49
        },
        "2008": {
            "cash": 1,
            "stock": 1.35,
            "eps": 0.25
        },
        "2009": {
            "cash": 0.3,
            "stock": 0.5,
            "eps": 1.46
        },
        "2010": {
            "cash": 1.2,
            "stock": 0.8,
            "eps": 4.63
        },
        "2011": {
            "cash": 0.58,
            "stock": 3.31,
            "eps": 4.44
        },
        "2012": {
            "cash": 0.88,
            "stock": 3.11,
            "eps": 1.39
        },
        "2013": {
            "cash": 0.8,
            "stock": 0,
            "eps": 2.07
        },
        "2014": {
            "cash": 0.9,
            "stock": 0,
            "eps": 1.55
        },
        "2015": {
            "cash": 0.3,
            "stock": 0.6,
            "eps": 1.72
        },
        "2016": {
            "cash": 0.6,
            "stock": 0.4,
            "eps": 2.06
        },
        "2017": {
            "cash": 0.8,
            "stock": 0.4,
            "eps": -20.77
        },
        "2018": {
            "cash": 0,
            "stock": 0,
            "eps": 1.08
        },
        "2019": {
            "cash": 0,
            "stock": 0,
            "eps": -14.62
        }
    },
    "dividends": {
        "2004-04-26": {
            "cash": 2,
            "stock": 0
        },
        "2005-03-11": {
            "cash": 2.5,
            "stock": 0.5
        },
        "2006-03-21": {
            "cash": 1.5,
            "stock": 1
        },
        "2007-03-28": {
            "cash": 1.5,
            "stock": 0
        },
        "2008-03-12": {
            "cash": 1,
            "stock": 1.35
        },
        "2009-03-30": {
            "cash": 0.3,
            "stock": 0.5
        },
        "2010-04-16": {
            "cash": 1.2,
            "stock": 0.8
        },
        "2011-03-29": {
            "cash": 0.58,
            "stock": 3.31
        },
        "2012-05-08": {
            "cash": 0.88,
            "stock": 3.11
        },
        "2013-06-28": {
            "cash": 0.8,
            "stock": 0
        },
        "2014-09-24": {
            "cash": 0.9,
            "stock": 0
        },
        "2015-08-21": {
            "cash": 0.3,
            "stock": 0.6
        },
        "2016-08-19": {
            "cash": 0.6,
            "stock": 0.4
        },
        "2017-10-20": {
            "cash": 0.8,
            "stock": 0.4
        }
    },
    "prices": {
        "200101": "無",
        "200102": "無",
        "200103": "無",
        "200104": "無",
        "200105": "無",
        "200106": "無",
        "200107": "無",
        "200108": "無",
        "200109": "無",
        "200110": "無",
        "200111": "無",
        "200112": "無",
        "200201": "無",
        "200202": "無",
        "200203": "無",
        "200204": "無",
        "200205": "無",
        "200206": "無",
        "200207": "無",
        "200208": "無",
        "200209": "無",
        "200210": "無",
        "200211": "無",
        "200212": "無",
        "200301": "無",
        "200302": "無",
        "200303": "無",
        "200304": "無",
        "200305": "無",
        "200306": "無",
        "200307": "無",
        "200308": "無",
        "200309": "無",
        "200310": "27.26",
        "200311": "26.30",
        "200312": "29.57",
        "200401": "39.40",
        "200402": "39.35",
        "200403": "38.42",
        "200404": "38.83",
        "200405": "44.88",
        "200406": "40.95",
        "200407": "40.33",
        "200408": "36.16",
        "200409": "33.04",
        "200410": "33.01",
        "200411": "33.12",
        "200412": "35.18",
        "200501": "29.66",
        "200502": "36.15",
        "200503": "38.37",
        "200504": "34.06",
        "200505": "29.58",
        "200506": "32.27",
        "200507": "33.54",
        "200508": "28.91",
        "200509": "28.88",
        "200510": "29.15",
        "200511": "28.50",
        "200512": "30.50",
        "200601": "30.55",
        "200602": "29.29",
        "200603": "28.25",
        "200604": "29.06",
        "200605": "29.84",
        "200606": "26.05",
        "200607": "25.04",
        "200608": "22.90",
        "200609": "20.58",
        "200610": "21.59",
        "200611": "21.68",
        "200612": "24.23",
        "200701": "27.92",
        "200702": "27.03",
        "200703": "26.65",
        "200704": "27.17",
        "200705": "24.58",
        "200706": "26.68",
        "200707": "30.13",
        "200708": "37.61",
        "200709": "38.96",
        "200710": "43.06",
        "200711": "40.08",
        "200712": "40.09",
        "200801": "38.45",
        "200802": "35.24",
        "200803": "34.83",
        "200804": "35.71",
        "200805": "40.71",
        "200806": "35.14",
        "200807": "25.40",
        "200808": "23.79",
        "200809": "20.97",
        "200810": "18.52",
        "200811": "12.63",
        "200812": "11.96",
        "200901": "11.75",
        "200902": "11.35",
        "200903": "14.16",
        "200904": "15.58",
        "200905": "16.07",
        "200906": "16.57",
        "200907": "20.48",
        "200908": "22.43",
        "200909": "22.56",
        "200910": "22.35",
        "200911": "21.70",
        "200912": "24.77",
        "201001": "37.65",
        "201002": "43.21",
        "201003": "53.49",
        "201004": "58.91",
        "201005": "65.85",
        "201006": "69.21",
        "201007": "74.21",
        "201008": "78.80",
        "201009": "91.91",
        "201010": "117.86",
        "201011": "138.36",
        "201012": "181.17",
        "201101": "194.75",
        "201102": "235.82",
        "201103": "230.70",
        "201104": "161.87",
        "201105": "127.88",
        "201106": "141.79",
        "201107": "118.12",
        "201108": "86.93",
        "201109": "77.66",
        "201110": "79.34",
        "201111": "69.74",
        "201112": "67.83",
        "201201": "63.73",
        "201202": "79.48",
        "201203": "79.49",
        "201204": "76.78",
        "201205": "65.17",
        "201206": "52.88",
        "201207": "53.76",
        "201208": "51.67",
        "201209": "36.49",
        "201210": "31.35",
        "201211": "23.17",
        "201212": "30.05",
        "201301": "33.28",
        "201302": "32.25",
        "201303": "32.67",
        "201304": "28.17",
        "201305": "27.79",
        "201306": "25.65",
        "201307": "24.84",
        "201308": "24.81",
        "201309": "25.49",
        "201310": "25.58",
        "201311": "23.62",
        "201312": "24.68",
        "201401": "27.16",
        "201402": "26.46",
        "201403": "26.74",
        "201404": "26.18",
        "201405": "25.05",
        "201406": "26.02",
        "201407": "25.25",
        "201408": "22.67",
        "201409": "22.21",
        "201410": "19.40",
        "201411": "18.62",
        "201412": "19.30",
        "201501": "19.88",
        "201502": "19.81",
        "201503": "24.04",
        "201504": "23.86",
        "201505": "22.20",
        "201506": "18.77",
        "201507": "17.88",
        "201508": "14.69",
        "201509": "15.62",
        "201510": "16.33",
        "201511": "16.30",
        "201512": "17.74",
        "201601": "17.39",
        "201602": "17.48",
        "201603": "18.58",
        "201604": "17.42",
        "201605": "16.30",
        "201606": "16.26",
        "201607": "16.68",
        "201608": "17.58",
        "201609": "18.08",
        "201610": "17.07",
        "201611": "17.11",
        "201612": "17.71",
        "201701": "17.18",
        "201702": "20.01",
        "201703": "18.47",
        "201704": "17.83",
        "201705": "16.16",
        "201706": "16.65",
        "201707": "16.11",
        "201708": "16.28",
        "201709": "16.11",
        "201710": "13.69",
        "201711": "9.37",
        "201712": "6.47",
        "201801": "8.26",
        "201802": "6.81",
        "201803": "6.84",
        "201804": "4.80",
        "201805": "3.64",
        "201806": "3.66",
        "201807": "3.28",
        "201808": "4.67",
        "201809": "4.75",
        "201810": "3.80",
        "201811": "4.01",
        "201812": "4.02",
        "201901": "3.71",
        "201902": "3.75",
        "201903": "3.49",
        "201904": "3.58",
        "201905": "3.35",
        "201906": "3.16",
        "201907": "2.92",
        "201908": "3.22",
        "201909": "3.18",
        "201910": "3.02",
        "201911": "3.45",
        "201912": "4.16",
        "202001": "4.07",
        "202002": "3.49",
        "202003": "2.72",
        "202004": "0.91",
        "202005": "無",
        "202006": "無",
        "202007": "無",
        "202008": "無",
        "202009": "無",
        "202010": "無",
        "202011": "無",
        "202012": "無",
        "202101": "無",
        "202102": "無",
        "202103": "無",
        "202104": "無",
        "202105": "無",
        "202106": "無",
        "202107": "無",
        "202108": "無",
        "202109": "無",
        "202110": "無",
        "202111": "無",
        "202112": "無",
        "202201": "無",
        "202202": "無",
        "202203": "無",
        "202204": "無",
        "202205": "無",
        "202206": "無",
        "202207": "無",
        "202208": "無",
        "202209": "無",
        "202210": "無",
        "202211": "無",
        "202212": "無",
        "202301": "無",
        "202302": "無",
        "202303": "無",
        "202304": "無",
        "202305": "無",
        "202306": "無",
        "202307": "無",
        "202308": "無",
        "202309": "無",
        "202310": "無"
    },
    "quarters": {
        "20011": {
            "year_quarter": 20011,
            "year": 2001,
            "quarter": 1,
            "eps": null,
            "eps_growth_year": null,
            "eps_4q": null,
            "eps_4q_growth_year": null,
            "roe": null,
            "roe_4q": 0,
            "gross_profit": null,
            "gross_margin": null,
            "gross_margin_4q_avg": 0,
            "net_income": null,
            "net_income_4q": null,
            "revenue": null,
            "revenue_4q": null,
            "common_shares": null,
            "book_valuer_per_share": null,
            "book_valuer_per_share_4q_avg": 0,
            "equity": null,
            "current_ratio": null,
            "debt_ratio": null,
            "inventory_turnover_ratio": null,
            "account_receivable_turnover_ratio": null,
            "reinvestment_rate": null,
            "research_to_sale_ratio": null,
            "price_fair": 0,
            "eps_avg_yearly": 0,
            "eps_latest_yearly": 0,
            "eps_growth_yearly": 0
        },
        "20012": {
            "year_quarter": 20012,
            "year": 2001,
            "quarter": 2,
            "eps": null,
            "eps_growth_year": null,
            "eps_4q": null,
            "eps_4q_growth_year": null,
            "roe": null,
            "roe_4q": 0,
            "gross_profit": null,
            "gross_margin": null,
            "gross_margin_4q_avg": 0,
            "net_income": null,
            "net_income_4q": null,
            "revenue": null,
            "revenue_4q": null,
            "common_shares": null,
            "book_valuer_per_share": null,
            "book_valuer_per_share_4q_avg": 0,
            "equity": null,
            "current_ratio": null,
            "debt_ratio": null,
            "inventory_turnover_ratio": null,
            "account_receivable_turnover_ratio": null,
            "reinvestment_rate": null,
            "research_to_sale_ratio": null,
            "price_fair": 0,
            "eps_avg_yearly": 0,
            "eps_latest_yearly": 0,
            "eps_growth_yearly": 0
        },
        "20013": {
            "year_quarter": 20013,
            "year": 2001,
            "quarter": 3,
            "eps": null,
            "eps_growth_year": null,
            "eps_4q": null,
            "eps_4q_growth_year": null,
            "roe": null,
            "roe_4q": 0,
            "gross_profit": null,
            "gross_margin": null,
            "gross_margin_4q_avg": 0,
            "net_income": null,
            "net_income_4q": null,
            "revenue": null,
            "revenue_4q": null,
            "common_shares": null,
            "book_valuer_per_share": null,
            "book_valuer_per_share_4q_avg": 0,
            "equity": null,
            "current_ratio": null,
            "debt_ratio": null,
            "inventory_turnover_ratio": null,
            "account_receivable_turnover_ratio": null,
            "reinvestment_rate": null,
            "research_to_sale_ratio": null,
            "price_fair": 0,
            "eps_avg_yearly": 0,
            "eps_latest_yearly": 0,
            "eps_growth_yearly": 0
        },
        "20014": {
            "year_quarter": 20014,
            "year": 2001,
            "quarter": 4,
            "eps": null,
            "eps_growth_year": null,
            "eps_4q": null,
            "eps_4q_growth_year": null,
            "roe": null,
            "roe_4q": 0,
            "gross_profit": null,
            "gross_margin": null,
            "gross_margin_4q_avg": 0,
            "net_income": null,
            "net_income_4q": null,
            "revenue": null,
            "revenue_4q": null,
            "common_shares": 235000,
            "book_valuer_per_share": 7.6,
            "book_valuer_per_share_4q_avg": 1.9,
            "equity": 178544,
            "current_ratio": 99.73,
            "debt_ratio": 78.54,
            "inventory_turnover_ratio": null,
            "account_receivable_turnover_ratio": null,
            "reinvestment_rate": null,
            "research_to_sale_ratio": null,
            "price_fair": 0,
            "eps_avg_yearly": 0,
            "eps_latest_yearly": 0,
            "eps_growth_yearly": 0
        },
        "20021": {
            "year_quarter": 20021,
            "year": 2002,
            "quarter": 1,
            "eps": null,
            "eps_growth_year": null,
            "eps_4q": null,
            "eps_4q_growth_year": null,
            "roe": null,
            "roe_4q": 0,
            "gross_profit": null,
            "gross_margin": null,
            "gross_margin_4q_avg": 0,
            "net_income": null,
            "net_income_4q": null,
            "revenue": null,
            "revenue_4q": null,
            "common_shares": null,
            "book_valuer_per_share": null,
            "book_valuer_per_share_4q_avg": 1.9,
            "equity": null,
            "current_ratio": null,
            "debt_ratio": null,
            "inventory_turnover_ratio": null,
            "account_receivable_turnover_ratio": null,
            "reinvestment_rate": null,
            "research_to_sale_ratio": null,
            "price_fair": 0,
            "eps_avg_yearly": 0,
            "eps_latest_yearly": 0,
            "eps_growth_yearly": 0
        },
        "20022": {
            "year_quarter": 20022,
            "year": 2002,
            "quarter": 2,
            "eps": null,
            "eps_growth_year": null,
            "eps_4q": null,
            "eps_4q_growth_year": null,
            "roe": null,
            "roe_4q": 0,
            "gross_profit": null,
            "gross_margin": null,
            "gross_margin_4q_avg": 0,
            "net_income": null,
            "net_income_4q": null,
            "revenue": null,
            "revenue_4q": null,
            "common_shares": null,
            "book_valuer_per_share": null,
            "book_valuer_per_share_4q_avg": 1.9,
            "equity": null,
            "current_ratio": null,
            "debt_ratio": null,
            "inventory_turnover_ratio": null,
            "account_receivable_turnover_ratio": null,
            "reinvestment_rate": null,
            "research_to_sale_ratio": null,
            "price_fair": 0,
            "eps_avg_yearly": 0,
            "eps_latest_yearly": 0,
            "eps_growth_yearly": 0
        },
        "20023": {
            "year_quarter": 20023,
            "year": 2002,
            "quarter": 3,
            "eps": null,
            "eps_growth_year": null,
            "eps_4q": null,
            "eps_4q_growth_year": null,
            "roe": null,
            "roe_4q": 0,
            "gross_profit": null,
            "gross_margin": null,
            "gross_margin_4q_avg": 0,
            "net_income": null,
            "net_income_4q": null,
            "revenue": null,
            "revenue_4q": null,
            "common_shares": null,
            "book_valuer_per_share": null,
            "book_valuer_per_share_4q_avg": 1.9,
            "equity": null,
            "current_ratio": null,
            "debt_ratio": null,
            "inventory_turnover_ratio": null,
            "account_receivable_turnover_ratio": null,
            "reinvestment_rate": null,
            "research_to_sale_ratio": null,
            "price_fair": 0,
            "eps_avg_yearly": 0,
            "eps_latest_yearly": 0,
            "eps_growth_yearly": 0
        },
        "20024": {
            "year_quarter": 20024,
            "year": 2002,
            "quarter": 4,
            "eps": null,
            "eps_growth_year": null,
            "eps_4q": null,
            "eps_4q_growth_year": null,
            "roe": null,
            "roe_4q": 0,
            "gross_profit": null,
            "gross_margin": null,
            "gross_margin_4q_avg": 0,
            "net_income": null,
            "net_income_4q": null,
            "revenue": null,
            "revenue_4q": null,
            "common_shares": 235000,
            "book_valuer_per_share": 10.37,
            "book_valuer_per_share_4q_avg": 2.59,
            "equity": 243617,
            "current_ratio": 117.34,
            "debt_ratio": 69.96,
            "inventory_turnover_ratio": null,
            "account_receivable_turnover_ratio": null,
            "reinvestment_rate": null,
            "research_to_sale_ratio": null,
            "price_fair": 0,
            "eps_avg_yearly": 0,
            "eps_latest_yearly": 0,
            "eps_growth_yearly": 0
        },
        "20031": {
            "year_quarter": 20031,
            "year": 2003,
            "quarter": 1,
            "eps": 0.54,
            "eps_growth_year": null,
            "eps_4q": null,
            "eps_4q_growth_year": null,
            "roe": 5.03,
            "roe_4q": 5.03,
            "gross_profit": 41062,
            "gross_margin": 11.29,
            "gross_margin_4q_avg": 2.82,
            "net_income": 12584,
            "net_income_4q": null,
            "revenue": 363659,
            "revenue_4q": null,
            "common_shares": 235000,
            "book_valuer_per_share": 10.92,
            "book_valuer_per_share_4q_avg": 5.32,
            "equity": 256527,
            "current_ratio": 124.75,
            "debt_ratio": 65.69,
            "inventory_turnover_ratio": 3.58,
            "account_receivable_turnover_ratio": null,
            "reinvestment_rate": null,
            "research_to_sale_ratio": null,
            "price_fair": 0,
            "eps_avg_yearly": 0,
            "eps_latest_yearly": 0,
            "eps_growth_yearly": 0
        },
        "20032": {
            "year_quarter": 20032,
            "year": 2003,
            "quarter": 2,
            "eps": 1.46,
            "eps_growth_year": null,
            "eps_4q": null,
            "eps_4q_growth_year": null,
            "roe": 12.54,
            "roe_4q": 17.57,
            "gross_profit": 40131,
            "gross_margin": 11.37,
            "gross_margin_4q_avg": 5.67,
            "net_income": 34289,
            "net_income_4q": null,
            "revenue": 353000,
            "revenue_4q": null,
            "common_shares": 235000,
            "book_valuer_per_share": 12.35,
            "book_valuer_per_share_4q_avg": 8.41,
            "equity": 290131,
            "current_ratio": 133.64,
            "debt_ratio": 59.87,
            "inventory_turnover_ratio": 8.36,
            "account_receivable_turnover_ratio": null,
            "reinvestment_rate": null,
            "research_to_sale_ratio": null,
            "price_fair": 204.4,
            "eps_avg_yearly": 5.84,
            "eps_latest_yearly": 5.84,
            "eps_growth_yearly": 681.48
        },
        "20033": {
            "year_quarter": 20033,
            "year": 2003,
            "quarter": 3,
            "eps": 0.31,
            "eps_growth_year": null,
            "eps_4q": null,
            "eps_4q_growth_year": null,
            "roe": 2.48,
            "roe_4q": 20.05,
            "gross_profit": 46532,
            "gross_margin": 11.79,
            "gross_margin_4q_avg": 8.61,
            "net_income": 7256,
            "net_income_4q": null,
            "revenue": 394645,
            "revenue_4q": null,
            "common_shares": 235000,
            "book_valuer_per_share": 12.6,
            "book_valuer_per_share_4q_avg": 11.56,
            "equity": 296017,
            "current_ratio": 128.21,
            "debt_ratio": 61.97,
            "inventory_turnover_ratio": 8.67,
            "account_receivable_turnover_ratio": null,
            "reinvestment_rate": null,
            "research_to_sale_ratio": null,
            "price_fair": 123.9,
            "eps_avg_yearly": 3.54,
            "eps_latest_yearly": 1.24,
            "eps_growth_yearly": 183.21
        },
        "20034": {
            "year_quarter": 20034,
            "year": 2003,
            "quarter": 4,
            "eps": 1.53,
            "eps_growth_year": null,
            "eps_4q": 3.84,
            "eps_4q_growth_year": null,
            "roe": 11.41,
            "roe_4q": 31.46,
            "gross_profit": 42200,
            "gross_margin": 10.96,
            "gross_margin_4q_avg": 11.35,
            "net_income": 35877,
            "net_income_4q": null,
            "revenue": 385103,
            "revenue_4q": null,
            "common_shares": 235000,
            "book_valuer_per_share": 14.17,
            "book_valuer_per_share_4q_avg": 12.51,
            "equity": 333019,
            "current_ratio": 157.76,
            "debt_ratio": 59.28,
            "inventory_turnover_ratio": 3.17,
            "account_receivable_turnover_ratio": null,
            "reinvestment_rate": null,
            "research_to_sale_ratio": null,
            "price_fair": 154,
            "eps_avg_yearly": 4.4,
            "eps_latest_yearly": 6.12,
            "eps_growth_yearly": 646.87
        },
        "20041": {
            "year_quarter": 20041,
            "year": 2004,
            "quarter": 1,
            "eps": 1.21,
            "eps_growth_year": 124.07,
            "eps_4q": 4.51,
            "eps_4q_growth_year": null,
            "roe": 8.23,
            "roe_4q": 34.66,
            "gross_profit": 37527,
            "gross_margin": 11.22,
            "gross_margin_4q_avg": 11.34,
            "net_income": 28365,
            "net_income_4q": null,
            "revenue": 334355,
            "revenue_4q": null,
            "common_shares": 235000,
            "book_valuer_per_share": 15.15,
            "book_valuer_per_share_4q_avg": 13.57,
            "equity": 355984,
            "current_ratio": 157.83,
            "debt_ratio": 49.86,
            "inventory_turnover_ratio": 3.13,
            "account_receivable_turnover_ratio": null,
            "reinvestment_rate": null,
            "research_to_sale_ratio": null,
            "price_fair": 157.85,
            "eps_avg_yearly": 4.51,
            "eps_latest_yearly": 4.84,
            "eps_growth_yearly": 464.24
        },
        "20042": {
            "year_quarter": 20042,
            "year": 2004,
            "quarter": 2,
            "eps": 1.61,
            "eps_growth_year": 10.27,
            "eps_4q": 4.65,
            "eps_4q_growth_year": null,
            "roe": 10.9,
            "roe_4q": 33.02,
            "gross_profit": 45710,
            "gross_margin": 12.26,
            "gross_margin_4q_avg": 11.56,
            "net_income": 37894,
            "net_income_4q": null,
            "revenue": 372886,
            "revenue_4q": null,
            "common_shares": 235000,
            "book_valuer_per_share": 14.44,
            "book_valuer_per_share_4q_avg": 14.09,
            "equity": 339233,
            "current_ratio": 132.49,
            "debt_ratio": 57.07,
            "inventory_turnover_ratio": 18.31,
            "account_receivable_turnover_ratio": null,
            "reinvestment_rate": null,
            "research_to_sale_ratio": null,
            "price_fair": 171.36,
            "eps_avg_yearly": 4.9,
            "eps_latest_yearly": 6.44,
            "eps_growth_yearly": 397.84
        },
        "20043": {
            "year_quarter": 20043,
            "year": 2004,
            "quarter": 3,
            "eps": 1.43,
            "eps_growth_year": 361.29,
            "eps_4q": 5.78,
            "eps_4q_growth_year": null,
            "roe": 9.42,
            "roe_4q": 39.96,
            "gross_profit": 42847,
            "gross_margin": 11.83,
            "gross_margin_4q_avg": 11.57,
            "net_income": 33559,
            "net_income_4q": null,
            "revenue": 362120,
            "revenue_4q": null,
            "common_shares": 235000,
            "book_valuer_per_share": 15.9,
            "book_valuer_per_share_4q_avg": 14.92,
            "equity": 373630,
            "current_ratio": 139.2,
            "debt_ratio": 53.72,
            "inventory_turnover_ratio": 16.71,
            "account_receivable_turnover_ratio": null,
            "reinvestment_rate": null,
            "research_to_sale_ratio": null,
            "price_fair": 176.17,
            "eps_avg_yearly": 5.03,
            "eps_latest_yearly": 5.72,
            "eps_growth_yearly": 324.08
        },
        "20044": {
            "year_quarter": 20044,
            "year": 2004,
            "quarter": 4,
            "eps": 0.28,
            "eps_growth_year": -81.7,
            "eps_4q": 4.54,
            "eps_4q_growth_year": 18.23,
            "roe": 1.76,
            "roe_4q": 30.31,
            "gross_profit": 40669,
            "gross_margin": 11.02,
            "gross_margin_4q_avg": 11.58,
            "net_income": 6564,
            "net_income_4q": null,
            "revenue": 369008,
            "revenue_4q": null,
            "common_shares": 235000,
            "book_valuer_per_share": 15.77,
            "book_valuer_per_share_4q_avg": 15.32,
            "equity": 370637,
            "current_ratio": 192.03,
            "debt_ratio": 46.37,
            "inventory_turnover_ratio": 4.49,
            "account_receivable_turnover_ratio": null,
            "reinvestment_rate": null,
            "research_to_sale_ratio": null,
            "price_fair": 156.6,
            "eps_avg_yearly": 4.47,
            "eps_latest_yearly": 1.12,
            "eps_growth_yearly": 231.83
        },
        "20051": {
            "year_quarter": 20051,
            "year": 2005,
            "quarter": 1,
            "eps": 0.75,
            "eps_growth_year": -38.02,
            "eps_4q": 4.05,
            "eps_4q_growth_year": -10.24,
            "roe": 4.68,
            "roe_4q": 26.759999999999998,
            "gross_profit": 38138,
            "gross_margin": 12.54,
            "gross_margin_4q_avg": 11.91,
            "net_income": 17727,
            "net_income_4q": null,
            "revenue": 304171,
            "revenue_4q": null,
            "common_shares": 235000,
            "book_valuer_per_share": 16.46,
            "book_valuer_per_share_4q_avg": 15.64,
            "equity": 386927,
            "current_ratio": 129.71,
            "debt_ratio": 49.08,
            "inventory_turnover_ratio": 3.86,
            "account_receivable_turnover_ratio": null,
            "reinvestment_rate": null,
            "research_to_sale_ratio": null,
            "price_fair": 150.15,
            "eps_avg_yearly": 4.29,
            "eps_latest_yearly": 3,
            "eps_growth_yearly": 286.78
        },
        "20052": {
            "year_quarter": 20052,
            "year": 2005,
            "quarter": 2,
            "eps": 0.61,
            "eps_growth_year": -62.11,
            "eps_4q": 3.07,
            "eps_4q_growth_year": -33.98,
            "roe": 4,
            "roe_4q": 19.86,
            "gross_profit": 46451,
            "gross_margin": 13.49,
            "gross_margin_4q_avg": 12.22,
            "net_income": 14354,
            "net_income_4q": null,
            "revenue": 344406,
            "revenue_4q": null,
            "common_shares": 235000,
            "book_valuer_per_share": 14.1,
            "book_valuer_per_share_4q_avg": 15.56,
            "equity": 331284,
            "current_ratio": 110.44,
            "debt_ratio": 57.13,
            "inventory_turnover_ratio": 22.95,
            "account_receivable_turnover_ratio": null,
            "reinvestment_rate": null,
            "research_to_sale_ratio": null,
            "price_fair": 142.96,
            "eps_avg_yearly": 4.08,
            "eps_latest_yearly": 2.44,
            "eps_growth_yearly": 246.62
        },
        "20053": {
            "year_quarter": 20053,
            "year": 2005,
            "quarter": 3,
            "eps": 1.28,
            "eps_growth_year": -10.49,
            "eps_4q": 2.83,
            "eps_4q_growth_year": -51.04,
            "roe": 9.05,
            "roe_4q": 19.490000000000002,
            "gross_profit": 58008,
            "gross_margin": 13.09,
            "gross_margin_4q_avg": 12.54,
            "net_income": 31899,
            "net_income_4q": null,
            "revenue": 443136,
            "revenue_4q": null,
            "common_shares": 250000,
            "book_valuer_per_share": 14.95,
            "book_valuer_per_share_4q_avg": 15.32,
            "equity": 373749,
            "current_ratio": 108.27,
            "debt_ratio": 57.38,
            "inventory_turnover_ratio": 20.32,
            "account_receivable_turnover_ratio": null,
            "reinvestment_rate": null,
            "research_to_sale_ratio": null,
            "price_fair": 146.58,
            "eps_avg_yearly": 4.19,
            "eps_latest_yearly": 5.12,
            "eps_growth_yearly": 265.89
        },
        "20054": {
            "year_quarter": 20054,
            "year": 2005,
            "quarter": 4,
            "eps": 0.44,
            "eps_growth_year": 57.14,
            "eps_4q": 3.02,
            "eps_4q_growth_year": -33.52,
            "roe": 2.89,
            "roe_4q": 20.62,
            "gross_profit": 55078,
            "gross_margin": 11.65,
            "gross_margin_4q_avg": 12.69,
            "net_income": 10924,
            "net_income_4q": null,
            "revenue": 472742,
            "revenue_4q": null,
            "common_shares": 250000,
            "book_valuer_per_share": 15.31,
            "book_valuer_per_share_4q_avg": 15.21,
            "equity": 382685,
            "current_ratio": 154.51,
            "debt_ratio": 58.54,
            "inventory_turnover_ratio": 3.67,
            "account_receivable_turnover_ratio": null,
            "reinvestment_rate": null,
            "research_to_sale_ratio": null,
            "price_fair": 138.85,
            "eps_avg_yearly": 3.97,
            "eps_latest_yearly": 1.76,
            "eps_growth_yearly": 217.85
        },
        "20061": {
            "year_quarter": 20061,
            "year": 2006,
            "quarter": 1,
            "eps": 0.51,
            "eps_growth_year": -32,
            "eps_4q": 2.81,
            "eps_4q_growth_year": -30.55,
            "roe": 3.27,
            "roe_4q": 19.21,
            "gross_profit": 47893,
            "gross_margin": 12.34,
            "gross_margin_4q_avg": 12.64,
            "net_income": 12660,
            "net_income_4q": null,
            "revenue": 388179,
            "revenue_4q": null,
            "common_shares": 250000,
            "book_valuer_per_share": 15.69,
            "book_valuer_per_share_4q_avg": 15.01,
            "equity": 392187,
            "current_ratio": 114.02,
            "debt_ratio": 56.19,
            "inventory_turnover_ratio": 2.95,
            "account_receivable_turnover_ratio": null,
            "reinvestment_rate": null,
            "research_to_sale_ratio": null,
            "price_fair": 133.23,
            "eps_avg_yearly": 3.81,
            "eps_latest_yearly": 2.04,
            "eps_growth_yearly": 205
        },
        "20062": {
            "year_quarter": 20062,
            "year": 2006,
            "quarter": 2,
            "eps": 0.42,
            "eps_growth_year": -31.15,
            "eps_4q": 2.64,
            "eps_4q_growth_year": -13.81,
            "roe": 2.79,
            "roe_4q": 18,
            "gross_profit": 56907,
            "gross_margin": 12.34,
            "gross_margin_4q_avg": 12.36,
            "net_income": 10475,
            "net_income_4q": null,
            "revenue": 461242,
            "revenue_4q": null,
            "common_shares": 280000,
            "book_valuer_per_share": 12.77,
            "book_valuer_per_share_4q_avg": 14.68,
            "equity": 357582,
            "current_ratio": 108.48,
            "debt_ratio": 55.83,
            "inventory_turnover_ratio": 18.17,
            "account_receivable_turnover_ratio": null,
            "reinvestment_rate": null,
            "research_to_sale_ratio": null,
            "price_fair": 127.51,
            "eps_avg_yearly": 3.64,
            "eps_latest_yearly": 1.68,
            "eps_growth_yearly": 183.8
        },
        "20063": {
            "year_quarter": 20063,
            "year": 2006,
            "quarter": 3,
            "eps": 0.48,
            "eps_growth_year": -62.5,
            "eps_4q": 1.7,
            "eps_4q_growth_year": -39.95,
            "roe": 3.66,
            "roe_4q": 12.610000000000001,
            "gross_profit": 63216,
            "gross_margin": 12.44,
            "gross_margin_4q_avg": 12.19,
            "net_income": 13403,
            "net_income_4q": null,
            "revenue": 508370,
            "revenue_4q": null,
            "common_shares": 280000,
            "book_valuer_per_share": 13.42,
            "book_valuer_per_share_4q_avg": 14.3,
            "equity": 375708,
            "current_ratio": 112.02,
            "debt_ratio": 58.71,
            "inventory_turnover_ratio": 18.01,
            "account_receivable_turnover_ratio": null,
            "reinvestment_rate": null,
            "research_to_sale_ratio": null,
            "price_fair": 123.2,
            "eps_avg_yearly": 3.52,
            "eps_latest_yearly": 1.92,
            "eps_growth_yearly": 174.76
        },
        "20064": {
            "year_quarter": 20064,
            "year": 2006,
            "quarter": 4,
            "eps": 0.7,
            "eps_growth_year": 59.09,
            "eps_4q": 2,
            "eps_4q_growth_year": -33.59,
            "roe": 5.11,
            "roe_4q": 14.829999999999998,
            "gross_profit": 69871,
            "gross_margin": 12.19,
            "gross_margin_4q_avg": 12.33,
            "net_income": 19619,
            "net_income_4q": null,
            "revenue": 573215,
            "revenue_4q": null,
            "common_shares": 280000,
            "book_valuer_per_share": 13.99,
            "book_valuer_per_share_4q_avg": 13.97,
            "equity": 391727,
            "current_ratio": 139.55,
            "debt_ratio": 62.94,
            "inventory_turnover_ratio": 3.04,
            "account_receivable_turnover_ratio": null,
            "reinvestment_rate": 7.71,
            "research_to_sale_ratio": null,
            "price_fair": 121.52,
            "eps_avg_yearly": 3.47,
            "eps_latest_yearly": 2.8,
            "eps_growth_yearly": 175.33
        },
        "20071": {
            "year_quarter": 20071,
            "year": 2007,
            "quarter": 1,
            "eps": 0.21,
            "eps_growth_year": -58.82,
            "eps_4q": 1.73,
            "eps_4q_growth_year": -38.52,
            "roe": 1.52,
            "roe_4q": 13.080000000000002,
            "gross_profit": 59458,
            "gross_margin": 12.32,
            "gross_margin_4q_avg": 12.32,
            "net_income": 6011,
            "net_income_4q": null,
            "revenue": 482639,
            "revenue_4q": null,
            "common_shares": 280000,
            "book_valuer_per_share": 14.28,
            "book_valuer_per_share_4q_avg": 13.62,
            "equity": 399926,
            "current_ratio": 133.25,
            "debt_ratio": 47.83,
            "inventory_turnover_ratio": 2.64,
            "account_receivable_turnover_ratio": null,
            "reinvestment_rate": -1.89,
            "research_to_sale_ratio": null,
            "price_fair": 115.76,
            "eps_avg_yearly": 3.31,
            "eps_latest_yearly": 0.84,
            "eps_growth_yearly": 146.87
        },
        "20072": {
            "year_quarter": 20072,
            "year": 2007,
            "quarter": 2,
            "eps": 0.82,
            "eps_growth_year": 95.24,
            "eps_4q": 2.22,
            "eps_4q_growth_year": -16.12,
            "roe": 5.95,
            "roe_4q": 16.240000000000002,
            "gross_profit": 68456,
            "gross_margin": 11.61,
            "gross_margin_4q_avg": 12.14,
            "net_income": 22892,
            "net_income_4q": null,
            "revenue": 589825,
            "revenue_4q": null,
            "common_shares": 280000,
            "book_valuer_per_share": 13.19,
            "book_valuer_per_share_4q_avg": 13.72,
            "equity": 369434,
            "current_ratio": 114.71,
            "debt_ratio": 60.98,
            "inventory_turnover_ratio": 17.49,
            "account_receivable_turnover_ratio": null,
            "reinvestment_rate": -1.61,
            "research_to_sale_ratio": null,
            "price_fair": 110.16,
            "eps_avg_yearly": 3.15,
            "eps_latest_yearly": 3.28,
            "eps_growth_yearly": 176.9
        },
        "20073": {
            "year_quarter": 20073,
            "year": 2007,
            "quarter": 3,
            "eps": 1.32,
            "eps_growth_year": 175,
            "eps_4q": 2.92,
            "eps_4q_growth_year": 71.87,
            "roe": 7.39,
            "roe_4q": 19.97,
            "gross_profit": 91832,
            "gross_margin": 11.58,
            "gross_margin_4q_avg": 11.93,
            "net_income": 39995,
            "net_income_4q": null,
            "revenue": 793133,
            "revenue_4q": null,
            "common_shares": 380000,
            "book_valuer_per_share": 18.78,
            "book_valuer_per_share_4q_avg": 15.06,
            "equity": 713656,
            "current_ratio": 195.55,
            "debt_ratio": 47.24,
            "inventory_turnover_ratio": 18.23,
            "account_receivable_turnover_ratio": null,
            "reinvestment_rate": -1.44,
            "research_to_sale_ratio": null,
            "price_fair": 119,
            "eps_avg_yearly": 3.4,
            "eps_latest_yearly": 5.28,
            "eps_growth_yearly": 211.83
        },
        "20074": {
            "year_quarter": 20074,
            "year": 2007,
            "quarter": 4,
            "eps": 1.14,
            "eps_growth_year": 62.86,
            "eps_4q": 3.27,
            "eps_4q_growth_year": 63.19,
            "roe": 4.93,
            "roe_4q": 19.79,
            "gross_profit": 89400,
            "gross_margin": 10.72,
            "gross_margin_4q_avg": 11.56,
            "net_income": 36880,
            "net_income_4q": null,
            "revenue": 834240,
            "revenue_4q": null,
            "common_shares": 389269,
            "book_valuer_per_share": 19.79,
            "book_valuer_per_share_4q_avg": 16.51,
            "equity": 781534,
            "current_ratio": 157.06,
            "debt_ratio": 55.96,
            "inventory_turnover_ratio": 3.31,
            "account_receivable_turnover_ratio": null,
            "reinvestment_rate": 45.6,
            "research_to_sale_ratio": null,
            "price_fair": 115.59,
            "eps_avg_yearly": 3.3,
            "eps_latest_yearly": 4.56,
            "eps_growth_yearly": 110.04
        },
        "20081": {
            "year_quarter": 20081,
            "year": 2008,
            "quarter": 1,
            "eps": -0.24,
            "eps_growth_year": -214.29,
            "eps_4q": 1.98,
            "eps_4q_growth_year": 14.72,
            "roe": -1.42,
            "roe_4q": 16.849999999999998,
            "gross_profit": 54453,
            "gross_margin": 9.51,
            "gross_margin_4q_avg": 10.86,
            "net_income": -10924,
            "net_income_4q": null,
            "revenue": 572481,
            "revenue_4q": null,
            "common_shares": 389522,
            "book_valuer_per_share": 19.18,
            "book_valuer_per_share_4q_avg": 17.74,
            "equity": 757133,
            "current_ratio": 174.64,
            "debt_ratio": 50.47,
            "inventory_turnover_ratio": 1.25,
            "account_receivable_turnover_ratio": null,
            "reinvestment_rate": 74,
            "research_to_sale_ratio": null,
            "price_fair": 112,
            "eps_avg_yearly": 3.2,
            "eps_latest_yearly": 4.56,
            "eps_growth_yearly": 122.95
        },
        "20082": {
            "year_quarter": 20082,
            "year": 2008,
            "quarter": 2,
            "eps": 0.41,
            "eps_growth_year": -50,
            "eps_4q": 2.18,
            "eps_4q_growth_year": -1.78,
            "roe": 2.15,
            "roe_4q": 13.05,
            "gross_profit": 78761,
            "gross_margin": 11.59,
            "gross_margin_4q_avg": 10.85,
            "net_income": 16153,
            "net_income_4q": null,
            "revenue": 679459,
            "revenue_4q": null,
            "common_shares": 389997,
            "book_valuer_per_share": 18.52,
            "book_valuer_per_share_4q_avg": 19.07,
            "equity": 743586,
            "current_ratio": 166.02,
            "debt_ratio": 51.66,
            "inventory_turnover_ratio": 1.47,
            "account_receivable_turnover_ratio": null,
            "reinvestment_rate": 87.23,
            "research_to_sale_ratio": null,
            "price_fair": 103.9,
            "eps_avg_yearly": 2.97,
            "eps_latest_yearly": 4.56,
            "eps_growth_yearly": 122.29
        },
        "20083": {
            "year_quarter": 20083,
            "year": 2008,
            "quarter": 3,
            "eps": 0.84,
            "eps_growth_year": -36.36,
            "eps_4q": 1.95,
            "eps_4q_growth_year": -33.23,
            "roe": 4.76,
            "roe_4q": 10.42,
            "gross_profit": 97417,
            "gross_margin": 14.12,
            "gross_margin_4q_avg": 11.49,
            "net_income": 36070,
            "net_income_4q": null,
            "revenue": 690044,
            "revenue_4q": null,
            "common_shares": 453947,
            "book_valuer_per_share": 16.61,
            "book_valuer_per_share_4q_avg": 18.53,
            "equity": 773292,
            "current_ratio": 163.71,
            "debt_ratio": 53.22,
            "inventory_turnover_ratio": 1.55,
            "account_receivable_turnover_ratio": null,
            "reinvestment_rate": 85.48,
            "research_to_sale_ratio": null,
            "price_fair": 98,
            "eps_avg_yearly": 2.8,
            "eps_latest_yearly": 3.36,
            "eps_growth_yearly": 155.44
        },
        "20084": {
            "year_quarter": 20084,
            "year": 2008,
            "quarter": 4,
            "eps": -0.76,
            "eps_growth_year": -166.67,
            "eps_4q": 1.05,
            "eps_4q_growth_year": -67.76,
            "roe": -5.02,
            "roe_4q": 0.4700000000000002,
            "gross_profit": 79366,
            "gross_margin": 12.57,
            "gross_margin_4q_avg": 11.95,
            "net_income": -37554,
            "net_income_4q": null,
            "revenue": 631144,
            "revenue_4q": null,
            "common_shares": 453947,
            "book_valuer_per_share": 15.59,
            "book_valuer_per_share_4q_avg": 17.48,
            "equity": 723261,
            "current_ratio": 154.13,
            "debt_ratio": 52.77,
            "inventory_turnover_ratio": 1.6,
            "account_receivable_turnover_ratio": null,
            "reinvestment_rate": 76.31,
            "research_to_sale_ratio": null,
            "price_fair": 102.52,
            "eps_avg_yearly": 2.93,
            "eps_latest_yearly": 3.36,
            "eps_growth_yearly": 192.15
        },
        "20091": {
            "year_quarter": 20091,
            "year": 2009,
            "quarter": 1,
            "eps": 0.28,
            "eps_growth_year": null,
            "eps_4q": 0.89,
            "eps_4q_growth_year": -55.25,
            "roe": 1.49,
            "roe_4q": 3.3800000000000003,
            "gross_profit": 69046,
            "gross_margin": 13.36,
            "gross_margin_4q_avg": 12.91,
            "net_income": 10962,
            "net_income_4q": null,
            "revenue": 516878,
            "revenue_4q": null,
            "common_shares": 449577,
            "book_valuer_per_share": 16.21,
            "book_valuer_per_share_4q_avg": 16.73,
            "equity": 745495,
            "current_ratio": 166.81,
            "debt_ratio": 52.09,
            "inventory_turnover_ratio": 1.36,
            "account_receivable_turnover_ratio": 3.72,
            "reinvestment_rate": 90.61,
            "research_to_sale_ratio": null,
            "price_fair": 102.32,
            "eps_avg_yearly": 2.92,
            "eps_latest_yearly": 3.36,
            "eps_growth_yearly": 152.21
        },
        "20092": {
            "year_quarter": 20092,
            "year": 2009,
            "quarter": 2,
            "eps": 0.25,
            "eps_growth_year": -39.02,
            "eps_4q": 1.48,
            "eps_4q_growth_year": -32.16,
            "roe": 0.63,
            "roe_4q": 1.8600000000000003,
            "gross_profit": 73469,
            "gross_margin": 12.24,
            "gross_margin_4q_avg": 13.07,
            "net_income": 4658,
            "net_income_4q": null,
            "revenue": 600191,
            "revenue_4q": null,
            "common_shares": 449577,
            "book_valuer_per_share": 15.98,
            "book_valuer_per_share_4q_avg": 16.1,
            "equity": 728515,
            "current_ratio": 169.57,
            "debt_ratio": 50.02,
            "inventory_turnover_ratio": 1.78,
            "account_receivable_turnover_ratio": 2.07,
            "reinvestment_rate": 94.71,
            "research_to_sale_ratio": null,
            "price_fair": 98.12,
            "eps_avg_yearly": 2.8,
            "eps_latest_yearly": 1,
            "eps_growth_yearly": 154.86
        },
        "20093": {
            "year_quarter": 20093,
            "year": 2009,
            "quarter": 3,
            "eps": 0.54,
            "eps_growth_year": -35.71,
            "eps_4q": 0.31,
            "eps_4q_growth_year": -83.93,
            "roe": 3.46,
            "roe_4q": 0.5600000000000005,
            "gross_profit": 100884,
            "gross_margin": 18.09,
            "gross_margin_4q_avg": 14.07,
            "net_income": 25676,
            "net_income_4q": null,
            "revenue": 557716,
            "revenue_4q": null,
            "common_shares": 474659,
            "book_valuer_per_share": 15.78,
            "book_valuer_per_share_4q_avg": 15.89,
            "equity": 756967,
            "current_ratio": 165.4,
            "debt_ratio": 53.15,
            "inventory_turnover_ratio": 1.53,
            "account_receivable_turnover_ratio": 1.71,
            "reinvestment_rate": 89.29,
            "research_to_sale_ratio": null,
            "price_fair": 89.48,
            "eps_avg_yearly": 2.56,
            "eps_latest_yearly": 2.16,
            "eps_growth_yearly": 156.91
        },
        "20094": {
            "year_quarter": 20094,
            "year": 2009,
            "quarter": 4,
            "eps": 0.39,
            "eps_growth_year": null,
            "eps_4q": 1.67,
            "eps_4q_growth_year": 58.39,
            "roe": 2.06,
            "roe_4q": 7.64,
            "gross_profit": 74678,
            "gross_margin": 13.47,
            "gross_margin_4q_avg": 14.29,
            "net_income": 15688,
            "net_income_4q": null,
            "revenue": 554556,
            "revenue_4q": null,
            "common_shares": 474709,
            "book_valuer_per_share": 16.13,
            "book_valuer_per_share_4q_avg": 16.03,
            "equity": 765691,
            "current_ratio": 185.52,
            "debt_ratio": 46.7,
            "inventory_turnover_ratio": 1.65,
            "account_receivable_turnover_ratio": 1.64,
            "reinvestment_rate": 12.51,
            "research_to_sale_ratio": null,
            "price_fair": 88.9,
            "eps_avg_yearly": 2.54,
            "eps_latest_yearly": 1.56,
            "eps_growth_yearly": 169.53
        },
        "20101": {
            "year_quarter": 20101,
            "year": 2010,
            "quarter": 1,
            "eps": 1.04,
            "eps_growth_year": 271.43,
            "eps_4q": 2.18,
            "eps_4q_growth_year": 145.93,
            "roe": 6.08,
            "roe_4q": 12.230000000000002,
            "gross_profit": 125819,
            "gross_margin": 13.61,
            "gross_margin_4q_avg": 14.35,
            "net_income": 49703,
            "net_income_4q": null,
            "revenue": 924460,
            "revenue_4q": null,
            "common_shares": 489631,
            "book_valuer_per_share": 18.12,
            "book_valuer_per_share_4q_avg": 16.5,
            "equity": 868862,
            "current_ratio": 202.92,
            "debt_ratio": 44.55,
            "inventory_turnover_ratio": 3.3,
            "account_receivable_turnover_ratio": 3.1,
            "reinvestment_rate": 220.42,
            "research_to_sale_ratio": 1.11,
            "price_fair": 95.08,
            "eps_avg_yearly": 2.72,
            "eps_latest_yearly": 4.16,
            "eps_growth_yearly": 219.78
        },
        "20102": {
            "year_quarter": 20102,
            "year": 2010,
            "quarter": 2,
            "eps": 1.58,
            "eps_growth_year": 531.42,
            "eps_4q": 3.38,
            "eps_4q_growth_year": 128.95,
            "roe": 9.26,
            "roe_4q": 20.86,
            "gross_profit": 183628,
            "gross_margin": 6.6,
            "gross_margin_4q_avg": 12.94,
            "net_income": 81793,
            "net_income_4q": null,
            "revenue": 2782199,
            "revenue_4q": null,
            "common_shares": 489781,
            "book_valuer_per_share": 18.7,
            "book_valuer_per_share_4q_avg": 17.18,
            "equity": 897419,
            "current_ratio": 145.59,
            "debt_ratio": 64.52,
            "inventory_turnover_ratio": 7.91,
            "account_receivable_turnover_ratio": 3.57,
            "reinvestment_rate": 193.22,
            "research_to_sale_ratio": 0.36,
            "price_fair": 108.62,
            "eps_avg_yearly": 3.1,
            "eps_latest_yearly": 6.32,
            "eps_growth_yearly": 242.97
        },
        "20103": {
            "year_quarter": 20103,
            "year": 2010,
            "quarter": 3,
            "eps": 1.31,
            "eps_growth_year": 143.01,
            "eps_4q": 3.56,
            "eps_4q_growth_year": 1034.82,
            "roe": 6.04,
            "roe_4q": 23.44,
            "gross_profit": 205693,
            "gross_margin": 6.74,
            "gross_margin_4q_avg": 10.11,
            "net_income": 87679,
            "net_income_4q": null,
            "revenue": 3050613,
            "revenue_4q": null,
            "common_shares": 678152,
            "book_valuer_per_share": 29.99,
            "book_valuer_per_share_4q_avg": 20.74,
            "equity": 2004055,
            "current_ratio": 254.9,
            "debt_ratio": 38.51,
            "inventory_turnover_ratio": 7.92,
            "account_receivable_turnover_ratio": 2.4,
            "reinvestment_rate": 165.25,
            "research_to_sale_ratio": 0.48,
            "price_fair": 118.3,
            "eps_avg_yearly": 3.38,
            "eps_latest_yearly": 5.24,
            "eps_growth_yearly": 232.51
        },
        "20104": {
            "year_quarter": 20104,
            "year": 2010,
            "quarter": 4,
            "eps": 0.7,
            "eps_growth_year": 78.98,
            "eps_4q": 3.97,
            "eps_4q_growth_year": 137.99,
            "roe": 2.32,
            "roe_4q": 23.699999999999996,
            "gross_profit": 182090,
            "gross_margin": 4.26,
            "gross_margin_4q_avg": 7.8,
            "net_income": 46701,
            "net_income_4q": null,
            "revenue": 4275260,
            "revenue_4q": null,
            "common_shares": 679058,
            "book_valuer_per_share": 30.13,
            "book_valuer_per_share_4q_avg": 24.24,
            "equity": 2015803,
            "current_ratio": 273.61,
            "debt_ratio": 36.96,
            "inventory_turnover_ratio": 14.92,
            "account_receivable_turnover_ratio": 2.47,
            "reinvestment_rate": 3.71,
            "research_to_sale_ratio": 0.2,
            "price_fair": 118.3,
            "eps_avg_yearly": 3.38,
            "eps_latest_yearly": 2.8,
            "eps_growth_yearly": 201.71
        },
        "20111": {
            "year_quarter": 20111,
            "year": 2011,
            "quarter": 1,
            "eps": 1.03,
            "eps_growth_year": -0.96,
            "eps_4q": 4.28,
            "eps_4q_growth_year": 95.92,
            "roe": 3.41,
            "roe_4q": 21.03,
            "gross_profit": 140558,
            "gross_margin": 4.59,
            "gross_margin_4q_avg": 5.55,
            "net_income": 70035,
            "net_income_4q": null,
            "revenue": 3062327,
            "revenue_4q": null,
            "common_shares": 679058,
            "book_valuer_per_share": 31.19,
            "book_valuer_per_share_4q_avg": 27.5,
            "equity": 2086820,
            "current_ratio": 214.88,
            "debt_ratio": 46.67,
            "inventory_turnover_ratio": 11.4,
            "account_receivable_turnover_ratio": 1.44,
            "reinvestment_rate": 226.72,
            "research_to_sale_ratio": 0.32,
            "price_fair": 127.87,
            "eps_avg_yearly": 3.65,
            "eps_latest_yearly": 4.12,
            "eps_growth_yearly": 240.76
        },
        "20112": {
            "year_quarter": 20112,
            "year": 2011,
            "quarter": 2,
            "eps": 0.56,
            "eps_growth_year": -64.37,
            "eps_4q": 2.82,
            "eps_4q_growth_year": -16.65,
            "roe": 2.45,
            "roe_4q": 14.219999999999999,
            "gross_profit": 149320,
            "gross_margin": 4.25,
            "gross_margin_4q_avg": 4.96,
            "net_income": 50922,
            "net_income_4q": null,
            "revenue": 3511008,
            "revenue_4q": null,
            "common_shares": 692195,
            "book_valuer_per_share": 30.55,
            "book_valuer_per_share_4q_avg": 30.47,
            "equity": 2077815,
            "current_ratio": 178.27,
            "debt_ratio": 55.11,
            "inventory_turnover_ratio": 12.12,
            "account_receivable_turnover_ratio": 1.44,
            "reinvestment_rate": 217.26,
            "research_to_sale_ratio": 0.19,
            "price_fair": 124.83,
            "eps_avg_yearly": 3.57,
            "eps_latest_yearly": 2.24,
            "eps_growth_yearly": 128.72
        },
        "20113": {
            "year_quarter": 20113,
            "year": 2011,
            "quarter": 3,
            "eps": 1.18,
            "eps_growth_year": -10.24,
            "eps_4q": 3.03,
            "eps_4q_growth_year": -14.84,
            "roe": 4.94,
            "roe_4q": 13.120000000000001,
            "gross_profit": 145141,
            "gross_margin": 3.38,
            "gross_margin_4q_avg": 4.12,
            "net_income": 106641,
            "net_income_4q": null,
            "revenue": 4288291,
            "revenue_4q": null,
            "common_shares": 917329,
            "book_valuer_per_share": 24.7,
            "book_valuer_per_share_4q_avg": 29.14,
            "equity": 2236417,
            "current_ratio": 173.31,
            "debt_ratio": 56.66,
            "inventory_turnover_ratio": 14.23,
            "account_receivable_turnover_ratio": 1.42,
            "reinvestment_rate": 209.31,
            "research_to_sale_ratio": 0.23,
            "price_fair": 123.2,
            "eps_avg_yearly": 3.52,
            "eps_latest_yearly": 4.72,
            "eps_growth_yearly": 145.3
        },
        "20114": {
            "year_quarter": 20114,
            "year": 2011,
            "quarter": 4,
            "eps": 1.67,
            "eps_growth_year": 139.06,
            "eps_4q": 4.28,
            "eps_4q_growth_year": 7.8,
            "roe": 6.66,
            "roe_4q": 17.46,
            "gross_profit": 270699,
            "gross_margin": 6.06,
            "gross_margin_4q_avg": 4.57,
            "net_income": 145229,
            "net_income_4q": null,
            "revenue": 4469386,
            "revenue_4q": null,
            "common_shares": 905329,
            "book_valuer_per_share": 24.42,
            "book_valuer_per_share_4q_avg": 27.72,
            "equity": 2125773,
            "current_ratio": 132.78,
            "debt_ratio": 74.19,
            "inventory_turnover_ratio": 13.69,
            "account_receivable_turnover_ratio": 1.21,
            "reinvestment_rate": 149.59,
            "research_to_sale_ratio": 0.3,
            "price_fair": 129.38,
            "eps_avg_yearly": 3.7,
            "eps_latest_yearly": 6.68,
            "eps_growth_yearly": 163.69
        },
        "20121": {
            "year_quarter": 20121,
            "year": 2012,
            "quarter": 1,
            "eps": 1.06,
            "eps_growth_year": 2.91,
            "eps_4q": 4.54,
            "eps_4q_growth_year": 6.06,
            "roe": 4.26,
            "roe_4q": 18.31,
            "gross_profit": 233108,
            "gross_margin": 4.84,
            "gross_margin_4q_avg": 4.63,
            "net_income": 92068,
            "net_income_4q": null,
            "revenue": 4812070,
            "revenue_4q": null,
            "common_shares": 905329,
            "book_valuer_per_share": 25.23,
            "book_valuer_per_share_4q_avg": 26.23,
            "equity": 2195853,
            "current_ratio": 134.54,
            "debt_ratio": 73.42,
            "inventory_turnover_ratio": 12.41,
            "account_receivable_turnover_ratio": 1.26,
            "reinvestment_rate": 130.74,
            "research_to_sale_ratio": 0.09,
            "price_fair": 130.85,
            "eps_avg_yearly": 3.74,
            "eps_latest_yearly": 4.24,
            "eps_growth_yearly": 139.86
        },
        "20122": {
            "year_quarter": 20122,
            "year": 2012,
            "quarter": 2,
            "eps": -0.23,
            "eps_growth_year": -141.69,
            "eps_4q": 2.41,
            "eps_4q_growth_year": -14.4,
            "roe": -1.25,
            "roe_4q": 14.61,
            "gross_profit": 184639,
            "gross_margin": 4.47,
            "gross_margin_4q_avg": 4.69,
            "net_income": -30447,
            "net_income_4q": null,
            "revenue": 4131345,
            "revenue_4q": null,
            "common_shares": 1025329,
            "book_valuer_per_share": 27.11,
            "book_valuer_per_share_4q_avg": 25.37,
            "equity": 2684924,
            "current_ratio": 134.62,
            "debt_ratio": 71.85,
            "inventory_turnover_ratio": 8.63,
            "account_receivable_turnover_ratio": 0.98,
            "reinvestment_rate": 134.81,
            "research_to_sale_ratio": 0.1,
            "price_fair": 130.85,
            "eps_avg_yearly": 3.74,
            "eps_latest_yearly": 4.24,
            "eps_growth_yearly": 139.86
        },
        "20123": {
            "year_quarter": 20123,
            "year": 2012,
            "quarter": 3,
            "eps": 0.42,
            "eps_growth_year": -64.42,
            "eps_4q": 2.01,
            "eps_4q_growth_year": -33.59,
            "roe": 2.01,
            "roe_4q": 11.68,
            "gross_profit": 270294,
            "gross_margin": 5.47,
            "gross_margin_4q_avg": 5.21,
            "net_income": 54417,
            "net_income_4q": null,
            "revenue": 4944469,
            "revenue_4q": null,
            "common_shares": 1333444,
            "book_valuer_per_share": 20.99,
            "book_valuer_per_share_4q_avg": 24.44,
            "equity": 2725760,
            "current_ratio": 178.56,
            "debt_ratio": 53.59,
            "inventory_turnover_ratio": 8.8,
            "account_receivable_turnover_ratio": 1.28,
            "reinvestment_rate": 157.34,
            "research_to_sale_ratio": 0.16,
            "price_fair": 131.95,
            "eps_avg_yearly": 3.77,
            "eps_latest_yearly": 4.24,
            "eps_growth_yearly": 116.56
        },
        "20124": {
            "year_quarter": 20124,
            "year": 2012,
            "quarter": 4,
            "eps": 0.14,
            "eps_growth_year": -91.49,
            "eps_4q": 1.04,
            "eps_4q_growth_year": -75.82,
            "roe": 0.68,
            "roe_4q": 5.699999999999999,
            "gross_profit": 180901,
            "gross_margin": 4.01,
            "gross_margin_4q_avg": 4.7,
            "net_income": 18438,
            "net_income_4q": null,
            "revenue": 4511905,
            "revenue_4q": null,
            "common_shares": 1333444,
            "book_valuer_per_share": 20.79,
            "book_valuer_per_share_4q_avg": 23.53,
            "equity": 2700047,
            "current_ratio": 176.36,
            "debt_ratio": 54.5,
            "inventory_turnover_ratio": 7.34,
            "account_receivable_turnover_ratio": 1.35,
            "reinvestment_rate": 136.06,
            "research_to_sale_ratio": 0.17,
            "price_fair": 123.31,
            "eps_avg_yearly": 3.52,
            "eps_latest_yearly": 0.56,
            "eps_growth_yearly": 87.08
        },
        "20131": {
            "year_quarter": 20131,
            "year": 2013,
            "quarter": 1,
            "eps": 0.62,
            "eps_growth_year": -41.51,
            "eps_4q": 0.95,
            "eps_4q_growth_year": -79.13,
            "roe": 2.93,
            "roe_4q": 4.37,
            "gross_profit": 130678,
            "gross_margin": 2.97,
            "gross_margin_4q_avg": 4.23,
            "net_income": 80521,
            "net_income_4q": null,
            "revenue": 4394522,
            "revenue_4q": null,
            "common_shares": 1333444,
            "book_valuer_per_share": 21.48,
            "book_valuer_per_share_4q_avg": 22.59,
            "equity": 2789466,
            "current_ratio": 196.86,
            "debt_ratio": 49.15,
            "inventory_turnover_ratio": 8.89,
            "account_receivable_turnover_ratio": 1.2,
            "reinvestment_rate": 7.35,
            "research_to_sale_ratio": 0.1,
            "price_fair": 120.7,
            "eps_avg_yearly": 3.45,
            "eps_latest_yearly": 2.48,
            "eps_growth_yearly": 178.82
        },
        "20132": {
            "year_quarter": 20132,
            "year": 2013,
            "quarter": 2,
            "eps": 0.75,
            "eps_growth_year": null,
            "eps_4q": 1.93,
            "eps_4q_growth_year": -19.93,
            "roe": 3.47,
            "roe_4q": 9.09,
            "gross_profit": 112100,
            "gross_margin": 2.86,
            "gross_margin_4q_avg": 3.83,
            "net_income": 97647,
            "net_income_4q": null,
            "revenue": 3917294,
            "revenue_4q": null,
            "common_shares": 1333444,
            "book_valuer_per_share": 21.82,
            "book_valuer_per_share_4q_avg": 21.27,
            "equity": 2833199,
            "current_ratio": 215.95,
            "debt_ratio": 44.56,
            "inventory_turnover_ratio": 10.67,
            "account_receivable_turnover_ratio": 1.2,
            "reinvestment_rate": 10.85,
            "research_to_sale_ratio": 0.11,
            "price_fair": 125.7,
            "eps_avg_yearly": 3.59,
            "eps_latest_yearly": 3,
            "eps_growth_yearly": 187.87
        },
        "20133": {
            "year_quarter": 20133,
            "year": 2013,
            "quarter": 3,
            "eps": 0.27,
            "eps_growth_year": -35.58,
            "eps_4q": 1.78,
            "eps_4q_growth_year": -11.3,
            "roe": 1.24,
            "roe_4q": 8.32,
            "gross_profit": 130061,
            "gross_margin": 3.57,
            "gross_margin_4q_avg": 3.35,
            "net_income": 35142,
            "net_income_4q": null,
            "revenue": 3644423,
            "revenue_4q": null,
            "common_shares": 1333444,
            "book_valuer_per_share": 21.93,
            "book_valuer_per_share_4q_avg": 21.51,
            "equity": 2847391,
            "current_ratio": 242.93,
            "debt_ratio": 39.83,
            "inventory_turnover_ratio": 9.68,
            "account_receivable_turnover_ratio": 1.32,
            "reinvestment_rate": 10.53,
            "research_to_sale_ratio": 0.1,
            "price_fair": 123,
            "eps_avg_yearly": 3.51,
            "eps_latest_yearly": 1.08,
            "eps_growth_yearly": 136.44
        },
        "20134": {
            "year_quarter": 20134,
            "year": 2013,
            "quarter": 4,
            "eps": 0.43,
            "eps_growth_year": 204.14,
            "eps_4q": 2.07,
            "eps_4q_growth_year": 100.32,
            "roe": 1.95,
            "roe_4q": 9.59,
            "gross_profit": 121847,
            "gross_margin": 3.14,
            "gross_margin_4q_avg": 3.14,
            "net_income": 56078,
            "net_income_4q": null,
            "revenue": 3885413,
            "revenue_4q": null,
            "common_shares": 1333444,
            "book_valuer_per_share": 22.3,
            "book_valuer_per_share_4q_avg": 21.88,
            "equity": 2895589,
            "current_ratio": 232.47,
            "debt_ratio": 41.78,
            "inventory_turnover_ratio": 9.83,
            "account_receivable_turnover_ratio": 1.4,
            "reinvestment_rate": 12.11,
            "research_to_sale_ratio": 0.08,
            "price_fair": 123.4,
            "eps_avg_yearly": 3.53,
            "eps_latest_yearly": 1.72,
            "eps_growth_yearly": 161.31
        },
        "20141": {
            "year_quarter": 20141,
            "year": 2014,
            "quarter": 1,
            "eps": 0.46,
            "eps_growth_year": -25.81,
            "eps_4q": 1.91,
            "eps_4q_growth_year": 101.73,
            "roe": 1.98,
            "roe_4q": 8.64,
            "gross_profit": 113640,
            "gross_margin": 3.96,
            "gross_margin_4q_avg": 3.38,
            "net_income": 59118,
            "net_income_4q": null,
            "revenue": 2870145,
            "revenue_4q": null,
            "common_shares": 1333444,
            "book_valuer_per_share": 23.65,
            "book_valuer_per_share_4q_avg": 22.43,
            "equity": 3070765,
            "current_ratio": 240.05,
            "debt_ratio": 39.84,
            "inventory_turnover_ratio": 7.24,
            "account_receivable_turnover_ratio": 0.93,
            "reinvestment_rate": -20.77,
            "research_to_sale_ratio": 0.12,
            "price_fair": 117.6,
            "eps_avg_yearly": 3.36,
            "eps_latest_yearly": 1.84,
            "eps_growth_yearly": 115.68
        },
        "20142": {
            "year_quarter": 20142,
            "year": 2014,
            "quarter": 2,
            "eps": 0.21,
            "eps_growth_year": -72,
            "eps_4q": 1.37,
            "eps_4q_growth_year": -29.21,
            "roe": 0.9,
            "roe_4q": 6.07,
            "gross_profit": 128826,
            "gross_margin": 4.3,
            "gross_margin_4q_avg": 3.74,
            "net_income": 27357,
            "net_income_4q": null,
            "revenue": 2993505,
            "revenue_4q": null,
            "common_shares": 1333444,
            "book_valuer_per_share": 23.04,
            "book_valuer_per_share_4q_avg": 22.73,
            "equity": 2991249,
            "current_ratio": 238.16,
            "debt_ratio": 39.9,
            "inventory_turnover_ratio": 8.87,
            "account_receivable_turnover_ratio": 0.93,
            "reinvestment_rate": -26.34,
            "research_to_sale_ratio": 0.12,
            "price_fair": 103.9,
            "eps_avg_yearly": 2.97,
            "eps_latest_yearly": 0.84,
            "eps_growth_yearly": 85.32
        },
        "20143": {
            "year_quarter": 20143,
            "year": 2014,
            "quarter": 3,
            "eps": 0.41,
            "eps_growth_year": 51.85,
            "eps_4q": 1.51,
            "eps_4q_growth_year": -15.44,
            "roe": 1.77,
            "roe_4q": 6.6000000000000005,
            "gross_profit": 128711,
            "gross_margin": 4.15,
            "gross_margin_4q_avg": 3.89,
            "net_income": 53407,
            "net_income_4q": null,
            "revenue": 3098631,
            "revenue_4q": null,
            "common_shares": 1333444,
            "book_valuer_per_share": 23.46,
            "book_valuer_per_share_4q_avg": 23.11,
            "equity": 3046375,
            "current_ratio": 254.14,
            "debt_ratio": 37.65,
            "inventory_turnover_ratio": 10.22,
            "account_receivable_turnover_ratio": 1.01,
            "reinvestment_rate": -31.99,
            "research_to_sale_ratio": 0.14,
            "price_fair": 94.9,
            "eps_avg_yearly": 2.71,
            "eps_latest_yearly": 1.64,
            "eps_growth_yearly": 117.41
        },
        "20144": {
            "year_quarter": 20144,
            "year": 2014,
            "quarter": 4,
            "eps": 0.47,
            "eps_growth_year": 7.84,
            "eps_4q": 1.54,
            "eps_4q_growth_year": -25.63,
            "roe": 1.95,
            "roe_4q": 6.6,
            "gross_profit": 101686,
            "gross_margin": 2.9,
            "gross_margin_4q_avg": 3.83,
            "net_income": 60473,
            "net_income_4q": null,
            "revenue": 3502739,
            "revenue_4q": null,
            "common_shares": 1298444,
            "book_valuer_per_share": 24.32,
            "book_valuer_per_share_4q_avg": 23.62,
            "equity": 3158446,
            "current_ratio": 235.42,
            "debt_ratio": 40.62,
            "inventory_turnover_ratio": 13.52,
            "account_receivable_turnover_ratio": 1.01,
            "reinvestment_rate": 25.63,
            "research_to_sale_ratio": 0.22,
            "price_fair": 92.6,
            "eps_avg_yearly": 2.65,
            "eps_latest_yearly": 1.88,
            "eps_growth_yearly": 134.9
        },
        "20151": {
            "year_quarter": 20151,
            "year": 2015,
            "quarter": 1,
            "eps": 0.23,
            "eps_growth_year": -50,
            "eps_4q": 1.32,
            "eps_4q_growth_year": -31.11,
            "roe": 0.93,
            "roe_4q": 5.550000000000001,
            "gross_profit": 115708,
            "gross_margin": 3.14,
            "gross_margin_4q_avg": 3.62,
            "net_income": 29611,
            "net_income_4q": null,
            "revenue": 3683316,
            "revenue_4q": null,
            "common_shares": 1298444,
            "book_valuer_per_share": 24.81,
            "book_valuer_per_share_4q_avg": 23.91,
            "equity": 3220910,
            "current_ratio": 222.29,
            "debt_ratio": 42.45,
            "inventory_turnover_ratio": 15.54,
            "account_receivable_turnover_ratio": 0.94,
            "reinvestment_rate": -76.25,
            "research_to_sale_ratio": 0.11,
            "price_fair": 84.6,
            "eps_avg_yearly": 2.42,
            "eps_latest_yearly": 0.92,
            "eps_growth_yearly": 106.84
        },
        "20152": {
            "year_quarter": 20152,
            "year": 2015,
            "quarter": 2,
            "eps": 0.19,
            "eps_growth_year": -9.52,
            "eps_4q": 1.24,
            "eps_4q_growth_year": -9.68,
            "roe": 0.84,
            "roe_4q": 5.49,
            "gross_profit": 138873,
            "gross_margin": 3.41,
            "gross_margin_4q_avg": 3.4,
            "net_income": 26634,
            "net_income_4q": null,
            "revenue": 4072334,
            "revenue_4q": null,
            "common_shares": 1298444,
            "book_valuer_per_share": 24.25,
            "book_valuer_per_share_4q_avg": 24.21,
            "equity": 3149370,
            "current_ratio": 211.38,
            "debt_ratio": 45.08,
            "inventory_turnover_ratio": 17.49,
            "account_receivable_turnover_ratio": 1.07,
            "reinvestment_rate": -85.78,
            "research_to_sale_ratio": 0.17,
            "price_fair": 80.9,
            "eps_avg_yearly": 2.31,
            "eps_latest_yearly": 0.76,
            "eps_growth_yearly": 114.91
        },
        "20153": {
            "year_quarter": 20153,
            "year": 2015,
            "quarter": 3,
            "eps": 0.77,
            "eps_growth_year": 87.8,
            "eps_4q": 1.65,
            "eps_4q_growth_year": 9.28,
            "roe": 3.3,
            "roe_4q": 7.02,
            "gross_profit": 108314,
            "gross_margin": 2.84,
            "gross_margin_4q_avg": 3.07,
            "net_income": 105829,
            "net_income_4q": null,
            "revenue": 3814047,
            "revenue_4q": null,
            "common_shares": 1376351,
            "book_valuer_per_share": 24.22,
            "book_valuer_per_share_4q_avg": 24.4,
            "equity": 3268683,
            "current_ratio": 222.73,
            "debt_ratio": 42.88,
            "inventory_turnover_ratio": 18.87,
            "account_receivable_turnover_ratio": 0.97,
            "reinvestment_rate": -91.52,
            "research_to_sale_ratio": 0.23,
            "price_fair": 76.8,
            "eps_avg_yearly": 2.19,
            "eps_latest_yearly": 3.08,
            "eps_growth_yearly": 170.49
        },
        "20154": {
            "year_quarter": 20154,
            "year": 2015,
            "quarter": 4,
            "eps": 0.53,
            "eps_growth_year": 14.77,
            "eps_4q": 1.74,
            "eps_4q_growth_year": 12.66,
            "roe": 2.18,
            "roe_4q": 7.25,
            "gross_profit": 170896,
            "gross_margin": 4,
            "gross_margin_4q_avg": 3.35,
            "net_income": 71964,
            "net_income_4q": null,
            "revenue": 4271225,
            "revenue_4q": null,
            "common_shares": 1346351,
            "book_valuer_per_share": 24.87,
            "book_valuer_per_share_4q_avg": 24.54,
            "equity": 3347997,
            "current_ratio": 234,
            "debt_ratio": 40.31,
            "inventory_turnover_ratio": 22.64,
            "account_receivable_turnover_ratio": 1.07,
            "reinvestment_rate": -97.89,
            "research_to_sale_ratio": 0.36,
            "price_fair": 65.4,
            "eps_avg_yearly": 1.87,
            "eps_latest_yearly": 2.12,
            "eps_growth_yearly": 149.72
        },
        "20161": {
            "year_quarter": 20161,
            "year": 2016,
            "quarter": 1,
            "eps": 0.25,
            "eps_growth_year": 8.7,
            "eps_4q": 1.77,
            "eps_4q_growth_year": 34.73,
            "roe": 1,
            "roe_4q": 7.32,
            "gross_profit": 166076,
            "gross_margin": 4.35,
            "gross_margin_4q_avg": 3.65,
            "net_income": 34251,
            "net_income_4q": null,
            "revenue": 3819443,
            "revenue_4q": null,
            "common_shares": 1346351,
            "book_valuer_per_share": 25.93,
            "book_valuer_per_share_4q_avg": 24.82,
            "equity": 3491151,
            "current_ratio": 208.22,
            "debt_ratio": 44.14,
            "inventory_turnover_ratio": 21.67,
            "account_receivable_turnover_ratio": 0.92,
            "reinvestment_rate": -85.1,
            "research_to_sale_ratio": 0.2,
            "price_fair": 57.3,
            "eps_avg_yearly": 1.64,
            "eps_latest_yearly": 1,
            "eps_growth_yearly": 145.07
        },
        "20162": {
            "year_quarter": 20162,
            "year": 2016,
            "quarter": 2,
            "eps": 0.57,
            "eps_growth_year": 200,
            "eps_4q": 2.08,
            "eps_4q_growth_year": 68.54,
            "roe": 2.28,
            "roe_4q": 8.76,
            "gross_profit": 176402,
            "gross_margin": 4.53,
            "gross_margin_4q_avg": 3.93,
            "net_income": 79651,
            "net_income_4q": null,
            "revenue": 3891802,
            "revenue_4q": null,
            "common_shares": 1346351,
            "book_valuer_per_share": 25.92,
            "book_valuer_per_share_4q_avg": 25.24,
            "equity": 3490273,
            "current_ratio": 212.67,
            "debt_ratio": 43.42,
            "inventory_turnover_ratio": 16.55,
            "account_receivable_turnover_ratio": 0.89,
            "reinvestment_rate": -73.91,
            "research_to_sale_ratio": 0.14,
            "price_fair": 58.8,
            "eps_avg_yearly": 1.68,
            "eps_latest_yearly": 2.28,
            "eps_growth_yearly": 169.53
        },
        "20163": {
            "year_quarter": 20163,
            "year": 2016,
            "quarter": 3,
            "eps": 0.68,
            "eps_growth_year": -11.69,
            "eps_4q": 2.01,
            "eps_4q_growth_year": 21.6,
            "roe": 2.72,
            "roe_4q": 8.18,
            "gross_profit": 179650,
            "gross_margin": 4.35,
            "gross_margin_4q_avg": 4.31,
            "net_income": 94943,
            "net_income_4q": null,
            "revenue": 4129450,
            "revenue_4q": null,
            "common_shares": 1400205,
            "book_valuer_per_share": 24.99,
            "book_valuer_per_share_4q_avg": 25.43,
            "equity": 3499188,
            "current_ratio": 238.58,
            "debt_ratio": 39.72,
            "inventory_turnover_ratio": 18.31,
            "account_receivable_turnover_ratio": 0.94,
            "reinvestment_rate": -106.51,
            "research_to_sale_ratio": 0.15,
            "price_fair": 61.08,
            "eps_avg_yearly": 1.75,
            "eps_latest_yearly": 2.72,
            "eps_growth_yearly": 163.76
        },
        "20164": {
            "year_quarter": 20164,
            "year": 2016,
            "quarter": 4,
            "eps": 0.56,
            "eps_growth_year": 4.97,
            "eps_4q": 2.05,
            "eps_4q_growth_year": 18.08,
            "roe": 2.22,
            "roe_4q": 8.22,
            "gross_profit": 185921,
            "gross_margin": 5,
            "gross_margin_4q_avg": 4.56,
            "net_income": 78563,
            "net_income_4q": null,
            "revenue": 3716312,
            "revenue_4q": null,
            "common_shares": 1400205,
            "book_valuer_per_share": 25.56,
            "book_valuer_per_share_4q_avg": 25.6,
            "equity": 3579099,
            "current_ratio": 217.81,
            "debt_ratio": 43.91,
            "inventory_turnover_ratio": 21.82,
            "account_receivable_turnover_ratio": 0.76,
            "reinvestment_rate": -92.52,
            "research_to_sale_ratio": 0.07,
            "price_fair": 64.75,
            "eps_avg_yearly": 1.85,
            "eps_latest_yearly": 2.24,
            "eps_growth_yearly": 176.01
        },
        "20171": {
            "year_quarter": 20171,
            "year": 2017,
            "quarter": 1,
            "eps": -0.14,
            "eps_growth_year": -156,
            "eps_4q": 1.67,
            "eps_4q_growth_year": -6.06,
            "roe": -0.56,
            "roe_4q": 6.66,
            "gross_profit": 181297,
            "gross_margin": 6.74,
            "gross_margin_4q_avg": 5.16,
            "net_income": -19984,
            "net_income_4q": null,
            "revenue": 2689761,
            "revenue_4q": null,
            "common_shares": 1400205,
            "book_valuer_per_share": 25.59,
            "book_valuer_per_share_4q_avg": 25.52,
            "equity": 3583390,
            "current_ratio": 201.4,
            "debt_ratio": 46.6,
            "inventory_turnover_ratio": 14.31,
            "account_receivable_turnover_ratio": 0.51,
            "reinvestment_rate": 30.38,
            "research_to_sale_ratio": 0.16,
            "price_fair": 63.28,
            "eps_avg_yearly": 1.81,
            "eps_latest_yearly": 2.24,
            "eps_growth_yearly": 96.32
        },
        "20172": {
            "year_quarter": 20172,
            "year": 2017,
            "quarter": 2,
            "eps": 0.46,
            "eps_growth_year": -19.3,
            "eps_4q": 1.5,
            "eps_4q_growth_year": -28.22,
            "roe": 1.84,
            "roe_4q": 6.220000000000001,
            "gross_profit": 166387,
            "gross_margin": 11.97,
            "gross_margin_4q_avg": 7.02,
            "net_income": 64235,
            "net_income_4q": null,
            "revenue": 1389965,
            "revenue_4q": null,
            "common_shares": 1400205,
            "book_valuer_per_share": 24.32,
            "book_valuer_per_share_4q_avg": 25.12,
            "equity": 3405133,
            "current_ratio": 214.45,
            "debt_ratio": 44.77,
            "inventory_turnover_ratio": 7.54,
            "account_receivable_turnover_ratio": 0.27,
            "reinvestment_rate": 10.88,
            "research_to_sale_ratio": 0.27,
            "price_fair": 60.3,
            "eps_avg_yearly": 1.72,
            "eps_latest_yearly": 2.24,
            "eps_growth_yearly": 97.21
        },
        "20173": {
            "year_quarter": 20173,
            "year": 2017,
            "quarter": 3,
            "eps": -7.16,
            "eps_growth_year": -1152.94,
            "eps_4q": -6.32,
            "eps_4q_growth_year": -415.13,
            "roe": -36.99,
            "roe_4q": -33.49,
            "gross_profit": 148369,
            "gross_margin": 20.96,
            "gross_margin_4q_avg": 11.17,
            "net_income": -1043128,
            "net_income_4q": null,
            "revenue": 707818,
            "revenue_4q": null,
            "common_shares": 1456214,
            "book_valuer_per_share": 15.35,
            "book_valuer_per_share_4q_avg": 22.71,
            "equity": 2235125,
            "current_ratio": 158.89,
            "debt_ratio": 61.97,
            "inventory_turnover_ratio": 3.46,
            "account_receivable_turnover_ratio": 0.14,
            "reinvestment_rate": null,
            "research_to_sale_ratio": 0.33,
            "price_fair": 62.03,
            "eps_avg_yearly": 1.77,
            "eps_latest_yearly": 2.24,
            "eps_growth_yearly": 124.38
        },
        "20174": {
            "year_quarter": 20174,
            "year": 2017,
            "quarter": 4,
            "eps": -13.93,
            "eps_growth_year": -2582.36,
            "eps_4q": -20.79,
            "eps_4q_growth_year": -1112.73,
            "roe": -166.9,
            "roe_4q": -202.61,
            "gross_profit": 119003,
            "gross_margin": 29.04,
            "gross_margin_4q_avg": 17.18,
            "net_income": -2028223,
            "net_income_4q": null,
            "revenue": 409832,
            "revenue_4q": null,
            "common_shares": 1456213,
            "book_valuer_per_share": 1.34,
            "book_valuer_per_share_4q_avg": 16.65,
            "equity": 195395,
            "current_ratio": 106.49,
            "debt_ratio": 94.16,
            "inventory_turnover_ratio": 1.57,
            "account_receivable_turnover_ratio": 0.11,
            "reinvestment_rate": null,
            "research_to_sale_ratio": 0.75,
            "price_fair": 62.18,
            "eps_avg_yearly": 1.78,
            "eps_latest_yearly": 2.24,
            "eps_growth_yearly": 114.99
        },
        "20181": {
            "year_quarter": 20181,
            "year": 2018,
            "quarter": 1,
            "eps": 0.11,
            "eps_growth_year": null,
            "eps_4q": -20.54,
            "eps_4q_growth_year": -1333.71,
            "roe": 7.74,
            "roe_4q": -194.31,
            "gross_profit": 88367,
            "gross_margin": 23.54,
            "gross_margin_4q_avg": 21.38,
            "net_income": 15380,
            "net_income_4q": null,
            "revenue": 375409,
            "revenue_4q": null,
            "common_shares": 1456213,
            "book_valuer_per_share": 1.39,
            "book_valuer_per_share_4q_avg": 10.6,
            "equity": 202265,
            "current_ratio": 107.9,
            "debt_ratio": 93.78,
            "inventory_turnover_ratio": 1.35,
            "account_receivable_turnover_ratio": 0.15,
            "reinvestment_rate": null,
            "research_to_sale_ratio": 0.79,
            "price_fair": 61.98,
            "eps_avg_yearly": 1.77,
            "eps_latest_yearly": 2.24,
            "eps_growth_yearly": 122.9
        },
        "20182": {
            "year_quarter": 20182,
            "year": 2018,
            "quarter": 2,
            "eps": 0.19,
            "eps_growth_year": -58.7,
            "eps_4q": -20.79,
            "eps_4q_growth_year": -1490.26,
            "roe": 12.44,
            "roe_4q": -183.71,
            "gross_profit": 135630,
            "gross_margin": 25.03,
            "gross_margin_4q_avg": 24.64,
            "net_income": 28584,
            "net_income_4q": null,
            "revenue": 541943,
            "revenue_4q": null,
            "common_shares": 1456213,
            "book_valuer_per_share": 1.77,
            "book_valuer_per_share_4q_avg": 4.96,
            "equity": 257130,
            "current_ratio": 110.78,
            "debt_ratio": 92.6,
            "inventory_turnover_ratio": 1.81,
            "account_receivable_turnover_ratio": 0.2,
            "reinvestment_rate": null,
            "research_to_sale_ratio": 0.65,
            "price_fair": 61.73,
            "eps_avg_yearly": 1.76,
            "eps_latest_yearly": 0.76,
            "eps_growth_yearly": 169.11
        },
        "20183": {
            "year_quarter": 20183,
            "year": 2018,
            "quarter": 3,
            "eps": 0.46,
            "eps_growth_year": null,
            "eps_4q": -13.16,
            "eps_4q_growth_year": null,
            "roe": 23.72,
            "roe_4q": -123,
            "gross_profit": 157107,
            "gross_margin": 28.28,
            "gross_margin_4q_avg": 26.47,
            "net_income": 67197,
            "net_income_4q": null,
            "revenue": 555586,
            "revenue_4q": null,
            "common_shares": 1456213,
            "book_valuer_per_share": 2.12,
            "book_valuer_per_share_4q_avg": 1.66,
            "equity": 309427,
            "current_ratio": 112.86,
            "debt_ratio": 91.27,
            "inventory_turnover_ratio": 1.71,
            "account_receivable_turnover_ratio": 0.2,
            "reinvestment_rate": null,
            "research_to_sale_ratio": 0.91,
            "price_fair": 62.36,
            "eps_avg_yearly": 1.78,
            "eps_latest_yearly": 1.84,
            "eps_growth_yearly": 186.16
        },
        "20184": {
            "year_quarter": 20184,
            "year": 2018,
            "quarter": 4,
            "eps": 0.32,
            "eps_growth_year": null,
            "eps_4q": 1.08,
            "eps_4q_growth_year": null,
            "roe": 13.87,
            "roe_4q": 57.769999999999996,
            "gross_profit": 129509,
            "gross_margin": 27.56,
            "gross_margin_4q_avg": 26.1,
            "net_income": 46728,
            "net_income_4q": null,
            "revenue": 469890,
            "revenue_4q": null,
            "common_shares": 1456213,
            "book_valuer_per_share": 2.5,
            "book_valuer_per_share_4q_avg": 1.95,
            "equity": 364337,
            "current_ratio": 115.84,
            "debt_ratio": 89.48,
            "inventory_turnover_ratio": 1.41,
            "account_receivable_turnover_ratio": 0.17,
            "reinvestment_rate": null,
            "research_to_sale_ratio": 0.67,
            "price_fair": 60.45,
            "eps_avg_yearly": 1.73,
            "eps_latest_yearly": 1.28,
            "eps_growth_yearly": 169.77
        },
        "20191": {
            "year_quarter": 20191,
            "year": 2019,
            "quarter": 1,
            "eps": 0.2,
            "eps_growth_year": 81.82,
            "eps_4q": 1.18,
            "eps_4q_growth_year": null,
            "roe": 7.71,
            "roe_4q": 57.739999999999995,
            "gross_profit": 103371,
            "gross_margin": 24.37,
            "gross_margin_4q_avg": 26.31,
            "net_income": 29840,
            "net_income_4q": null,
            "revenue": 424252,
            "revenue_4q": null,
            "common_shares": 1456213,
            "book_valuer_per_share": 2.81,
            "book_valuer_per_share_4q_avg": 2.3,
            "equity": 409483,
            "current_ratio": 117.08,
            "debt_ratio": 88.32,
            "inventory_turnover_ratio": 1.3,
            "account_receivable_turnover_ratio": 0.16,
            "reinvestment_rate": null,
            "research_to_sale_ratio": 0.91,
            "price_fair": 60.07,
            "eps_avg_yearly": 1.72,
            "eps_latest_yearly": 0.8,
            "eps_growth_yearly": 174.7
        },
        "20192": {
            "year_quarter": 20192,
            "year": 2019,
            "quarter": 2,
            "eps": 0.28,
            "eps_growth_year": 47.37,
            "eps_4q": 1.27,
            "eps_4q_growth_year": null,
            "roe": 9.41,
            "roe_4q": 54.71,
            "gross_profit": 105449,
            "gross_margin": 24.9,
            "gross_margin_4q_avg": 26.28,
            "net_income": 40510,
            "net_income_4q": null,
            "revenue": 423567,
            "revenue_4q": null,
            "common_shares": 1456213,
            "book_valuer_per_share": 3.1,
            "book_valuer_per_share_4q_avg": 2.63,
            "equity": 451211,
            "current_ratio": 119.11,
            "debt_ratio": 87.25,
            "inventory_turnover_ratio": 1.36,
            "account_receivable_turnover_ratio": 0.16,
            "reinvestment_rate": null,
            "research_to_sale_ratio": 1.04,
            "price_fair": 61.22,
            "eps_avg_yearly": 1.75,
            "eps_latest_yearly": 1.12,
            "eps_growth_yearly": 195.57
        },
        "20193": {
            "year_quarter": 20193,
            "year": 2019,
            "quarter": 3,
            "eps": 0.48,
            "eps_growth_year": 4.35,
            "eps_4q": 1.28,
            "eps_4q_growth_year": null,
            "roe": 14.72,
            "roe_4q": 45.71,
            "gross_profit": 114108,
            "gross_margin": 27.8,
            "gross_margin_4q_avg": 26.16,
            "net_income": 69390,
            "net_income_4q": null,
            "revenue": 410408,
            "revenue_4q": null,
            "common_shares": 1456213,
            "book_valuer_per_share": 3.37,
            "book_valuer_per_share_4q_avg": 2.95,
            "equity": 491353,
            "current_ratio": 34.91,
            "debt_ratio": 86.11,
            "inventory_turnover_ratio": 1.38,
            "account_receivable_turnover_ratio": 0.27,
            "reinvestment_rate": null,
            "research_to_sale_ratio": 0.88,
            "price_fair": 57.53,
            "eps_avg_yearly": 1.64,
            "eps_latest_yearly": 1.92,
            "eps_growth_yearly": 110.54
        },
        "20194": {
            "year_quarter": 20194,
            "year": 2019,
            "quarter": 4,
            "eps": -15.58,
            "eps_growth_year": -4954.47,
            "eps_4q": -14.62,
            "eps_4q_growth_year": -1448.2,
            "roe": 345.87,
            "roe_4q": 377.71000000000004,
            "gross_profit": 94456,
            "gross_margin": 24.67,
            "gross_margin_4q_avg": 25.44,
            "net_income": -2268396,
            "net_income_4q": null,
            "revenue": 382805,
            "revenue_4q": null,
            "common_shares": 1456213,
            "book_valuer_per_share": -12.38,
            "book_valuer_per_share_4q_avg": -0.78,
            "equity": -1803067,
            "current_ratio": 34.65,
            "debt_ratio": 262.52,
            "inventory_turnover_ratio": 1.44,
            "account_receivable_turnover_ratio": 1.25,
            "reinvestment_rate": null,
            "research_to_sale_ratio": 0.79,
            "price_fair": 55.86,
            "eps_avg_yearly": 1.6,
            "eps_latest_yearly": 1.92,
            "eps_growth_yearly": 134.06
        }
    },
    "months": {
        "2003-10": {
            "month": "2003-10",
            "price": "27.26",
            "revenue": 139444
        },
        "2003-11": {
            "month": "2003-11",
            "price": "26.30",
            "revenue": 133456
        },
        "2003-12": {
            "month": "2003-12",
            "price": "29.57",
            "revenue": 112199
        },
        "2004-01": {
            "month": "2004-01",
            "price": "39.40",
            "revenue": 106357
        },
        "2004-02": {
            "month": "2004-02",
            "price": "39.35",
            "revenue": 103460
        },
        "2004-03": {
            "month": "2004-03",
            "price": "38.42",
            "revenue": 124538
        },
        "2004-04": {
            "month": "2004-04",
            "price": "38.83",
            "revenue": 129147
        },
        "2004-05": {
            "month": "2004-05",
            "price": "44.88",
            "revenue": 125363
        },
        "2004-06": {
            "month": "2004-06",
            "price": "40.95",
            "revenue": 118376
        },
        "2004-07": {
            "month": "2004-07",
            "price": "40.33",
            "revenue": 126857
        },
        "2004-08": {
            "month": "2004-08",
            "price": "36.16",
            "revenue": 111655
        },
        "2004-09": {
            "month": "2004-09",
            "price": "33.04",
            "revenue": 123608
        },
        "2004-10": {
            "month": "2004-10",
            "price": "33.01",
            "revenue": 115080
        },
        "2004-11": {
            "month": "2004-11",
            "price": "33.12",
            "revenue": 129265
        },
        "2004-12": {
            "month": "2004-12",
            "price": "35.18",
            "revenue": 124663
        },
        "2005-01": {
            "month": "2005-01",
            "price": "29.66",
            "revenue": 123830
        },
        "2005-02": {
            "month": "2005-02",
            "price": "36.15",
            "revenue": 80052
        },
        "2005-03": {
            "month": "2005-03",
            "price": "38.37",
            "revenue": 100289
        },
        "2005-04": {
            "month": "2005-04",
            "price": "34.06",
            "revenue": 109844
        },
        "2005-05": {
            "month": "2005-05",
            "price": "29.58",
            "revenue": 113243
        },
        "2005-06": {
            "month": "2005-06",
            "price": "32.27",
            "revenue": 121319
        },
        "2005-07": {
            "month": "2005-07",
            "price": "33.54",
            "revenue": 115405
        },
        "2005-08": {
            "month": "2005-08",
            "price": "28.91",
            "revenue": 153706
        },
        "2005-09": {
            "month": "2005-09",
            "price": "28.88",
            "revenue": 174024
        },
        "2005-10": {
            "month": "2005-10",
            "price": "29.15",
            "revenue": 164684
        },
        "2005-11": {
            "month": "2005-11",
            "price": "28.50",
            "revenue": 158900
        },
        "2005-12": {
            "month": "2005-12",
            "price": "30.50",
            "revenue": 149158
        },
        "2006-01": {
            "month": "2006-01",
            "price": "30.55",
            "revenue": 126346
        },
        "2006-02": {
            "month": "2006-02",
            "price": "29.29",
            "revenue": 97707
        },
        "2006-03": {
            "month": "2006-03",
            "price": "28.25",
            "revenue": 164127
        },
        "2006-04": {
            "month": "2006-04",
            "price": "29.06",
            "revenue": 162490
        },
        "2006-05": {
            "month": "2006-05",
            "price": "29.84",
            "revenue": 141905
        },
        "2006-06": {
            "month": "2006-06",
            "price": "26.05",
            "revenue": 156846
        },
        "2006-07": {
            "month": "2006-07",
            "price": "25.04",
            "revenue": 143612
        },
        "2006-08": {
            "month": "2006-08",
            "price": "22.90",
            "revenue": 179268
        },
        "2006-09": {
            "month": "2006-09",
            "price": "20.58",
            "revenue": 185490
        },
        "2006-10": {
            "month": "2006-10",
            "price": "21.59",
            "revenue": 174113
        },
        "2006-11": {
            "month": "2006-11",
            "price": "21.68",
            "revenue": 199500
        },
        "2006-12": {
            "month": "2006-12",
            "price": "24.23",
            "revenue": 199602
        },
        "2007-01": {
            "month": "2007-01",
            "price": "27.92",
            "revenue": 185566
        },
        "2007-02": {
            "month": "2007-02",
            "price": "27.03",
            "revenue": 139938
        },
        "2007-03": {
            "month": "2007-03",
            "price": "26.65",
            "revenue": 157135
        },
        "2007-04": {
            "month": "2007-04",
            "price": "27.17",
            "revenue": 180387
        },
        "2007-05": {
            "month": "2007-05",
            "price": "24.58",
            "revenue": 200878
        },
        "2007-06": {
            "month": "2007-06",
            "price": "26.68",
            "revenue": 208560
        },
        "2007-07": {
            "month": "2007-07",
            "price": "30.13",
            "revenue": 250027
        },
        "2007-08": {
            "month": "2007-08",
            "price": "37.61",
            "revenue": 262337
        },
        "2007-09": {
            "month": "2007-09",
            "price": "38.96",
            "revenue": 280768
        },
        "2007-10": {
            "month": "2007-10",
            "price": "43.06",
            "revenue": 260882
        },
        "2007-11": {
            "month": "2007-11",
            "price": "40.08",
            "revenue": 306111
        },
        "2007-12": {
            "month": "2007-12",
            "price": "40.09",
            "revenue": 267248
        },
        "2008-01": {
            "month": "2008-01",
            "price": "38.45",
            "revenue": 250342
        },
        "2008-02": {
            "month": "2008-02",
            "price": "35.24",
            "revenue": 110712
        },
        "2008-03": {
            "month": "2008-03",
            "price": "34.83",
            "revenue": 208196
        },
        "2008-04": {
            "month": "2008-04",
            "price": "35.71",
            "revenue": 240898
        },
        "2008-05": {
            "month": "2008-05",
            "price": "40.71",
            "revenue": 226589
        },
        "2008-06": {
            "month": "2008-06",
            "price": "35.14",
            "revenue": 213769
        },
        "2008-07": {
            "month": "2008-07",
            "price": "25.40",
            "revenue": 269842
        },
        "2008-08": {
            "month": "2008-08",
            "price": "23.79",
            "revenue": 214434
        },
        "2008-09": {
            "month": "2008-09",
            "price": "20.97",
            "revenue": 207674
        },
        "2008-10": {
            "month": "2008-10",
            "price": "18.52",
            "revenue": 229680
        },
        "2008-11": {
            "month": "2008-11",
            "price": "12.63",
            "revenue": 201189
        },
        "2008-12": {
            "month": "2008-12",
            "price": "11.96",
            "revenue": 192725
        },
        "2009-01": {
            "month": "2009-01",
            "price": "11.75",
            "revenue": 160793
        },
        "2009-02": {
            "month": "2009-02",
            "price": "11.35",
            "revenue": 166647
        },
        "2009-03": {
            "month": "2009-03",
            "price": "14.16",
            "revenue": 181934
        },
        "2009-04": {
            "month": "2009-04",
            "price": "15.58",
            "revenue": 215316
        },
        "2009-05": {
            "month": "2009-05",
            "price": "16.07",
            "revenue": 195670
        },
        "2009-06": {
            "month": "2009-06",
            "price": "16.57",
            "revenue": 180940
        },
        "2009-07": {
            "month": "2009-07",
            "price": "20.48",
            "revenue": 175686
        },
        "2009-08": {
            "month": "2009-08",
            "price": "22.43",
            "revenue": 166367
        },
        "2009-09": {
            "month": "2009-09",
            "price": "22.56",
            "revenue": 192499
        },
        "2009-10": {
            "month": "2009-10",
            "price": "22.35",
            "revenue": 189230
        },
        "2009-11": {
            "month": "2009-11",
            "price": "21.70",
            "revenue": 179669
        },
        "2009-12": {
            "month": "2009-12",
            "price": "24.77",
            "revenue": 180808
        },
        "2010-01": {
            "month": "2010-01",
            "price": "37.65",
            "revenue": 234341
        },
        "2010-02": {
            "month": "2010-02",
            "price": "43.21",
            "revenue": 224189
        },
        "2010-03": {
            "month": "2010-03",
            "price": "53.49",
            "revenue": 465236
        },
        "2010-04": {
            "month": "2010-04",
            "price": "58.91",
            "revenue": 834335
        },
        "2010-05": {
            "month": "2010-05",
            "price": "65.85",
            "revenue": 864059
        },
        "2010-06": {
            "month": "2010-06",
            "price": "69.21",
            "revenue": 1083805
        },
        "2010-07": {
            "month": "2010-07",
            "price": "74.21",
            "revenue": 998961
        },
        "2010-08": {
            "month": "2010-08",
            "price": "78.80",
            "revenue": 789361
        },
        "2010-09": {
            "month": "2010-09",
            "price": "91.91",
            "revenue": 1262291
        },
        "2010-10": {
            "month": "2010-10",
            "price": "117.86",
            "revenue": 1348957
        },
        "2010-11": {
            "month": "2010-11",
            "price": "138.36",
            "revenue": 1430101
        },
        "2010-12": {
            "month": "2010-12",
            "price": "181.17",
            "revenue": 1496202
        },
        "2011-01": {
            "month": "2011-01",
            "price": "194.75",
            "revenue": 1055093
        },
        "2011-02": {
            "month": "2011-02",
            "price": "235.82",
            "revenue": 741034
        },
        "2011-03": {
            "month": "2011-03",
            "price": "230.70",
            "revenue": 1266199
        },
        "2011-04": {
            "month": "2011-04",
            "price": "161.87",
            "revenue": 1002007
        },
        "2011-05": {
            "month": "2011-05",
            "price": "127.88",
            "revenue": 1287227
        },
        "2011-06": {
            "month": "2011-06",
            "price": "141.79",
            "revenue": 1221774
        },
        "2011-07": {
            "month": "2011-07",
            "price": "118.12",
            "revenue": 1238064
        },
        "2011-08": {
            "month": "2011-08",
            "price": "86.93",
            "revenue": 1316356
        },
        "2011-09": {
            "month": "2011-09",
            "price": "77.66",
            "revenue": 1733870
        },
        "2011-10": {
            "month": "2011-10",
            "price": "79.34",
            "revenue": 1197622
        },
        "2011-11": {
            "month": "2011-11",
            "price": "69.74",
            "revenue": 1753040
        },
        "2011-12": {
            "month": "2011-12",
            "price": "67.83",
            "revenue": 1518723
        },
        "2012-01": {
            "month": "2012-01",
            "price": "63.73",
            "revenue": 1366660
        },
        "2012-02": {
            "month": "2012-02",
            "price": "79.48",
            "revenue": 1493569
        },
        "2012-03": {
            "month": "2012-03",
            "price": "79.49",
            "revenue": 1951841
        },
        "2012-04": {
            "month": "2012-04",
            "price": "76.78",
            "revenue": 1251770
        },
        "2012-05": {
            "month": "2012-05",
            "price": "65.17",
            "revenue": 1551732
        },
        "2012-06": {
            "month": "2012-06",
            "price": "52.88",
            "revenue": 1327843
        },
        "2012-07": {
            "month": "2012-07",
            "price": "53.76",
            "revenue": 1927552
        },
        "2012-08": {
            "month": "2012-08",
            "price": "51.67",
            "revenue": 870398
        },
        "2012-09": {
            "month": "2012-09",
            "price": "36.49",
            "revenue": 1940257
        },
        "2012-10": {
            "month": "2012-10",
            "price": "31.35",
            "revenue": 1523330
        },
        "2012-11": {
            "month": "2012-11",
            "price": "23.17",
            "revenue": 1343782
        },
        "2012-12": {
            "month": "2012-12",
            "price": "30.05",
            "revenue": 1644793
        },
        "2013-01": {
            "month": "2013-01",
            "price": "33.28",
            "revenue": 1529744
        },
        "2013-02": {
            "month": "2013-02",
            "price": "32.25",
            "revenue": 1143730
        },
        "2013-03": {
            "month": "2013-03",
            "price": "32.67",
            "revenue": 1721047
        },
        "2013-04": {
            "month": "2013-04",
            "price": "28.17",
            "revenue": 1160169
        },
        "2013-05": {
            "month": "2013-05",
            "price": "27.79",
            "revenue": 1519738
        },
        "2013-06": {
            "month": "2013-06",
            "price": "25.65",
            "revenue": 1237386
        },
        "2013-07": {
            "month": "2013-07",
            "price": "24.84",
            "revenue": 1225661
        },
        "2013-08": {
            "month": "2013-08",
            "price": "24.81",
            "revenue": 1182837
        },
        "2013-09": {
            "month": "2013-09",
            "price": "25.49",
            "revenue": 1235925
        },
        "2013-10": {
            "month": "2013-10",
            "price": "25.58",
            "revenue": 1300876
        },
        "2013-11": {
            "month": "2013-11",
            "price": "23.62",
            "revenue": 1330193
        },
        "2013-12": {
            "month": "2013-12",
            "price": "24.68",
            "revenue": 1254344
        },
        "2014-01": {
            "month": "2014-01",
            "price": "27.16",
            "revenue": 997963
        },
        "2014-02": {
            "month": "2014-02",
            "price": "26.46",
            "revenue": 896114
        },
        "2014-03": {
            "month": "2014-03",
            "price": "26.74",
            "revenue": 976068
        },
        "2014-04": {
            "month": "2014-04",
            "price": "26.18",
            "revenue": 1016016
        },
        "2014-05": {
            "month": "2014-05",
            "price": "25.05",
            "revenue": 1006933
        },
        "2014-06": {
            "month": "2014-06",
            "price": "26.02",
            "revenue": 970556
        },
        "2014-07": {
            "month": "2014-07",
            "price": "25.25",
            "revenue": 983750
        },
        "2014-08": {
            "month": "2014-08",
            "price": "22.67",
            "revenue": 956457
        },
        "2014-09": {
            "month": "2014-09",
            "price": "22.21",
            "revenue": 1158424
        },
        "2014-10": {
            "month": "2014-10",
            "price": "19.40",
            "revenue": 1043027
        },
        "2014-11": {
            "month": "2014-11",
            "price": "18.62",
            "revenue": 1207793
        },
        "2014-12": {
            "month": "2014-12",
            "price": "19.30",
            "revenue": 1251919
        },
        "2015-01": {
            "month": "2015-01",
            "price": "19.88",
            "revenue": 1230663
        },
        "2015-02": {
            "month": "2015-02",
            "price": "19.81",
            "revenue": 1127965
        },
        "2015-03": {
            "month": "2015-03",
            "price": "24.04",
            "revenue": 1324688
        },
        "2015-04": {
            "month": "2015-04",
            "price": "23.86",
            "revenue": 1427069
        },
        "2015-05": {
            "month": "2015-05",
            "price": "22.20",
            "revenue": 1376020
        },
        "2015-06": {
            "month": "2015-06",
            "price": "18.77",
            "revenue": 1269245
        },
        "2015-07": {
            "month": "2015-07",
            "price": "17.88",
            "revenue": 1234197
        },
        "2015-08": {
            "month": "2015-08",
            "price": "14.69",
            "revenue": 1268613
        },
        "2015-09": {
            "month": "2015-09",
            "price": "15.62",
            "revenue": 1311237
        },
        "2015-10": {
            "month": "2015-10",
            "price": "16.33",
            "revenue": 1368774
        },
        "2015-11": {
            "month": "2015-11",
            "price": "16.30",
            "revenue": 1588370
        },
        "2015-12": {
            "month": "2015-12",
            "price": "17.74",
            "revenue": 1314081
        },
        "2016-01": {
            "month": "2016-01",
            "price": "17.39",
            "revenue": 1348894
        },
        "2016-02": {
            "month": "2016-02",
            "price": "17.48",
            "revenue": 1127703
        },
        "2016-03": {
            "month": "2016-03",
            "price": "18.58",
            "revenue": 1342846
        },
        "2016-04": {
            "month": "2016-04",
            "price": "17.42",
            "revenue": 1331802
        },
        "2016-05": {
            "month": "2016-05",
            "price": "16.30",
            "revenue": 1264730
        },
        "2016-06": {
            "month": "2016-06",
            "price": "16.26",
            "revenue": 1295270
        },
        "2016-07": {
            "month": "2016-07",
            "price": "16.68",
            "revenue": 1437452
        },
        "2016-08": {
            "month": "2016-08",
            "price": "17.58",
            "revenue": 1429569
        },
        "2016-09": {
            "month": "2016-09",
            "price": "18.08",
            "revenue": 1262429
        },
        "2016-10": {
            "month": "2016-10",
            "price": "17.07",
            "revenue": 1392470
        },
        "2016-11": {
            "month": "2016-11",
            "price": "17.11",
            "revenue": 1261343
        },
        "2016-12": {
            "month": "2016-12",
            "price": "17.71",
            "revenue": 1062499
        },
        "2017-01": {
            "month": "2017-01",
            "price": "17.18",
            "revenue": 1038815
        },
        "2017-02": {
            "month": "2017-02",
            "price": "20.01",
            "revenue": 550918
        },
        "2017-03": {
            "month": "2017-03",
            "price": "18.47",
            "revenue": 1100028
        },
        "2017-04": {
            "month": "2017-04",
            "price": "17.83",
            "revenue": 519601
        },
        "2017-05": {
            "month": "2017-05",
            "price": "16.16",
            "revenue": 711314
        },
        "2017-06": {
            "month": "2017-06",
            "price": "16.65",
            "revenue": 159050
        },
        "2017-07": {
            "month": "2017-07",
            "price": "16.11",
            "revenue": 1280724
        },
        "2017-08": {
            "month": "2017-08",
            "price": "16.28",
            "revenue": 925697
        },
        "2017-09": {
            "month": "2017-09",
            "price": "16.11",
            "revenue": 272495
        },
        "2017-10": {
            "month": "2017-10",
            "price": "13.69",
            "revenue": 124874
        },
        "2017-11": {
            "month": "2017-11",
            "price": "9.37",
            "revenue": 139464
        },
        "2017-12": {
            "month": "2017-12",
            "price": "6.47",
            "revenue": 143187
        },
        "2018-01": {
            "month": "2018-01",
            "price": "8.26",
            "revenue": 139884
        },
        "2018-02": {
            "month": "2018-02",
            "price": "6.81",
            "revenue": 99469
        },
        "2018-03": {
            "month": "2018-03",
            "price": "6.84",
            "revenue": 136056
        },
        "2018-04": {
            "month": "2018-04",
            "price": "4.80",
            "revenue": 174821
        },
        "2018-05": {
            "month": "2018-05",
            "price": "3.64",
            "revenue": 189658
        },
        "2018-06": {
            "month": "2018-06",
            "price": "3.66",
            "revenue": 177464
        },
        "2018-07": {
            "month": "2018-07",
            "price": "3.28",
            "revenue": 211757
        },
        "2018-08": {
            "month": "2018-08",
            "price": "4.67",
            "revenue": 173846
        },
        "2018-09": {
            "month": "2018-09",
            "price": "4.75",
            "revenue": 169983
        },
        "2018-10": {
            "month": "2018-10",
            "price": "3.80",
            "revenue": 157347
        },
        "2018-11": {
            "month": "2018-11",
            "price": "4.01",
            "revenue": 174462
        },
        "2018-12": {
            "month": "2018-12",
            "price": "4.02",
            "revenue": 138081
        },
        "2019-01": {
            "month": "2019-01",
            "price": "3.71",
            "revenue": 173961
        },
        "2019-02": {
            "month": "2019-02",
            "price": "3.75",
            "revenue": 87543
        },
        "2019-03": {
            "month": "2019-03",
            "price": "3.49",
            "revenue": 162748
        },
        "2019-04": {
            "month": "2019-04",
            "price": "3.58",
            "revenue": 158550
        },
        "2019-05": {
            "month": "2019-05",
            "price": "3.35",
            "revenue": 139142
        },
        "2019-06": {
            "month": "2019-06",
            "price": "3.16",
            "revenue": 125875
        },
        "2019-07": {
            "month": "2019-07",
            "price": "2.92",
            "revenue": 154150
        },
        "2019-08": {
            "month": "2019-08",
            "price": "3.22",
            "revenue": 129981
        },
        "2019-09": {
            "month": "2019-09",
            "price": "3.18",
            "revenue": 126277
        },
        "2019-10": {
            "month": "2019-10",
            "price": "3.02",
            "revenue": 123600
        },
        "2019-11": {
            "month": "2019-11",
            "price": "3.45",
            "revenue": 128453
        },
        "2019-12": {
            "month": "2019-12",
            "price": "4.16",
            "revenue": 130752
        },
        "2020-01": {
            "month": "2020-01",
            "price": "4.07",
            "revenue": 118063
        },
        "2020-02": {
            "month": "2020-02",
            "price": "3.49",
            "revenue": 26547
        },
        "2020-03": {
            "month": "2020-03",
            "price": "2.72",
            "revenue": 114509
        },
        "2020-04": {
            "month": "2020-04",
            "price": "0.91",
            "revenue": 169162
        }
    }
}
