{
    "summary": {
        "stock_name": "泰藝",
        "stock_id": "8289",
        "category": "電子零組件",
        "main_business": "電子零組件製造業<br>電子材料批發業<br>電子材料零售業",
        "website_url": "http://www.taitien.com.tw",
        "ceo": "宋勝泰",
        "pe_ratio": 18,
        "report_year_from": 2001,
        "report_year_to": 2023,
        "age": 23,
        "eps_negative_percentage": 11,
        "eps_growth_avg": {
            "last_all": -8.45,
            "last_2y": 32.41,
            "last_4y": -0.69,
            "last_8y": -3.32,
            "last_12y": -13.47,
            "last_16y": -8.45,
            "last_20y": null,
            "at_2006_last_3y": null,
            "at_2007_last_3y": null,
            "at_2008_last_3y": null,
            "at_2009_last_3y": null,
            "at_2010_last_3y": 5.38,
            "at_2011_last_3y": -2.51,
            "at_2012_last_3y": -25.65,
            "at_2013_last_3y": -16.75,
            "at_2014_last_3y": -40.56,
            "at_2015_last_3y": -31.59,
            "at_2016_last_3y": -7.92,
            "at_2017_last_3y": -23.79,
            "at_2018_last_3y": -5.94,
            "at_2019_last_3y": -25.1,
            "at_2020_last_3y": -23.81,
            "at_2021_last_3y": 33.33,
            "at_2022_last_3y": 22.76,
            "at_2023_last_3y": 32.41,
            "at_2024_last_3y": 32.41,
            "at_2006_last_all": null,
            "at_2007_last_all": null,
            "at_2008_last_all": -13.07,
            "at_2009_last_all": -26.16,
            "at_2010_last_all": 5.38,
            "at_2011_last_all": -5.75,
            "at_2012_last_all": -21.46,
            "at_2013_last_all": -21.46,
            "at_2014_last_all": -14.31,
            "at_2015_last_all": -15.44,
            "at_2016_last_all": -16.94,
            "at_2017_last_all": -22.39,
            "at_2018_last_all": -11.26,
            "at_2019_last_all": -18.66,
            "at_2020_last_all": -18.66,
            "at_2021_last_all": -9.53,
            "at_2022_last_all": -3.97,
            "at_2023_last_all": -8.45,
            "at_2024_last_all": -8.45
        },
        "latest_eps": 2.05,
        "latest_price": 36.15,
        "latest_roe": 8.33,
        "latest_gross_margin": 23.72,
        "latest_equity": 1630126,
        "latest_revenue": 329026,
        "latest_gross_profit": 78037,
        "latest_net_income": 27189,
        "latest_debt_ratio": 26.33,
        "latest_current_ratio": 407.21,
        "latest_account_receivable_turnover_ratio": 0.88,
        "latest_inventory_turnover_ratio": 0.52,
        "latest_reinvestment_rate": -1.88,
        "latest_research_to_sale_ratio": 3.79
    },
    "eps_dividends": {
        "2001": {
            "cash": 0,
            "stock": 0,
            "eps": 0
        },
        "2002": {
            "cash": 0,
            "stock": 0,
            "eps": 0
        },
        "2003": {
            "cash": 0,
            "stock": 0,
            "eps": 0
        },
        "2004": {
            "cash": 0,
            "stock": 0,
            "eps": 0
        },
        "2005": {
            "cash": 1,
            "stock": 0,
            "eps": 0
        },
        "2006": {
            "cash": 0.9,
            "stock": 0.3,
            "eps": 1.98
        },
        "2007": {
            "cash": 1.01,
            "stock": 0.3,
            "eps": 1.61
        },
        "2008": {
            "cash": 1.11,
            "stock": 0,
            "eps": 1.49
        },
        "2009": {
            "cash": 0.7,
            "stock": 0.2,
            "eps": 0.71
        },
        "2010": {
            "cash": 0.64,
            "stock": 0.2,
            "eps": 2.01
        },
        "2011": {
            "cash": 1.3,
            "stock": 0.2,
            "eps": 1
        },
        "2012": {
            "cash": 0.65,
            "stock": 0.2,
            "eps": -0.13
        },
        "2013": {
            "cash": 0,
            "stock": 0,
            "eps": 0.7
        },
        "2014": {
            "cash": 0.5,
            "stock": 0,
            "eps": 0.9
        },
        "2015": {
            "cash": 0.65,
            "stock": 0,
            "eps": 0.69
        },
        "2016": {
            "cash": 0.6,
            "stock": 0,
            "eps": 0.49
        },
        "2017": {
            "cash": 0.5,
            "stock": 0,
            "eps": 0.14
        },
        "2018": {
            "cash": 0.3,
            "stock": 0,
            "eps": 1.59
        },
        "2019": {
            "cash": 0.4,
            "stock": 0,
            "eps": -0.3
        },
        "2020": {
            "cash": 0,
            "stock": 0,
            "eps": 0.07
        },
        "2021": {
            "cash": 0.12,
            "stock": 0,
            "eps": 3.12
        },
        "2022": {
            "cash": 2.1,
            "stock": 0,
            "eps": 5.25
        },
        "2023": {
            "cash": 3.5,
            "stock": 0,
            "eps": 1.52
        }
    },
    "dividends": {
        "2005-03-14": {
            "cash": 1,
            "stock": 0
        },
        "2006-03-16": {
            "cash": 0.9,
            "stock": 0.3
        },
        "2007-03-26": {
            "cash": 1.01,
            "stock": 0.3
        },
        "2008-03-14": {
            "cash": 1.11,
            "stock": 0
        },
        "2009-03-30": {
            "cash": 0.7,
            "stock": 0.2
        },
        "2010-03-30": {
            "cash": 0.64,
            "stock": 0.2
        },
        "2011-03-30": {
            "cash": 1.3,
            "stock": 0.2
        },
        "2012-06-29": {
            "cash": 0.65,
            "stock": 0.2
        },
        "2014-08-20": {
            "cash": 0.5,
            "stock": 0
        },
        "2015-08-21": {
            "cash": 0.65,
            "stock": 0
        },
        "2016-08-26": {
            "cash": 0.6,
            "stock": 0
        },
        "2017-08-11": {
            "cash": 0.5,
            "stock": 0
        },
        "2018-08-24": {
            "cash": 0.3,
            "stock": 0
        },
        "2019-08-07": {
            "cash": 0.4,
            "stock": 0
        },
        "2021-10-14": {
            "cash": 0.12,
            "stock": 0
        },
        "2022-09-23": {
            "cash": 2.1,
            "stock": 0
        },
        "2023-09-22": {
            "cash": 3.5,
            "stock": 0
        }
    },
    "prices": {
        "200101": "無",
        "200102": "無",
        "200103": "無",
        "200104": "無",
        "200105": "無",
        "200106": "無",
        "200107": "無",
        "200108": "無",
        "200109": "無",
        "200110": "無",
        "200111": "無",
        "200112": "無",
        "200201": "無",
        "200202": "無",
        "200203": "無",
        "200204": "無",
        "200205": "無",
        "200206": "無",
        "200207": "無",
        "200208": "無",
        "200209": "無",
        "200210": "無",
        "200211": "無",
        "200212": "無",
        "200301": "無",
        "200302": "無",
        "200303": "無",
        "200304": "無",
        "200305": "無",
        "200306": "無",
        "200307": "無",
        "200308": "無",
        "200309": "無",
        "200310": "無",
        "200311": "無",
        "200312": "無",
        "200401": "無",
        "200402": "無",
        "200403": "無",
        "200404": "無",
        "200405": "無",
        "200406": "無",
        "200407": "無",
        "200408": "無",
        "200409": "19.55",
        "200410": "無",
        "200411": "14.50",
        "200412": "11.55",
        "200501": "12.10",
        "200502": "11.60",
        "200503": "12.80",
        "200504": "11.97",
        "200505": "11.12",
        "200506": "12.51",
        "200507": "12.61",
        "200508": "12.32",
        "200509": "11.11",
        "200510": "10.84",
        "200511": "10.43",
        "200512": "10.60",
        "200601": "11.79",
        "200602": "12.30",
        "200603": "13.61",
        "200604": "16.70",
        "200605": "20.69",
        "200606": "20.58",
        "200607": "19.79",
        "200608": "18.88",
        "200609": "19.38",
        "200610": "19.73",
        "200611": "20.12",
        "200612": "21.43",
        "200701": "21.80",
        "200702": "21.66",
        "200703": "23.35",
        "200704": "24.85",
        "200705": "27.03",
        "200706": "35.76",
        "200707": "42.75",
        "200708": "40.83",
        "200709": "33.94",
        "200710": "34.18",
        "200711": "29.78",
        "200712": "26.34",
        "200801": "25.11",
        "200802": "23.87",
        "200803": "27.11",
        "200804": "28.92",
        "200805": "26.36",
        "200806": "22.76",
        "200807": "19.12",
        "200808": "17.48",
        "200809": "14.66",
        "200810": "11.52",
        "200811": "10.63",
        "200812": "9.57",
        "200901": "9.08",
        "200902": "9.52",
        "200903": "11.49",
        "200904": "13.68",
        "200905": "13.86",
        "200906": "13.87",
        "200907": "14.08",
        "200908": "13.70",
        "200909": "14.06",
        "200910": "14.86",
        "200911": "13.93",
        "200912": "15.49",
        "201001": "16.76",
        "201002": "14.85",
        "201003": "17.04",
        "201004": "18.30",
        "201005": "20.61",
        "201006": "24.71",
        "201007": "22.74",
        "201008": "23.78",
        "201009": "24.22",
        "201010": "24.18",
        "201011": "21.21",
        "201012": "22.69",
        "201101": "23.36",
        "201102": "22.35",
        "201103": "22.34",
        "201104": "22.47",
        "201105": "23.17",
        "201106": "22.07",
        "201107": "20.72",
        "201108": "17.42",
        "201109": "14.18",
        "201110": "13.70",
        "201111": "13.92",
        "201112": "12.81",
        "201201": "12.99",
        "201202": "15.24",
        "201203": "15.43",
        "201204": "13.10",
        "201205": "11.92",
        "201206": "11.18",
        "201207": "11.18",
        "201208": "11.02",
        "201209": "10.92",
        "201210": "10.22",
        "201211": "9.21",
        "201212": "9.34",
        "201301": "9.88",
        "201302": "9.86",
        "201303": "10.06",
        "201304": "10.36",
        "201305": "10.90",
        "201306": "10.79",
        "201307": "10.63",
        "201308": "11.24",
        "201309": "13.18",
        "201310": "13.81",
        "201311": "12.61",
        "201312": "13.00",
        "201401": "14.21",
        "201402": "14.02",
        "201403": "14.54",
        "201404": "14.39",
        "201405": "15.07",
        "201406": "15.63",
        "201407": "15.27",
        "201408": "14.25",
        "201409": "13.34",
        "201410": "13.07",
        "201411": "12.90",
        "201412": "13.24",
        "201501": "13.83",
        "201502": "13.96",
        "201503": "13.99",
        "201504": "13.92",
        "201505": "12.98",
        "201506": "12.06",
        "201507": "11.85",
        "201508": "10.21",
        "201509": "10.07",
        "201510": "10.71",
        "201511": "10.93",
        "201512": "11.13",
        "201601": "10.68",
        "201602": "10.91",
        "201603": "11.36",
        "201604": "11.54",
        "201605": "11.22",
        "201606": "11.08",
        "201607": "11.51",
        "201608": "10.95",
        "201609": "11.01",
        "201610": "11.17",
        "201611": "10.34",
        "201612": "10.33",
        "201701": "10.41",
        "201702": "10.88",
        "201703": "10.77",
        "201704": "10.74",
        "201705": "10.64",
        "201706": "10.47",
        "201707": "10.24",
        "201708": "10.17",
        "201709": "11.18",
        "201710": "11.38",
        "201711": "11.31",
        "201712": "11.34",
        "201801": "11.70",
        "201802": "11.30",
        "201803": "11.62",
        "201804": "11.49",
        "201805": "10.50",
        "201806": "11.37",
        "201807": "11.47",
        "201808": "11.97",
        "201809": "11.84",
        "201810": "11.00",
        "201811": "11.78",
        "201812": "12.27",
        "201901": "12.14",
        "201902": "12.47",
        "201903": "13.17",
        "201904": "12.87",
        "201905": "12.24",
        "201906": "12.14",
        "201907": "12.08",
        "201908": "11.94",
        "201909": "12.06",
        "201910": "12.74",
        "201911": "13.56",
        "201912": "15.17",
        "202001": "13.42",
        "202002": "11.72",
        "202003": "10.51",
        "202004": "10.81",
        "202005": "11.70",
        "202006": "11.64",
        "202007": "11.95",
        "202008": "12.39",
        "202009": "11.84",
        "202010": "11.77",
        "202011": "11.48",
        "202012": "11.84",
        "202101": "11.94",
        "202102": "11.83",
        "202103": "14.51",
        "202104": "20.09",
        "202105": "17.18",
        "202106": "18.55",
        "202107": "23.78",
        "202108": "29.30",
        "202109": "32.14",
        "202110": "30.02",
        "202111": "34.86",
        "202112": "38.81",
        "202201": "38.01",
        "202202": "36.32",
        "202203": "33.55",
        "202204": "34.93",
        "202205": "36.75",
        "202206": "36.36",
        "202207": "32.55",
        "202208": "37.69",
        "202209": "36.89",
        "202210": "30.02",
        "202211": "34.23",
        "202212": "37.41",
        "202301": "36.41",
        "202302": "40.34",
        "202303": "47.73",
        "202304": "46.03",
        "202305": "41.51",
        "202306": "40.97",
        "202307": "39.56",
        "202308": "35.36",
        "202309": "32.15",
        "202310": "30.39",
        "202311": "31.45",
        "202312": "33.10"
    },
    "quarters": {
        "20011": {
            "year_quarter": 20011,
            "year": 2001,
            "quarter": 1,
            "eps": null,
            "eps_growth_year": null,
            "eps_4q": null,
            "eps_4q_growth_year": null,
            "roe": null,
            "roe_4q": 0,
            "gross_profit": null,
            "gross_margin": null,
            "gross_margin_4q_avg": 0,
            "net_income": null,
            "net_income_4q": null,
            "revenue": null,
            "revenue_4q": null,
            "common_shares": null,
            "book_valuer_per_share": null,
            "book_valuer_per_share_4q_avg": 0,
            "equity": null,
            "current_ratio": null,
            "debt_ratio": null,
            "inventory_turnover_ratio": null,
            "account_receivable_turnover_ratio": null,
            "reinvestment_rate": null,
            "research_to_sale_ratio": null,
            "price_fair": 0,
            "eps_avg_yearly": 0,
            "eps_latest_yearly": 0,
            "eps_growth_yearly": 0
        },
        "20012": {
            "year_quarter": 20012,
            "year": 2001,
            "quarter": 2,
            "eps": null,
            "eps_growth_year": null,
            "eps_4q": null,
            "eps_4q_growth_year": null,
            "roe": null,
            "roe_4q": 0,
            "gross_profit": null,
            "gross_margin": null,
            "gross_margin_4q_avg": 0,
            "net_income": null,
            "net_income_4q": null,
            "revenue": null,
            "revenue_4q": null,
            "common_shares": null,
            "book_valuer_per_share": null,
            "book_valuer_per_share_4q_avg": 0,
            "equity": null,
            "current_ratio": null,
            "debt_ratio": null,
            "inventory_turnover_ratio": null,
            "account_receivable_turnover_ratio": null,
            "reinvestment_rate": null,
            "research_to_sale_ratio": null,
            "price_fair": 0,
            "eps_avg_yearly": 0,
            "eps_latest_yearly": 0,
            "eps_growth_yearly": 0
        },
        "20013": {
            "year_quarter": 20013,
            "year": 2001,
            "quarter": 3,
            "eps": null,
            "eps_growth_year": null,
            "eps_4q": null,
            "eps_4q_growth_year": null,
            "roe": null,
            "roe_4q": 0,
            "gross_profit": null,
            "gross_margin": null,
            "gross_margin_4q_avg": 0,
            "net_income": null,
            "net_income_4q": null,
            "revenue": null,
            "revenue_4q": null,
            "common_shares": null,
            "book_valuer_per_share": null,
            "book_valuer_per_share_4q_avg": 0,
            "equity": null,
            "current_ratio": null,
            "debt_ratio": null,
            "inventory_turnover_ratio": null,
            "account_receivable_turnover_ratio": null,
            "reinvestment_rate": null,
            "research_to_sale_ratio": null,
            "price_fair": 0,
            "eps_avg_yearly": 0,
            "eps_latest_yearly": 0,
            "eps_growth_yearly": 0
        },
        "20014": {
            "year_quarter": 20014,
            "year": 2001,
            "quarter": 4,
            "eps": null,
            "eps_growth_year": null,
            "eps_4q": null,
            "eps_4q_growth_year": null,
            "roe": null,
            "roe_4q": 0,
            "gross_profit": null,
            "gross_margin": null,
            "gross_margin_4q_avg": 0,
            "net_income": null,
            "net_income_4q": null,
            "revenue": null,
            "revenue_4q": null,
            "common_shares": 535584,
            "book_valuer_per_share": 19.04,
            "book_valuer_per_share_4q_avg": 4.76,
            "equity": 1059057,
            "current_ratio": 365.85,
            "debt_ratio": 22.35,
            "inventory_turnover_ratio": null,
            "account_receivable_turnover_ratio": null,
            "reinvestment_rate": null,
            "research_to_sale_ratio": null,
            "price_fair": 0,
            "eps_avg_yearly": 0,
            "eps_latest_yearly": 0,
            "eps_growth_yearly": 0
        },
        "20021": {
            "year_quarter": 20021,
            "year": 2002,
            "quarter": 1,
            "eps": null,
            "eps_growth_year": null,
            "eps_4q": null,
            "eps_4q_growth_year": null,
            "roe": null,
            "roe_4q": 0,
            "gross_profit": null,
            "gross_margin": null,
            "gross_margin_4q_avg": 0,
            "net_income": null,
            "net_income_4q": null,
            "revenue": null,
            "revenue_4q": null,
            "common_shares": null,
            "book_valuer_per_share": null,
            "book_valuer_per_share_4q_avg": 4.76,
            "equity": null,
            "current_ratio": null,
            "debt_ratio": null,
            "inventory_turnover_ratio": null,
            "account_receivable_turnover_ratio": null,
            "reinvestment_rate": null,
            "research_to_sale_ratio": null,
            "price_fair": 0,
            "eps_avg_yearly": 0,
            "eps_latest_yearly": 0,
            "eps_growth_yearly": 0
        },
        "20022": {
            "year_quarter": 20022,
            "year": 2002,
            "quarter": 2,
            "eps": null,
            "eps_growth_year": null,
            "eps_4q": null,
            "eps_4q_growth_year": null,
            "roe": null,
            "roe_4q": 0,
            "gross_profit": null,
            "gross_margin": null,
            "gross_margin_4q_avg": 0,
            "net_income": null,
            "net_income_4q": null,
            "revenue": null,
            "revenue_4q": null,
            "common_shares": null,
            "book_valuer_per_share": null,
            "book_valuer_per_share_4q_avg": 4.76,
            "equity": null,
            "current_ratio": null,
            "debt_ratio": null,
            "inventory_turnover_ratio": null,
            "account_receivable_turnover_ratio": null,
            "reinvestment_rate": null,
            "research_to_sale_ratio": null,
            "price_fair": 0,
            "eps_avg_yearly": 0,
            "eps_latest_yearly": 0,
            "eps_growth_yearly": 0
        },
        "20023": {
            "year_quarter": 20023,
            "year": 2002,
            "quarter": 3,
            "eps": null,
            "eps_growth_year": null,
            "eps_4q": null,
            "eps_4q_growth_year": null,
            "roe": null,
            "roe_4q": 0,
            "gross_profit": null,
            "gross_margin": null,
            "gross_margin_4q_avg": 0,
            "net_income": null,
            "net_income_4q": null,
            "revenue": null,
            "revenue_4q": null,
            "common_shares": null,
            "book_valuer_per_share": null,
            "book_valuer_per_share_4q_avg": 4.76,
            "equity": null,
            "current_ratio": null,
            "debt_ratio": null,
            "inventory_turnover_ratio": null,
            "account_receivable_turnover_ratio": null,
            "reinvestment_rate": null,
            "research_to_sale_ratio": null,
            "price_fair": 0,
            "eps_avg_yearly": 0,
            "eps_latest_yearly": 0,
            "eps_growth_yearly": 0
        },
        "20024": {
            "year_quarter": 20024,
            "year": 2002,
            "quarter": 4,
            "eps": null,
            "eps_growth_year": null,
            "eps_4q": null,
            "eps_4q_growth_year": null,
            "roe": null,
            "roe_4q": 0,
            "gross_profit": null,
            "gross_margin": null,
            "gross_margin_4q_avg": 0,
            "net_income": null,
            "net_income_4q": null,
            "revenue": null,
            "revenue_4q": null,
            "common_shares": 589142,
            "book_valuer_per_share": 16.27,
            "book_valuer_per_share_4q_avg": 4.07,
            "equity": 999765,
            "current_ratio": 305.3,
            "debt_ratio": 23.28,
            "inventory_turnover_ratio": null,
            "account_receivable_turnover_ratio": null,
            "reinvestment_rate": null,
            "research_to_sale_ratio": null,
            "price_fair": 0,
            "eps_avg_yearly": 0,
            "eps_latest_yearly": 0,
            "eps_growth_yearly": 0
        },
        "20031": {
            "year_quarter": 20031,
            "year": 2003,
            "quarter": 1,
            "eps": null,
            "eps_growth_year": null,
            "eps_4q": null,
            "eps_4q_growth_year": null,
            "roe": null,
            "roe_4q": 0,
            "gross_profit": null,
            "gross_margin": null,
            "gross_margin_4q_avg": 0,
            "net_income": null,
            "net_income_4q": null,
            "revenue": null,
            "revenue_4q": null,
            "common_shares": null,
            "book_valuer_per_share": null,
            "book_valuer_per_share_4q_avg": 4.07,
            "equity": null,
            "current_ratio": null,
            "debt_ratio": null,
            "inventory_turnover_ratio": null,
            "account_receivable_turnover_ratio": null,
            "reinvestment_rate": null,
            "research_to_sale_ratio": null,
            "price_fair": 0,
            "eps_avg_yearly": 0,
            "eps_latest_yearly": 0,
            "eps_growth_yearly": 0
        },
        "20032": {
            "year_quarter": 20032,
            "year": 2003,
            "quarter": 2,
            "eps": null,
            "eps_growth_year": null,
            "eps_4q": null,
            "eps_4q_growth_year": null,
            "roe": null,
            "roe_4q": 0,
            "gross_profit": null,
            "gross_margin": null,
            "gross_margin_4q_avg": 0,
            "net_income": null,
            "net_income_4q": null,
            "revenue": null,
            "revenue_4q": null,
            "common_shares": null,
            "book_valuer_per_share": null,
            "book_valuer_per_share_4q_avg": 4.07,
            "equity": null,
            "current_ratio": null,
            "debt_ratio": null,
            "inventory_turnover_ratio": null,
            "account_receivable_turnover_ratio": null,
            "reinvestment_rate": null,
            "research_to_sale_ratio": null,
            "price_fair": 0,
            "eps_avg_yearly": 0,
            "eps_latest_yearly": 0,
            "eps_growth_yearly": 0
        },
        "20033": {
            "year_quarter": 20033,
            "year": 2003,
            "quarter": 3,
            "eps": null,
            "eps_growth_year": null,
            "eps_4q": null,
            "eps_4q_growth_year": null,
            "roe": null,
            "roe_4q": 0,
            "gross_profit": null,
            "gross_margin": null,
            "gross_margin_4q_avg": 0,
            "net_income": null,
            "net_income_4q": null,
            "revenue": null,
            "revenue_4q": null,
            "common_shares": null,
            "book_valuer_per_share": null,
            "book_valuer_per_share_4q_avg": 4.07,
            "equity": null,
            "current_ratio": null,
            "debt_ratio": null,
            "inventory_turnover_ratio": null,
            "account_receivable_turnover_ratio": null,
            "reinvestment_rate": null,
            "research_to_sale_ratio": null,
            "price_fair": 0,
            "eps_avg_yearly": 0,
            "eps_latest_yearly": 0,
            "eps_growth_yearly": 0
        },
        "20034": {
            "year_quarter": 20034,
            "year": 2003,
            "quarter": 4,
            "eps": null,
            "eps_growth_year": null,
            "eps_4q": null,
            "eps_4q_growth_year": null,
            "roe": null,
            "roe_4q": 0,
            "gross_profit": null,
            "gross_margin": null,
            "gross_margin_4q_avg": 0,
            "net_income": null,
            "net_income_4q": null,
            "revenue": null,
            "revenue_4q": null,
            "common_shares": 589142,
            "book_valuer_per_share": 16.48,
            "book_valuer_per_share_4q_avg": 4.12,
            "equity": 1012699,
            "current_ratio": 352.11,
            "debt_ratio": 22.08,
            "inventory_turnover_ratio": null,
            "account_receivable_turnover_ratio": null,
            "reinvestment_rate": null,
            "research_to_sale_ratio": null,
            "price_fair": 0,
            "eps_avg_yearly": 0,
            "eps_latest_yearly": 0,
            "eps_growth_yearly": 0
        },
        "20041": {
            "year_quarter": 20041,
            "year": 2004,
            "quarter": 1,
            "eps": null,
            "eps_growth_year": null,
            "eps_4q": null,
            "eps_4q_growth_year": null,
            "roe": null,
            "roe_4q": 0,
            "gross_profit": null,
            "gross_margin": null,
            "gross_margin_4q_avg": 0,
            "net_income": null,
            "net_income_4q": null,
            "revenue": null,
            "revenue_4q": null,
            "common_shares": null,
            "book_valuer_per_share": null,
            "book_valuer_per_share_4q_avg": 4.12,
            "equity": null,
            "current_ratio": null,
            "debt_ratio": null,
            "inventory_turnover_ratio": null,
            "account_receivable_turnover_ratio": null,
            "reinvestment_rate": null,
            "research_to_sale_ratio": null,
            "price_fair": 0,
            "eps_avg_yearly": 0,
            "eps_latest_yearly": 0,
            "eps_growth_yearly": 0
        },
        "20042": {
            "year_quarter": 20042,
            "year": 2004,
            "quarter": 2,
            "eps": null,
            "eps_growth_year": null,
            "eps_4q": null,
            "eps_4q_growth_year": null,
            "roe": null,
            "roe_4q": 0,
            "gross_profit": null,
            "gross_margin": null,
            "gross_margin_4q_avg": 0,
            "net_income": null,
            "net_income_4q": null,
            "revenue": null,
            "revenue_4q": null,
            "common_shares": null,
            "book_valuer_per_share": null,
            "book_valuer_per_share_4q_avg": 4.12,
            "equity": null,
            "current_ratio": null,
            "debt_ratio": null,
            "inventory_turnover_ratio": null,
            "account_receivable_turnover_ratio": null,
            "reinvestment_rate": null,
            "research_to_sale_ratio": null,
            "price_fair": 0,
            "eps_avg_yearly": 0,
            "eps_latest_yearly": 0,
            "eps_growth_yearly": 0
        },
        "20043": {
            "year_quarter": 20043,
            "year": 2004,
            "quarter": 3,
            "eps": null,
            "eps_growth_year": null,
            "eps_4q": null,
            "eps_4q_growth_year": null,
            "roe": null,
            "roe_4q": 0,
            "gross_profit": null,
            "gross_margin": null,
            "gross_margin_4q_avg": 0,
            "net_income": null,
            "net_income_4q": null,
            "revenue": null,
            "revenue_4q": null,
            "common_shares": null,
            "book_valuer_per_share": null,
            "book_valuer_per_share_4q_avg": 4.12,
            "equity": null,
            "current_ratio": null,
            "debt_ratio": null,
            "inventory_turnover_ratio": null,
            "account_receivable_turnover_ratio": null,
            "reinvestment_rate": null,
            "research_to_sale_ratio": null,
            "price_fair": 0,
            "eps_avg_yearly": 0,
            "eps_latest_yearly": 0,
            "eps_growth_yearly": 0
        },
        "20044": {
            "year_quarter": 20044,
            "year": 2004,
            "quarter": 4,
            "eps": null,
            "eps_growth_year": null,
            "eps_4q": null,
            "eps_4q_growth_year": null,
            "roe": null,
            "roe_4q": 0,
            "gross_profit": null,
            "gross_margin": null,
            "gross_margin_4q_avg": 0,
            "net_income": null,
            "net_income_4q": null,
            "revenue": null,
            "revenue_4q": null,
            "common_shares": 589142,
            "book_valuer_per_share": 17.64,
            "book_valuer_per_share_4q_avg": 4.41,
            "equity": 1078814,
            "current_ratio": 271.86,
            "debt_ratio": 26.62,
            "inventory_turnover_ratio": null,
            "account_receivable_turnover_ratio": null,
            "reinvestment_rate": null,
            "research_to_sale_ratio": null,
            "price_fair": 0,
            "eps_avg_yearly": 0,
            "eps_latest_yearly": 0,
            "eps_growth_yearly": 0
        },
        "20051": {
            "year_quarter": 20051,
            "year": 2005,
            "quarter": 1,
            "eps": null,
            "eps_growth_year": null,
            "eps_4q": null,
            "eps_4q_growth_year": null,
            "roe": null,
            "roe_4q": 0,
            "gross_profit": null,
            "gross_margin": null,
            "gross_margin_4q_avg": 0,
            "net_income": null,
            "net_income_4q": null,
            "revenue": null,
            "revenue_4q": null,
            "common_shares": null,
            "book_valuer_per_share": null,
            "book_valuer_per_share_4q_avg": 4.41,
            "equity": null,
            "current_ratio": null,
            "debt_ratio": null,
            "inventory_turnover_ratio": null,
            "account_receivable_turnover_ratio": null,
            "reinvestment_rate": null,
            "research_to_sale_ratio": null,
            "price_fair": 0,
            "eps_avg_yearly": 0,
            "eps_latest_yearly": 0,
            "eps_growth_yearly": 0
        },
        "20052": {
            "year_quarter": 20052,
            "year": 2005,
            "quarter": 2,
            "eps": null,
            "eps_growth_year": null,
            "eps_4q": null,
            "eps_4q_growth_year": null,
            "roe": null,
            "roe_4q": 0,
            "gross_profit": null,
            "gross_margin": null,
            "gross_margin_4q_avg": 0,
            "net_income": null,
            "net_income_4q": null,
            "revenue": null,
            "revenue_4q": null,
            "common_shares": null,
            "book_valuer_per_share": null,
            "book_valuer_per_share_4q_avg": 4.41,
            "equity": null,
            "current_ratio": null,
            "debt_ratio": null,
            "inventory_turnover_ratio": null,
            "account_receivable_turnover_ratio": null,
            "reinvestment_rate": null,
            "research_to_sale_ratio": null,
            "price_fair": 0,
            "eps_avg_yearly": 0,
            "eps_latest_yearly": 0,
            "eps_growth_yearly": 0
        },
        "20053": {
            "year_quarter": 20053,
            "year": 2005,
            "quarter": 3,
            "eps": null,
            "eps_growth_year": null,
            "eps_4q": null,
            "eps_4q_growth_year": null,
            "roe": null,
            "roe_4q": 0,
            "gross_profit": null,
            "gross_margin": null,
            "gross_margin_4q_avg": 0,
            "net_income": null,
            "net_income_4q": null,
            "revenue": null,
            "revenue_4q": null,
            "common_shares": null,
            "book_valuer_per_share": null,
            "book_valuer_per_share_4q_avg": 4.41,
            "equity": null,
            "current_ratio": null,
            "debt_ratio": null,
            "inventory_turnover_ratio": null,
            "account_receivable_turnover_ratio": null,
            "reinvestment_rate": null,
            "research_to_sale_ratio": null,
            "price_fair": 0,
            "eps_avg_yearly": 0,
            "eps_latest_yearly": 0,
            "eps_growth_yearly": 0
        },
        "20054": {
            "year_quarter": 20054,
            "year": 2005,
            "quarter": 4,
            "eps": null,
            "eps_growth_year": null,
            "eps_4q": null,
            "eps_4q_growth_year": null,
            "roe": null,
            "roe_4q": 0,
            "gross_profit": null,
            "gross_margin": null,
            "gross_margin_4q_avg": 0,
            "net_income": null,
            "net_income_4q": null,
            "revenue": null,
            "revenue_4q": null,
            "common_shares": 589142,
            "book_valuer_per_share": 17.98,
            "book_valuer_per_share_4q_avg": 4.5,
            "equity": 1102153,
            "current_ratio": 274.43,
            "debt_ratio": 27.38,
            "inventory_turnover_ratio": null,
            "account_receivable_turnover_ratio": null,
            "reinvestment_rate": null,
            "research_to_sale_ratio": null,
            "price_fair": 0,
            "eps_avg_yearly": 0,
            "eps_latest_yearly": 0,
            "eps_growth_yearly": 0
        },
        "20061": {
            "year_quarter": 20061,
            "year": 2006,
            "quarter": 1,
            "eps": 0.16,
            "eps_growth_year": null,
            "eps_4q": null,
            "eps_4q_growth_year": null,
            "roe": 0.87,
            "roe_4q": 0.87,
            "gross_profit": 52452,
            "gross_margin": 17.99,
            "gross_margin_4q_avg": 4.5,
            "net_income": 9483,
            "net_income_4q": null,
            "revenue": 291599,
            "revenue_4q": null,
            "common_shares": 589142,
            "book_valuer_per_share": 18.1,
            "book_valuer_per_share_4q_avg": 9.02,
            "equity": 1066512,
            "current_ratio": 231.25,
            "debt_ratio": 23.91,
            "inventory_turnover_ratio": 1.42,
            "account_receivable_turnover_ratio": null,
            "reinvestment_rate": null,
            "research_to_sale_ratio": null,
            "price_fair": 0,
            "eps_avg_yearly": 0,
            "eps_latest_yearly": 0,
            "eps_growth_yearly": 0
        },
        "20062": {
            "year_quarter": 20062,
            "year": 2006,
            "quarter": 2,
            "eps": 0.58,
            "eps_growth_year": null,
            "eps_4q": null,
            "eps_4q_growth_year": null,
            "roe": 3.33,
            "roe_4q": 4.2,
            "gross_profit": 61738,
            "gross_margin": 19.35,
            "gross_margin_4q_avg": 9.34,
            "net_income": 35097,
            "net_income_4q": null,
            "revenue": 319105,
            "revenue_4q": null,
            "common_shares": 589142,
            "book_valuer_per_share": 17.68,
            "book_valuer_per_share_4q_avg": 13.44,
            "equity": 1041647,
            "current_ratio": 172.19,
            "debt_ratio": 29.71,
            "inventory_turnover_ratio": 2.28,
            "account_receivable_turnover_ratio": null,
            "reinvestment_rate": null,
            "research_to_sale_ratio": null,
            "price_fair": 81.2,
            "eps_avg_yearly": 2.32,
            "eps_latest_yearly": 2.32,
            "eps_growth_yearly": 1050
        },
        "20063": {
            "year_quarter": 20063,
            "year": 2006,
            "quarter": 3,
            "eps": 0.86,
            "eps_growth_year": null,
            "eps_4q": null,
            "eps_4q_growth_year": null,
            "roe": 4.84,
            "roe_4q": 9.04,
            "gross_profit": 79631,
            "gross_margin": 19.5,
            "gross_margin_4q_avg": 14.21,
            "net_income": 51938,
            "net_income_4q": null,
            "revenue": 408263,
            "revenue_4q": null,
            "common_shares": 606817,
            "book_valuer_per_share": 18.2,
            "book_valuer_per_share_4q_avg": 17.99,
            "equity": 1104647,
            "current_ratio": 154.34,
            "debt_ratio": 32.74,
            "inventory_turnover_ratio": 2.48,
            "account_receivable_turnover_ratio": null,
            "reinvestment_rate": null,
            "research_to_sale_ratio": null,
            "price_fair": 100.8,
            "eps_avg_yearly": 2.88,
            "eps_latest_yearly": 3.44,
            "eps_growth_yearly": 621.55
        },
        "20064": {
            "year_quarter": 20064,
            "year": 2006,
            "quarter": 4,
            "eps": 0.38,
            "eps_growth_year": null,
            "eps_4q": 1.95,
            "eps_4q_growth_year": null,
            "roe": 1.98,
            "roe_4q": 11.02,
            "gross_profit": 69759,
            "gross_margin": 19.76,
            "gross_margin_4q_avg": 19.15,
            "net_income": 23363,
            "net_income_4q": null,
            "revenue": 353059,
            "revenue_4q": null,
            "common_shares": 607947,
            "book_valuer_per_share": 18.53,
            "book_valuer_per_share_4q_avg": 18.13,
            "equity": 1252520,
            "current_ratio": 194.98,
            "debt_ratio": 34.68,
            "inventory_turnover_ratio": 1.3,
            "account_receivable_turnover_ratio": null,
            "reinvestment_rate": null,
            "research_to_sale_ratio": null,
            "price_fair": 84.93,
            "eps_avg_yearly": 2.43,
            "eps_latest_yearly": 1.52,
            "eps_growth_yearly": 339.95
        },
        "20071": {
            "year_quarter": 20071,
            "year": 2007,
            "quarter": 1,
            "eps": 0.6,
            "eps_growth_year": 275,
            "eps_4q": 2.43,
            "eps_4q_growth_year": null,
            "roe": 2.99,
            "roe_4q": 13.14,
            "gross_profit": 67273,
            "gross_margin": 20.42,
            "gross_margin_4q_avg": 19.76,
            "net_income": 36247,
            "net_income_4q": null,
            "revenue": 329465,
            "revenue_4q": null,
            "common_shares": 608407,
            "book_valuer_per_share": 19.29,
            "book_valuer_per_share_4q_avg": 18.43,
            "equity": 1173508,
            "current_ratio": 246.31,
            "debt_ratio": 27.18,
            "inventory_turnover_ratio": 1.21,
            "account_receivable_turnover_ratio": null,
            "reinvestment_rate": null,
            "research_to_sale_ratio": null,
            "price_fair": 84.7,
            "eps_avg_yearly": 2.42,
            "eps_latest_yearly": 2.4,
            "eps_growth_yearly": 312.86
        },
        "20072": {
            "year_quarter": 20072,
            "year": 2007,
            "quarter": 2,
            "eps": 0.54,
            "eps_growth_year": -6.9,
            "eps_4q": 2.31,
            "eps_4q_growth_year": null,
            "roe": 2.94,
            "roe_4q": 12.75,
            "gross_profit": 77856,
            "gross_margin": 19.33,
            "gross_margin_4q_avg": 19.75,
            "net_income": 34019,
            "net_income_4q": null,
            "revenue": 402808,
            "revenue_4q": null,
            "common_shares": 609227,
            "book_valuer_per_share": 18.66,
            "book_valuer_per_share_4q_avg": 18.67,
            "equity": 1137070,
            "current_ratio": 199.41,
            "debt_ratio": 29.22,
            "inventory_turnover_ratio": 2.63,
            "account_receivable_turnover_ratio": null,
            "reinvestment_rate": null,
            "research_to_sale_ratio": null,
            "price_fair": 82.88,
            "eps_avg_yearly": 2.37,
            "eps_latest_yearly": 2.16,
            "eps_growth_yearly": 242.29
        },
        "20073": {
            "year_quarter": 20073,
            "year": 2007,
            "quarter": 3,
            "eps": 0.49,
            "eps_growth_year": -43.02,
            "eps_4q": 1.98,
            "eps_4q_growth_year": null,
            "roe": 2.66,
            "roe_4q": 10.57,
            "gross_profit": 78163,
            "gross_margin": 16.76,
            "gross_margin_4q_avg": 19.07,
            "net_income": 30695,
            "net_income_4q": null,
            "revenue": 466389,
            "revenue_4q": null,
            "common_shares": 628025,
            "book_valuer_per_share": 18.64,
            "book_valuer_per_share_4q_avg": 18.78,
            "equity": 1170545,
            "current_ratio": 185.48,
            "debt_ratio": 29.75,
            "inventory_turnover_ratio": 3.18,
            "account_receivable_turnover_ratio": null,
            "reinvestment_rate": null,
            "research_to_sale_ratio": null,
            "price_fair": 80.5,
            "eps_avg_yearly": 2.3,
            "eps_latest_yearly": 1.96,
            "eps_growth_yearly": 195.73
        },
        "20074": {
            "year_quarter": 20074,
            "year": 2007,
            "quarter": 4,
            "eps": -0.02,
            "eps_growth_year": -105.26,
            "eps_4q": 1.54,
            "eps_4q_growth_year": -20.91,
            "roe": -0.08,
            "roe_4q": 8.51,
            "gross_profit": 84843,
            "gross_margin": 17.89,
            "gross_margin_4q_avg": 18.6,
            "net_income": -1068,
            "net_income_4q": null,
            "revenue": 474377,
            "revenue_4q": null,
            "common_shares": 628185,
            "book_valuer_per_share": 18.75,
            "book_valuer_per_share_4q_avg": 18.84,
            "equity": 1460856,
            "current_ratio": 178.79,
            "debt_ratio": 38.08,
            "inventory_turnover_ratio": 1.29,
            "account_receivable_turnover_ratio": null,
            "reinvestment_rate": null,
            "research_to_sale_ratio": null,
            "price_fair": 80.5,
            "eps_avg_yearly": 2.3,
            "eps_latest_yearly": 1.96,
            "eps_growth_yearly": 195.73
        },
        "20081": {
            "year_quarter": 20081,
            "year": 2008,
            "quarter": 1,
            "eps": 0.24,
            "eps_growth_year": -60,
            "eps_4q": 2.08,
            "eps_4q_growth_year": -14.37,
            "roe": 0.63,
            "roe_4q": 6.15,
            "gross_profit": 134828,
            "gross_margin": 26.2,
            "gross_margin_4q_avg": 20.05,
            "net_income": 9125,
            "net_income_4q": null,
            "revenue": 514539,
            "revenue_4q": null,
            "common_shares": 628185,
            "book_valuer_per_share": 18.63,
            "book_valuer_per_share_4q_avg": 18.67,
            "equity": 1445100,
            "current_ratio": 167.55,
            "debt_ratio": 39.4,
            "inventory_turnover_ratio": 0.74,
            "account_receivable_turnover_ratio": null,
            "reinvestment_rate": null,
            "research_to_sale_ratio": null,
            "price_fair": 80.5,
            "eps_avg_yearly": 2.3,
            "eps_latest_yearly": 1.96,
            "eps_growth_yearly": 195.73
        },
        "20082": {
            "year_quarter": 20082,
            "year": 2008,
            "quarter": 2,
            "eps": 0.51,
            "eps_growth_year": -5.56,
            "eps_4q": 0.97,
            "eps_4q_growth_year": -58,
            "roe": 2.74,
            "roe_4q": 5.95,
            "gross_profit": 123476,
            "gross_margin": 22.87,
            "gross_margin_4q_avg": 20.93,
            "net_income": 41427,
            "net_income_4q": null,
            "revenue": 539949,
            "revenue_4q": null,
            "common_shares": 712165,
            "book_valuer_per_share": 18.09,
            "book_valuer_per_share_4q_avg": 18.53,
            "equity": 1576681,
            "current_ratio": 168.8,
            "debt_ratio": 40.29,
            "inventory_turnover_ratio": 0.75,
            "account_receivable_turnover_ratio": null,
            "reinvestment_rate": null,
            "research_to_sale_ratio": null,
            "price_fair": 79.2,
            "eps_avg_yearly": 2.26,
            "eps_latest_yearly": 2.04,
            "eps_growth_yearly": 232.06
        },
        "20083": {
            "year_quarter": 20083,
            "year": 2008,
            "quarter": 3,
            "eps": 0.67,
            "eps_growth_year": 36.73,
            "eps_4q": 1.27,
            "eps_4q_growth_year": -35.97,
            "roe": 3.06,
            "roe_4q": 6.3500000000000005,
            "gross_profit": 143746,
            "gross_margin": 24.8,
            "gross_margin_4q_avg": 22.94,
            "net_income": 49267,
            "net_income_4q": null,
            "revenue": 579596,
            "revenue_4q": null,
            "common_shares": 712205,
            "book_valuer_per_share": 19.18,
            "book_valuer_per_share_4q_avg": 18.66,
            "equity": 1641389,
            "current_ratio": 191.2,
            "debt_ratio": 39.51,
            "inventory_turnover_ratio": 0.75,
            "account_receivable_turnover_ratio": null,
            "reinvestment_rate": null,
            "research_to_sale_ratio": null,
            "price_fair": 81.03,
            "eps_avg_yearly": 2.32,
            "eps_latest_yearly": 2.68,
            "eps_growth_yearly": 218.73
        },
        "20084": {
            "year_quarter": 20084,
            "year": 2008,
            "quarter": 4,
            "eps": 0.07,
            "eps_growth_year": null,
            "eps_4q": 0.58,
            "eps_4q_growth_year": -62.52,
            "roe": -0.74,
            "roe_4q": 5.69,
            "gross_profit": 75097,
            "gross_margin": 15.06,
            "gross_margin_4q_avg": 22.23,
            "net_income": -12063,
            "net_income_4q": null,
            "revenue": 498785,
            "revenue_4q": null,
            "common_shares": 712205,
            "book_valuer_per_share": 19.39,
            "book_valuer_per_share_4q_avg": 18.82,
            "equity": 1632960,
            "current_ratio": 180.5,
            "debt_ratio": 40.29,
            "inventory_turnover_ratio": 0.75,
            "account_receivable_turnover_ratio": 2.31,
            "reinvestment_rate": null,
            "research_to_sale_ratio": null,
            "price_fair": 73.11,
            "eps_avg_yearly": 2.09,
            "eps_latest_yearly": 0.28,
            "eps_growth_yearly": 154.63
        },
        "20091": {
            "year_quarter": 20091,
            "year": 2009,
            "quarter": 1,
            "eps": 0.18,
            "eps_growth_year": -25,
            "eps_4q": 1.35,
            "eps_4q_growth_year": -34.97,
            "roe": 0.8,
            "roe_4q": 5.86,
            "gross_profit": 78657,
            "gross_margin": 17.55,
            "gross_margin_4q_avg": 20.07,
            "net_income": 12958,
            "net_income_4q": null,
            "revenue": 448178,
            "revenue_4q": null,
            "common_shares": 712205,
            "book_valuer_per_share": 19.83,
            "book_valuer_per_share_4q_avg": 19.12,
            "equity": 1610626,
            "current_ratio": 181.72,
            "debt_ratio": 39.28,
            "inventory_turnover_ratio": 0.72,
            "account_receivable_turnover_ratio": 1.04,
            "reinvestment_rate": null,
            "research_to_sale_ratio": null,
            "price_fair": 68.32,
            "eps_avg_yearly": 1.95,
            "eps_latest_yearly": 0.72,
            "eps_growth_yearly": 202.02
        },
        "20092": {
            "year_quarter": 20092,
            "year": 2009,
            "quarter": 2,
            "eps": -0.14,
            "eps_growth_year": -127.45,
            "eps_4q": 0.73,
            "eps_4q_growth_year": -24.84,
            "roe": -0.97,
            "roe_4q": 2.1500000000000004,
            "gross_profit": 79577,
            "gross_margin": 16.55,
            "gross_margin_4q_avg": 18.49,
            "net_income": -15155,
            "net_income_4q": null,
            "revenue": 480858,
            "revenue_4q": null,
            "common_shares": 726919,
            "book_valuer_per_share": 18.41,
            "book_valuer_per_share_4q_avg": 19.2,
            "equity": 1525387,
            "current_ratio": 154.16,
            "debt_ratio": 40.59,
            "inventory_turnover_ratio": 0.87,
            "account_receivable_turnover_ratio": 1.12,
            "reinvestment_rate": null,
            "research_to_sale_ratio": null,
            "price_fair": 68.32,
            "eps_avg_yearly": 1.95,
            "eps_latest_yearly": 0.72,
            "eps_growth_yearly": 202.02
        },
        "20093": {
            "year_quarter": 20093,
            "year": 2009,
            "quarter": 3,
            "eps": 0.04,
            "eps_growth_year": -94.03,
            "eps_4q": 0.12,
            "eps_4q_growth_year": -90.26,
            "roe": 0.24,
            "roe_4q": -0.6699999999999999,
            "gross_profit": 103080,
            "gross_margin": 20.4,
            "gross_margin_4q_avg": 17.39,
            "net_income": 3530,
            "net_income_4q": null,
            "revenue": 505207,
            "revenue_4q": null,
            "common_shares": 727289,
            "book_valuer_per_share": 18.28,
            "book_valuer_per_share_4q_avg": 18.98,
            "equity": 1436680,
            "current_ratio": 151.14,
            "debt_ratio": 41.47,
            "inventory_turnover_ratio": 0.93,
            "account_receivable_turnover_ratio": 1.1,
            "reinvestment_rate": null,
            "research_to_sale_ratio": null,
            "price_fair": 68.32,
            "eps_avg_yearly": 1.95,
            "eps_latest_yearly": 0.72,
            "eps_growth_yearly": 202.02
        },
        "20094": {
            "year_quarter": 20094,
            "year": 2009,
            "quarter": 4,
            "eps": 0.63,
            "eps_growth_year": 800,
            "eps_4q": 0.71,
            "eps_4q_growth_year": 22.77,
            "roe": 3.43,
            "roe_4q": 3.5,
            "gross_profit": 114738,
            "gross_margin": 20.32,
            "gross_margin_4q_avg": 18.71,
            "net_income": 50085,
            "net_income_4q": null,
            "revenue": 564579,
            "revenue_4q": null,
            "common_shares": 728029,
            "book_valuer_per_share": 18.85,
            "book_valuer_per_share_4q_avg": 18.84,
            "equity": 1480352,
            "current_ratio": 162.13,
            "debt_ratio": 40.06,
            "inventory_turnover_ratio": 1.03,
            "account_receivable_turnover_ratio": 2.23,
            "reinvestment_rate": 339.57,
            "research_to_sale_ratio": null,
            "price_fair": 70.13,
            "eps_avg_yearly": 2,
            "eps_latest_yearly": 2.52,
            "eps_growth_yearly": 720.02
        },
        "20101": {
            "year_quarter": 20101,
            "year": 2010,
            "quarter": 1,
            "eps": 0.5,
            "eps_growth_year": 177.78,
            "eps_4q": 1.03,
            "eps_4q_growth_year": -23.78,
            "roe": 2.48,
            "roe_4q": 5.180000000000001,
            "gross_profit": 124484,
            "gross_margin": 22.85,
            "gross_margin_4q_avg": 20.03,
            "net_income": 37140,
            "net_income_4q": null,
            "revenue": 544881,
            "revenue_4q": null,
            "common_shares": 728259,
            "book_valuer_per_share": 19.3,
            "book_valuer_per_share_4q_avg": 18.71,
            "equity": 1513557,
            "current_ratio": 172.91,
            "debt_ratio": 38.52,
            "inventory_turnover_ratio": 0.88,
            "account_receivable_turnover_ratio": 1.08,
            "reinvestment_rate": 377.41,
            "research_to_sale_ratio": 2.18,
            "price_fair": 70.12,
            "eps_avg_yearly": 2,
            "eps_latest_yearly": 2,
            "eps_growth_yearly": 653.14
        },
        "20102": {
            "year_quarter": 20102,
            "year": 2010,
            "quarter": 2,
            "eps": 0.68,
            "eps_growth_year": null,
            "eps_4q": 1.83,
            "eps_4q_growth_year": 150.4,
            "roe": 3.32,
            "roe_4q": 9.47,
            "gross_profit": 140325,
            "gross_margin": 23.28,
            "gross_margin_4q_avg": 21.71,
            "net_income": 50494,
            "net_income_4q": null,
            "revenue": 602734,
            "revenue_4q": null,
            "common_shares": 728659,
            "book_valuer_per_share": 19.51,
            "book_valuer_per_share_4q_avg": 18.99,
            "equity": 1531882,
            "current_ratio": 158.56,
            "debt_ratio": 40.8,
            "inventory_turnover_ratio": 0.88,
            "account_receivable_turnover_ratio": 1.13,
            "reinvestment_rate": 368.49,
            "research_to_sale_ratio": 1.61,
            "price_fair": 71.28,
            "eps_avg_yearly": 2.04,
            "eps_latest_yearly": 2.72,
            "eps_growth_yearly": 577.64
        },
        "20103": {
            "year_quarter": 20103,
            "year": 2010,
            "quarter": 3,
            "eps": 0.7,
            "eps_growth_year": 1647.07,
            "eps_4q": 2.48,
            "eps_4q_growth_year": 1900.56,
            "roe": 3.51,
            "roe_4q": 12.74,
            "gross_profit": 171156,
            "gross_margin": 23.97,
            "gross_margin_4q_avg": 22.61,
            "net_income": 54660,
            "net_income_4q": null,
            "revenue": 714066,
            "revenue_4q": null,
            "common_shares": 745075,
            "book_valuer_per_share": 19.71,
            "book_valuer_per_share_4q_avg": 19.34,
            "equity": 1580788,
            "current_ratio": 163.92,
            "debt_ratio": 41.18,
            "inventory_turnover_ratio": 0.97,
            "account_receivable_turnover_ratio": 1.15,
            "reinvestment_rate": 364.16,
            "research_to_sale_ratio": 1.6,
            "price_fair": 69.42,
            "eps_avg_yearly": 1.98,
            "eps_latest_yearly": 2.8,
            "eps_growth_yearly": 562.53
        },
        "20104": {
            "year_quarter": 20104,
            "year": 2010,
            "quarter": 4,
            "eps": 0.13,
            "eps_growth_year": -80.13,
            "eps_4q": 1.99,
            "eps_4q_growth_year": 180.11,
            "roe": 0.72,
            "roe_4q": 10.03,
            "gross_profit": 108658,
            "gross_margin": 18.55,
            "gross_margin_4q_avg": 22.16,
            "net_income": 11184,
            "net_income_4q": null,
            "revenue": 585676,
            "revenue_4q": null,
            "common_shares": 745074,
            "book_valuer_per_share": 19.52,
            "book_valuer_per_share_4q_avg": 19.51,
            "equity": 1523574,
            "current_ratio": 195.48,
            "debt_ratio": 43.07,
            "inventory_turnover_ratio": 0.82,
            "account_receivable_turnover_ratio": 0.99,
            "reinvestment_rate": 274.27,
            "research_to_sale_ratio": 2.09,
            "price_fair": 66.5,
            "eps_avg_yearly": 1.9,
            "eps_latest_yearly": 0.52,
            "eps_growth_yearly": 553.99
        },
        "20111": {
            "year_quarter": 20111,
            "year": 2011,
            "quarter": 1,
            "eps": 0.52,
            "eps_growth_year": 4,
            "eps_4q": 2.02,
            "eps_4q_growth_year": 96.3,
            "roe": 2.73,
            "roe_4q": 10.28,
            "gross_profit": 118794,
            "gross_margin": 22.89,
            "gross_margin_4q_avg": 22.17,
            "net_income": 41620,
            "net_income_4q": null,
            "revenue": 519056,
            "revenue_4q": null,
            "common_shares": 745074,
            "book_valuer_per_share": 20.17,
            "book_valuer_per_share_4q_avg": 19.73,
            "equity": 1524563,
            "current_ratio": 218.28,
            "debt_ratio": 39.57,
            "inventory_turnover_ratio": 0.68,
            "account_receivable_turnover_ratio": 0.99,
            "reinvestment_rate": 393.82,
            "research_to_sale_ratio": 2.15,
            "price_fair": 65.57,
            "eps_avg_yearly": 1.87,
            "eps_latest_yearly": 2.08,
            "eps_growth_yearly": 634.69
        },
        "20112": {
            "year_quarter": 20112,
            "year": 2011,
            "quarter": 2,
            "eps": 0.09,
            "eps_growth_year": -86.07,
            "eps_4q": 1.42,
            "eps_4q_growth_year": -22.5,
            "roe": 0.5,
            "roe_4q": 7.46,
            "gross_profit": 99631,
            "gross_margin": 17.35,
            "gross_margin_4q_avg": 20.69,
            "net_income": 7328,
            "net_income_4q": null,
            "revenue": 574258,
            "revenue_4q": null,
            "common_shares": 745074,
            "book_valuer_per_share": 18.84,
            "book_valuer_per_share_4q_avg": 19.56,
            "equity": 1425768,
            "current_ratio": 178.61,
            "debt_ratio": 46.28,
            "inventory_turnover_ratio": 0.78,
            "account_receivable_turnover_ratio": 1.03,
            "reinvestment_rate": 415.45,
            "research_to_sale_ratio": 2.14,
            "price_fair": 60.32,
            "eps_avg_yearly": 1.72,
            "eps_latest_yearly": 0.36,
            "eps_growth_yearly": 610.46
        },
        "20113": {
            "year_quarter": 20113,
            "year": 2011,
            "quarter": 3,
            "eps": 0.65,
            "eps_growth_year": -7.36,
            "eps_4q": 1.38,
            "eps_4q_growth_year": -44.39,
            "roe": 3.32,
            "roe_4q": 7.27,
            "gross_profit": 131609,
            "gross_margin": 23.15,
            "gross_margin_4q_avg": 20.49,
            "net_income": 48935,
            "net_income_4q": null,
            "revenue": 568581,
            "revenue_4q": null,
            "common_shares": 759975,
            "book_valuer_per_share": 19.76,
            "book_valuer_per_share_4q_avg": 19.57,
            "equity": 1525789,
            "current_ratio": 196.83,
            "debt_ratio": 42.98,
            "inventory_turnover_ratio": 0.67,
            "account_receivable_turnover_ratio": 1,
            "reinvestment_rate": 417.4,
            "research_to_sale_ratio": 2.04,
            "price_fair": 62.18,
            "eps_avg_yearly": 1.78,
            "eps_latest_yearly": 2.6,
            "eps_growth_yearly": 820.96
        },
        "20114": {
            "year_quarter": 20114,
            "year": 2011,
            "quarter": 4,
            "eps": -0.26,
            "eps_growth_year": -309.68,
            "eps_4q": 0.99,
            "eps_4q_growth_year": -50.06,
            "roe": -1.49,
            "roe_4q": 5.0600000000000005,
            "gross_profit": 61988,
            "gross_margin": 14.55,
            "gross_margin_4q_avg": 19.49,
            "net_income": -22561,
            "net_income_4q": null,
            "revenue": 425975,
            "revenue_4q": null,
            "common_shares": 759975,
            "book_valuer_per_share": 19.48,
            "book_valuer_per_share_4q_avg": 19.56,
            "equity": 1501972,
            "current_ratio": 159.86,
            "debt_ratio": 42.94,
            "inventory_turnover_ratio": 0.56,
            "account_receivable_turnover_ratio": 0.83,
            "reinvestment_rate": 225.96,
            "research_to_sale_ratio": 2.13,
            "price_fair": 62.18,
            "eps_avg_yearly": 1.78,
            "eps_latest_yearly": 2.6,
            "eps_growth_yearly": 820.96
        },
        "20121": {
            "year_quarter": 20121,
            "year": 2012,
            "quarter": 1,
            "eps": -0.19,
            "eps_growth_year": -136.54,
            "eps_4q": 0.29,
            "eps_4q_growth_year": -85.89,
            "roe": -1.01,
            "roe_4q": 1.3199999999999998,
            "gross_profit": 67612,
            "gross_margin": 16.73,
            "gross_margin_4q_avg": 17.95,
            "net_income": -14929,
            "net_income_4q": null,
            "revenue": 404251,
            "revenue_4q": null,
            "common_shares": 759975,
            "book_valuer_per_share": 19.05,
            "book_valuer_per_share_4q_avg": 19.28,
            "equity": 1456352,
            "current_ratio": 169.18,
            "debt_ratio": 40.93,
            "inventory_turnover_ratio": 0.57,
            "account_receivable_turnover_ratio": 0.92,
            "reinvestment_rate": 202.93,
            "research_to_sale_ratio": 2.25,
            "price_fair": 62.18,
            "eps_avg_yearly": 1.78,
            "eps_latest_yearly": 2.6,
            "eps_growth_yearly": 820.96
        },
        "20122": {
            "year_quarter": 20122,
            "year": 2012,
            "quarter": 2,
            "eps": -0,
            "eps_growth_year": -104.16,
            "eps_4q": 0.18,
            "eps_4q_growth_year": -87.04,
            "roe": -0.04,
            "roe_4q": 0.7799999999999998,
            "gross_profit": 79070,
            "gross_margin": 17.34,
            "gross_margin_4q_avg": 17.94,
            "net_income": -631,
            "net_income_4q": null,
            "revenue": 456127,
            "revenue_4q": null,
            "common_shares": 759975,
            "book_valuer_per_share": 18.44,
            "book_valuer_per_share_4q_avg": 19.18,
            "equity": 1409975,
            "current_ratio": 162.97,
            "debt_ratio": 43.32,
            "inventory_turnover_ratio": 0.69,
            "account_receivable_turnover_ratio": 1.06,
            "reinvestment_rate": 209.24,
            "research_to_sale_ratio": 2.04,
            "price_fair": 61.35,
            "eps_avg_yearly": 1.75,
            "eps_latest_yearly": 2.6,
            "eps_growth_yearly": 854.68
        },
        "20123": {
            "year_quarter": 20123,
            "year": 2012,
            "quarter": 3,
            "eps": 0.13,
            "eps_growth_year": -80.3,
            "eps_4q": -0.32,
            "eps_4q_growth_year": -123.49,
            "roe": 0.69,
            "roe_4q": -1.85,
            "gross_profit": 90420,
            "gross_margin": 19.74,
            "gross_margin_4q_avg": 17.09,
            "net_income": 9732,
            "net_income_4q": null,
            "revenue": 458024,
            "revenue_4q": null,
            "common_shares": 775175,
            "book_valuer_per_share": 18.11,
            "book_valuer_per_share_4q_avg": 18.77,
            "equity": 1412412,
            "current_ratio": 164.79,
            "debt_ratio": 43.65,
            "inventory_turnover_ratio": 0.69,
            "account_receivable_turnover_ratio": 0.97,
            "reinvestment_rate": 200.31,
            "research_to_sale_ratio": 2.08,
            "price_fair": 58.1,
            "eps_avg_yearly": 1.66,
            "eps_latest_yearly": 2.6,
            "eps_growth_yearly": 927.6
        },
        "20124": {
            "year_quarter": 20124,
            "year": 2012,
            "quarter": 4,
            "eps": -0.07,
            "eps_growth_year": null,
            "eps_4q": -0.14,
            "eps_4q_growth_year": -113.86,
            "roe": -0.43,
            "roe_4q": -0.79,
            "gross_profit": 53289,
            "gross_margin": 13.27,
            "gross_margin_4q_avg": 16.77,
            "net_income": -5990,
            "net_income_4q": null,
            "revenue": 401600,
            "revenue_4q": null,
            "common_shares": 775175,
            "book_valuer_per_share": 17.97,
            "book_valuer_per_share_4q_avg": 18.39,
            "equity": 1400706,
            "current_ratio": 187.96,
            "debt_ratio": 37.18,
            "inventory_turnover_ratio": 0.68,
            "account_receivable_turnover_ratio": 0.85,
            "reinvestment_rate": 183.79,
            "research_to_sale_ratio": 2.97,
            "price_fair": 63.47,
            "eps_avg_yearly": 1.81,
            "eps_latest_yearly": 2.6,
            "eps_growth_yearly": 1070.47
        },
        "20131": {
            "year_quarter": 20131,
            "year": 2013,
            "quarter": 1,
            "eps": 0.14,
            "eps_growth_year": null,
            "eps_4q": 0.19,
            "eps_4q_growth_year": -31.94,
            "roe": 0.82,
            "roe_4q": 1.0399999999999998,
            "gross_profit": 58850,
            "gross_margin": 16.5,
            "gross_margin_4q_avg": 16.71,
            "net_income": 11454,
            "net_income_4q": null,
            "revenue": 356653,
            "revenue_4q": null,
            "common_shares": 775344,
            "book_valuer_per_share": 17.9,
            "book_valuer_per_share_4q_avg": 18.11,
            "equity": 1396041,
            "current_ratio": 213.08,
            "debt_ratio": 33.6,
            "inventory_turnover_ratio": 0.62,
            "account_receivable_turnover_ratio": 0.83,
            "reinvestment_rate": -120.93,
            "research_to_sale_ratio": 2.56,
            "price_fair": 68.25,
            "eps_avg_yearly": 1.95,
            "eps_latest_yearly": 2.6,
            "eps_growth_yearly": 1125.7
        },
        "20132": {
            "year_quarter": 20132,
            "year": 2013,
            "quarter": 2,
            "eps": 0.23,
            "eps_growth_year": null,
            "eps_4q": 0.43,
            "eps_4q_growth_year": 132.61,
            "roe": 1.3,
            "roe_4q": 2.38,
            "gross_profit": 73023,
            "gross_margin": 19.42,
            "gross_margin_4q_avg": 17.23,
            "net_income": 18372,
            "net_income_4q": null,
            "revenue": 376092,
            "revenue_4q": null,
            "common_shares": 775344,
            "book_valuer_per_share": 18.3,
            "book_valuer_per_share_4q_avg": 18.07,
            "equity": 1428336,
            "current_ratio": 223.05,
            "debt_ratio": 33.04,
            "inventory_turnover_ratio": 0.67,
            "account_receivable_turnover_ratio": 0.92,
            "reinvestment_rate": -94.07,
            "research_to_sale_ratio": 2.3,
            "price_fair": 64.24,
            "eps_avg_yearly": 1.84,
            "eps_latest_yearly": 0.92,
            "eps_growth_yearly": 1029.2
        },
        "20133": {
            "year_quarter": 20133,
            "year": 2013,
            "quarter": 3,
            "eps": 0.12,
            "eps_growth_year": -5.93,
            "eps_4q": 0.42,
            "eps_4q_growth_year": null,
            "roe": 0.64,
            "roe_4q": 2.3299999999999996,
            "gross_profit": 85272,
            "gross_margin": 20.33,
            "gross_margin_4q_avg": 17.38,
            "net_income": 9157,
            "net_income_4q": null,
            "revenue": 419350,
            "revenue_4q": null,
            "common_shares": 775344,
            "book_valuer_per_share": 18.31,
            "book_valuer_per_share_4q_avg": 18.12,
            "equity": 1429382,
            "current_ratio": 225.68,
            "debt_ratio": 33.46,
            "inventory_turnover_ratio": 0.79,
            "account_receivable_turnover_ratio": 1.03,
            "reinvestment_rate": -88.15,
            "research_to_sale_ratio": 2.21,
            "price_fair": 59.5,
            "eps_avg_yearly": 1.7,
            "eps_latest_yearly": 0.48,
            "eps_growth_yearly": 907.15
        },
        "20134": {
            "year_quarter": 20134,
            "year": 2013,
            "quarter": 4,
            "eps": 0.21,
            "eps_growth_year": null,
            "eps_4q": 0.7,
            "eps_4q_growth_year": null,
            "roe": 1.15,
            "roe_4q": 3.9099999999999997,
            "gross_profit": 69228,
            "gross_margin": 17.77,
            "gross_margin_4q_avg": 18.51,
            "net_income": 16514,
            "net_income_4q": null,
            "revenue": 389547,
            "revenue_4q": null,
            "common_shares": 775344,
            "book_valuer_per_share": 18.63,
            "book_valuer_per_share_4q_avg": 18.29,
            "equity": 1454330,
            "current_ratio": 236.25,
            "debt_ratio": 32.88,
            "inventory_turnover_ratio": 0.8,
            "account_receivable_turnover_ratio": 0.98,
            "reinvestment_rate": -381.91,
            "research_to_sale_ratio": 2.35,
            "price_fair": 53.62,
            "eps_avg_yearly": 1.53,
            "eps_latest_yearly": 0.84,
            "eps_growth_yearly": 347.15
        },
        "20141": {
            "year_quarter": 20141,
            "year": 2014,
            "quarter": 1,
            "eps": 0.34,
            "eps_growth_year": 142.86,
            "eps_4q": 0.9,
            "eps_4q_growth_year": 362.71,
            "roe": 1.78,
            "roe_4q": 4.87,
            "gross_profit": 81666,
            "gross_margin": 21.43,
            "gross_margin_4q_avg": 19.74,
            "net_income": 26220,
            "net_income_4q": null,
            "revenue": 381001,
            "revenue_4q": null,
            "common_shares": 775344,
            "book_valuer_per_share": 19.12,
            "book_valuer_per_share_4q_avg": 18.59,
            "equity": 1492342,
            "current_ratio": 264.3,
            "debt_ratio": 30.1,
            "inventory_turnover_ratio": 0.8,
            "account_receivable_turnover_ratio": 0.98,
            "reinvestment_rate": -395.75,
            "research_to_sale_ratio": 2.53,
            "price_fair": 51.38,
            "eps_avg_yearly": 1.47,
            "eps_latest_yearly": 1.36,
            "eps_growth_yearly": 380.16
        },
        "20142": {
            "year_quarter": 20142,
            "year": 2014,
            "quarter": 2,
            "eps": 0.06,
            "eps_growth_year": -73.91,
            "eps_4q": 0.73,
            "eps_4q_growth_year": 71.42,
            "roe": 0.3,
            "roe_4q": 3.87,
            "gross_profit": 91192,
            "gross_margin": 22.42,
            "gross_margin_4q_avg": 20.49,
            "net_income": 4436,
            "net_income_4q": null,
            "revenue": 406716,
            "revenue_4q": null,
            "common_shares": 775344,
            "book_valuer_per_share": 18.51,
            "book_valuer_per_share_4q_avg": 18.64,
            "equity": 1433936,
            "current_ratio": 236.31,
            "debt_ratio": 33.81,
            "inventory_turnover_ratio": 0.9,
            "account_receivable_turnover_ratio": 1.02,
            "reinvestment_rate": -527.09,
            "research_to_sale_ratio": 2.64,
            "price_fair": 42.7,
            "eps_avg_yearly": 1.22,
            "eps_latest_yearly": 0.24,
            "eps_growth_yearly": 332.82
        },
        "20143": {
            "year_quarter": 20143,
            "year": 2014,
            "quarter": 3,
            "eps": 0.26,
            "eps_growth_year": 116.67,
            "eps_4q": 0.88,
            "eps_4q_growth_year": 110.98,
            "roe": 1.4,
            "roe_4q": 4.63,
            "gross_profit": 80193,
            "gross_margin": 19.44,
            "gross_margin_4q_avg": 20.27,
            "net_income": 20293,
            "net_income_4q": null,
            "revenue": 412573,
            "revenue_4q": null,
            "common_shares": 775344,
            "book_valuer_per_share": 18.96,
            "book_valuer_per_share_4q_avg": 18.81,
            "equity": 1468850,
            "current_ratio": 264.03,
            "debt_ratio": 31.1,
            "inventory_turnover_ratio": 0.93,
            "account_receivable_turnover_ratio": 0.97,
            "reinvestment_rate": -634.58,
            "research_to_sale_ratio": null,
            "price_fair": 36.54,
            "eps_avg_yearly": 1.04,
            "eps_latest_yearly": 1.04,
            "eps_growth_yearly": 464.98
        },
        "20144": {
            "year_quarter": 20144,
            "year": 2014,
            "quarter": 4,
            "eps": 0.24,
            "eps_growth_year": 11.03,
            "eps_4q": 0.9,
            "eps_4q_growth_year": 28.45,
            "roe": 1.2,
            "roe_4q": 4.68,
            "gross_profit": 81303,
            "gross_margin": 19.51,
            "gross_margin_4q_avg": 20.7,
            "net_income": 17908,
            "net_income_4q": null,
            "revenue": 416676,
            "revenue_4q": null,
            "common_shares": 775344,
            "book_valuer_per_share": 19.63,
            "book_valuer_per_share_4q_avg": 19.06,
            "equity": 1520243,
            "current_ratio": 280.31,
            "debt_ratio": 30.38,
            "inventory_turnover_ratio": 0.92,
            "account_receivable_turnover_ratio": 0.98,
            "reinvestment_rate": -614.54,
            "research_to_sale_ratio": null,
            "price_fair": 38.08,
            "eps_avg_yearly": 1.09,
            "eps_latest_yearly": 0.96,
            "eps_growth_yearly": 494.47
        },
        "20151": {
            "year_quarter": 20151,
            "year": 2015,
            "quarter": 1,
            "eps": -0.07,
            "eps_growth_year": -120.59,
            "eps_4q": 0.49,
            "eps_4q_growth_year": -45.54,
            "roe": -0.33,
            "roe_4q": 2.5699999999999994,
            "gross_profit": 85749,
            "gross_margin": 22.28,
            "gross_margin_4q_avg": 20.91,
            "net_income": -5023,
            "net_income_4q": null,
            "revenue": 384823,
            "revenue_4q": null,
            "common_shares": 775344,
            "book_valuer_per_share": 19.41,
            "book_valuer_per_share_4q_avg": 19.13,
            "equity": 1503562,
            "current_ratio": 324.23,
            "debt_ratio": 26.83,
            "inventory_turnover_ratio": 0.84,
            "account_receivable_turnover_ratio": 0.95,
            "reinvestment_rate": -850.99,
            "research_to_sale_ratio": 3.68,
            "price_fair": 34.22,
            "eps_avg_yearly": 0.98,
            "eps_latest_yearly": 0.96,
            "eps_growth_yearly": 416.08
        },
        "20152": {
            "year_quarter": 20152,
            "year": 2015,
            "quarter": 2,
            "eps": 0.17,
            "eps_growth_year": 183.33,
            "eps_4q": 0.6,
            "eps_4q_growth_year": -17.52,
            "roe": 0.87,
            "roe_4q": 3.1399999999999997,
            "gross_profit": 83281,
            "gross_margin": 19.76,
            "gross_margin_4q_avg": 20.25,
            "net_income": 12945,
            "net_income_4q": null,
            "revenue": 421430,
            "revenue_4q": null,
            "common_shares": 775344,
            "book_valuer_per_share": 18.83,
            "book_valuer_per_share_4q_avg": 19.21,
            "equity": 1458578,
            "current_ratio": 291.38,
            "debt_ratio": 29.55,
            "inventory_turnover_ratio": 0.95,
            "account_receivable_turnover_ratio": 1.04,
            "reinvestment_rate": -818.5,
            "research_to_sale_ratio": 2.39,
            "price_fair": 36.93,
            "eps_avg_yearly": 1.06,
            "eps_latest_yearly": 0.96,
            "eps_growth_yearly": 509.44
        },
        "20153": {
            "year_quarter": 20153,
            "year": 2015,
            "quarter": 3,
            "eps": 0.54,
            "eps_growth_year": 107.69,
            "eps_4q": 0.88,
            "eps_4q_growth_year": 0.76,
            "roe": 2.83,
            "roe_4q": 4.57,
            "gross_profit": 88144,
            "gross_margin": 20.92,
            "gross_margin_4q_avg": 20.62,
            "net_income": 42260,
            "net_income_4q": null,
            "revenue": 421273,
            "revenue_4q": null,
            "common_shares": 775344,
            "book_valuer_per_share": 19.67,
            "book_valuer_per_share_4q_avg": 19.39,
            "equity": 1523659,
            "current_ratio": 331.1,
            "debt_ratio": 26.78,
            "inventory_turnover_ratio": 0.97,
            "account_receivable_turnover_ratio": 0.97,
            "reinvestment_rate": -925.7,
            "research_to_sale_ratio": null,
            "price_fair": 35,
            "eps_avg_yearly": 1,
            "eps_latest_yearly": 2.16,
            "eps_growth_yearly": 307.15
        },
        "20154": {
            "year_quarter": 20154,
            "year": 2015,
            "quarter": 4,
            "eps": 0.05,
            "eps_growth_year": -80.06,
            "eps_4q": 0.7,
            "eps_4q_growth_year": -22.75,
            "roe": 0.22,
            "roe_4q": 3.5900000000000003,
            "gross_profit": 67668,
            "gross_margin": 17.6,
            "gross_margin_4q_avg": 20.14,
            "net_income": 3306,
            "net_income_4q": null,
            "revenue": 384544,
            "revenue_4q": null,
            "common_shares": 775344,
            "book_valuer_per_share": 19.42,
            "book_valuer_per_share_4q_avg": 19.33,
            "equity": 1503896,
            "current_ratio": 334.84,
            "debt_ratio": 26.89,
            "inventory_turnover_ratio": 1,
            "account_receivable_turnover_ratio": 0.91,
            "reinvestment_rate": -737.29,
            "research_to_sale_ratio": null,
            "price_fair": 31.89,
            "eps_avg_yearly": 0.91,
            "eps_latest_yearly": 0.2,
            "eps_growth_yearly": 232.69
        },
        "20161": {
            "year_quarter": 20161,
            "year": 2016,
            "quarter": 1,
            "eps": 0,
            "eps_growth_year": null,
            "eps_4q": 0.76,
            "eps_4q_growth_year": 55.55,
            "roe": -0.06,
            "roe_4q": 3.8600000000000003,
            "gross_profit": 77822,
            "gross_margin": 21.25,
            "gross_margin_4q_avg": 19.88,
            "net_income": -870,
            "net_income_4q": null,
            "revenue": 366205,
            "revenue_4q": null,
            "common_shares": 775344,
            "book_valuer_per_share": 19.26,
            "book_valuer_per_share_4q_avg": 19.3,
            "equity": 1490675,
            "current_ratio": 338.64,
            "debt_ratio": 24.24,
            "inventory_turnover_ratio": 0.97,
            "account_receivable_turnover_ratio": 0.93,
            "reinvestment_rate": -627.62,
            "research_to_sale_ratio": 3.1,
            "price_fair": 31.89,
            "eps_avg_yearly": 0.91,
            "eps_latest_yearly": 0.2,
            "eps_growth_yearly": 232.69
        },
        "20162": {
            "year_quarter": 20162,
            "year": 2016,
            "quarter": 2,
            "eps": 0.17,
            "eps_growth_year": 0,
            "eps_4q": 0.78,
            "eps_4q_growth_year": 28.51,
            "roe": 0.86,
            "roe_4q": 3.85,
            "gross_profit": 85099,
            "gross_margin": 20.61,
            "gross_margin_4q_avg": 20.1,
            "net_income": 12478,
            "net_income_4q": null,
            "revenue": 412996,
            "revenue_4q": null,
            "common_shares": 775344,
            "book_valuer_per_share": 18.87,
            "book_valuer_per_share_4q_avg": 19.31,
            "equity": 1422581,
            "current_ratio": 309.42,
            "debt_ratio": 26.21,
            "inventory_turnover_ratio": 1.1,
            "account_receivable_turnover_ratio": 1.03,
            "reinvestment_rate": -567.71,
            "research_to_sale_ratio": 2.98,
            "price_fair": 31.89,
            "eps_avg_yearly": 0.91,
            "eps_latest_yearly": 0.2,
            "eps_growth_yearly": 232.69
        },
        "20163": {
            "year_quarter": 20163,
            "year": 2016,
            "quarter": 3,
            "eps": 0.09,
            "eps_growth_year": -83.33,
            "eps_4q": 0.3,
            "eps_4q_growth_year": -65.67,
            "roe": 0.44,
            "roe_4q": 1.46,
            "gross_profit": 82613,
            "gross_margin": 21.53,
            "gross_margin_4q_avg": 20.25,
            "net_income": 6234,
            "net_income_4q": null,
            "revenue": 383742,
            "revenue_4q": null,
            "common_shares": 775344,
            "book_valuer_per_share": 18.53,
            "book_valuer_per_share_4q_avg": 19.02,
            "equity": 1396396,
            "current_ratio": 308.81,
            "debt_ratio": 26.36,
            "inventory_turnover_ratio": 1,
            "account_receivable_turnover_ratio": 0.93,
            "reinvestment_rate": -578.4,
            "research_to_sale_ratio": null,
            "price_fair": 29.96,
            "eps_avg_yearly": 0.86,
            "eps_latest_yearly": 0.36,
            "eps_growth_yearly": 190.6
        },
        "20164": {
            "year_quarter": 20164,
            "year": 2016,
            "quarter": 4,
            "eps": 0.23,
            "eps_growth_year": 393.55,
            "eps_4q": 0.49,
            "eps_4q_growth_year": -29.78,
            "roe": 0.96,
            "roe_4q": 2.1999999999999997,
            "gross_profit": 61074,
            "gross_margin": 15.49,
            "gross_margin_4q_avg": 19.72,
            "net_income": 13431,
            "net_income_4q": null,
            "revenue": 394272,
            "revenue_4q": null,
            "common_shares": 775344,
            "book_valuer_per_share": 18.62,
            "book_valuer_per_share_4q_avg": 18.82,
            "equity": 1399376,
            "current_ratio": 303.67,
            "debt_ratio": 27.19,
            "inventory_turnover_ratio": 1.15,
            "account_receivable_turnover_ratio": 0.97,
            "reinvestment_rate": -520.7,
            "research_to_sale_ratio": null,
            "price_fair": 30.16,
            "eps_avg_yearly": 0.86,
            "eps_latest_yearly": 0.92,
            "eps_growth_yearly": 229.84
        },
        "20171": {
            "year_quarter": 20171,
            "year": 2017,
            "quarter": 1,
            "eps": -0.31,
            "eps_growth_year": null,
            "eps_4q": 0.18,
            "eps_4q_growth_year": -76.93,
            "roe": -1.75,
            "roe_4q": 0.51,
            "gross_profit": 67524,
            "gross_margin": 21.42,
            "gross_margin_4q_avg": 19.76,
            "net_income": -23905,
            "net_income_4q": null,
            "revenue": 315261,
            "revenue_4q": null,
            "common_shares": 775344,
            "book_valuer_per_share": 17.74,
            "book_valuer_per_share_4q_avg": 18.44,
            "equity": 1332864,
            "current_ratio": 307.28,
            "debt_ratio": 25.75,
            "inventory_turnover_ratio": 0.86,
            "account_receivable_turnover_ratio": 0.85,
            "reinvestment_rate": -188.78,
            "research_to_sale_ratio": 3.78,
            "price_fair": 30.16,
            "eps_avg_yearly": 0.86,
            "eps_latest_yearly": 0.92,
            "eps_growth_yearly": 229.84
        },
        "20172": {
            "year_quarter": 20172,
            "year": 2017,
            "quarter": 2,
            "eps": 0.25,
            "eps_growth_year": 47.06,
            "eps_4q": 0.26,
            "eps_4q_growth_year": -66.89,
            "roe": 1.41,
            "roe_4q": 1.0599999999999998,
            "gross_profit": 82120,
            "gross_margin": 21.94,
            "gross_margin_4q_avg": 20.1,
            "net_income": 18675,
            "net_income_4q": null,
            "revenue": 374257,
            "revenue_4q": null,
            "common_shares": 769464,
            "book_valuer_per_share": 17.55,
            "book_valuer_per_share_4q_avg": 18.11,
            "equity": 1314985,
            "current_ratio": 264.75,
            "debt_ratio": 28.8,
            "inventory_turnover_ratio": 0.98,
            "account_receivable_turnover_ratio": 1.05,
            "reinvestment_rate": -139,
            "research_to_sale_ratio": 3.35,
            "price_fair": 29.96,
            "eps_avg_yearly": 0.86,
            "eps_latest_yearly": 0.92,
            "eps_growth_yearly": 227.11
        },
        "20173": {
            "year_quarter": 20173,
            "year": 2017,
            "quarter": 3,
            "eps": 0.13,
            "eps_growth_year": 44.44,
            "eps_4q": 0.29,
            "eps_4q_growth_year": -2.95,
            "roe": 0.71,
            "roe_4q": 1.33,
            "gross_profit": 74971,
            "gross_margin": 18.92,
            "gross_margin_4q_avg": 19.44,
            "net_income": 9384,
            "net_income_4q": null,
            "revenue": 396358,
            "revenue_4q": null,
            "common_shares": 769464,
            "book_valuer_per_share": 17.8,
            "book_valuer_per_share_4q_avg": 17.93,
            "equity": 1334053,
            "current_ratio": 263.94,
            "debt_ratio": 29.02,
            "inventory_turnover_ratio": 1.04,
            "account_receivable_turnover_ratio": 1.02,
            "reinvestment_rate": -105.27,
            "research_to_sale_ratio": null,
            "price_fair": 30.1,
            "eps_avg_yearly": 0.86,
            "eps_latest_yearly": 0.52,
            "eps_growth_yearly": 227.04
        },
        "20174": {
            "year_quarter": 20174,
            "year": 2017,
            "quarter": 4,
            "eps": 0.07,
            "eps_growth_year": -69.87,
            "eps_4q": 0.13,
            "eps_4q_growth_year": -72.97,
            "roe": 0.39,
            "roe_4q": 0.7599999999999998,
            "gross_profit": 91119,
            "gross_margin": 24.12,
            "gross_margin_4q_avg": 21.6,
            "net_income": 5260,
            "net_income_4q": null,
            "revenue": 377774,
            "revenue_4q": null,
            "common_shares": 769464,
            "book_valuer_per_share": 17.83,
            "book_valuer_per_share_4q_avg": 17.73,
            "equity": 1336177,
            "current_ratio": 262.44,
            "debt_ratio": 29.34,
            "inventory_turnover_ratio": 0.86,
            "account_receivable_turnover_ratio": 0.95,
            "reinvestment_rate": -104.7,
            "research_to_sale_ratio": null,
            "price_fair": 28.14,
            "eps_avg_yearly": 0.8,
            "eps_latest_yearly": 0.28,
            "eps_growth_yearly": 178.58
        },
        "20181": {
            "year_quarter": 20181,
            "year": 2018,
            "quarter": 1,
            "eps": -0.51,
            "eps_growth_year": null,
            "eps_4q": -0.06,
            "eps_4q_growth_year": -135.47,
            "roe": -2.89,
            "roe_4q": -0.3800000000000001,
            "gross_profit": 55143,
            "gross_margin": 15.79,
            "gross_margin_4q_avg": 20.19,
            "net_income": -38102,
            "net_income_4q": null,
            "revenue": 349263,
            "revenue_4q": null,
            "common_shares": 769464,
            "book_valuer_per_share": 17.41,
            "book_valuer_per_share_4q_avg": 17.65,
            "equity": 1305019,
            "current_ratio": 257.88,
            "debt_ratio": 28.79,
            "inventory_turnover_ratio": 0.86,
            "account_receivable_turnover_ratio": 0.95,
            "reinvestment_rate": -193.6,
            "research_to_sale_ratio": 3.96,
            "price_fair": 25.98,
            "eps_avg_yearly": 0.74,
            "eps_latest_yearly": 0.28,
            "eps_growth_yearly": 170.91
        },
        "20182": {
            "year_quarter": 20182,
            "year": 2018,
            "quarter": 2,
            "eps": 0.41,
            "eps_growth_year": 64,
            "eps_4q": 0.1,
            "eps_4q_growth_year": -60.75,
            "roe": 2.37,
            "roe_4q": 0.58,
            "gross_profit": 67280,
            "gross_margin": 17.82,
            "gross_margin_4q_avg": 19.16,
            "net_income": 31013,
            "net_income_4q": null,
            "revenue": 377475,
            "revenue_4q": null,
            "common_shares": 769464,
            "book_valuer_per_share": 17.53,
            "book_valuer_per_share_4q_avg": 17.64,
            "equity": 1313874,
            "current_ratio": 229.97,
            "debt_ratio": 34.23,
            "inventory_turnover_ratio": 0.84,
            "account_receivable_turnover_ratio": 1.04,
            "reinvestment_rate": -114.25,
            "research_to_sale_ratio": 3.71,
            "price_fair": 28.18,
            "eps_avg_yearly": 0.81,
            "eps_latest_yearly": 0.28,
            "eps_growth_yearly": 233.45
        },
        "20183": {
            "year_quarter": 20183,
            "year": 2018,
            "quarter": 3,
            "eps": 1.6,
            "eps_growth_year": 1130.77,
            "eps_4q": 1.58,
            "eps_4q_growth_year": 435.82,
            "roe": 8.84,
            "roe_4q": 8.71,
            "gross_profit": 90450,
            "gross_margin": 21.93,
            "gross_margin_4q_avg": 19.92,
            "net_income": 120160,
            "net_income_4q": null,
            "revenue": 412538,
            "revenue_4q": null,
            "common_shares": 769464,
            "book_valuer_per_share": 18.76,
            "book_valuer_per_share_4q_avg": 17.88,
            "equity": 1406059,
            "current_ratio": 272.29,
            "debt_ratio": 31.29,
            "inventory_turnover_ratio": 0.8,
            "account_receivable_turnover_ratio": 1.07,
            "reinvestment_rate": -70.73,
            "research_to_sale_ratio": 3.3,
            "price_fair": 51.63,
            "eps_avg_yearly": 1.48,
            "eps_latest_yearly": 6.4,
            "eps_growth_yearly": 211.9
        },
        "20184": {
            "year_quarter": 20184,
            "year": 2018,
            "quarter": 4,
            "eps": 0.09,
            "eps_growth_year": 35.15,
            "eps_4q": 1.6,
            "eps_4q_growth_year": 1115.29,
            "roe": 0.5,
            "roe_4q": 8.82,
            "gross_profit": 71957,
            "gross_margin": 18.72,
            "gross_margin_4q_avg": 18.57,
            "net_income": 7109,
            "net_income_4q": null,
            "revenue": 384457,
            "revenue_4q": null,
            "common_shares": 769464,
            "book_valuer_per_share": 18.94,
            "book_valuer_per_share_4q_avg": 18.16,
            "equity": 1419529,
            "current_ratio": 272.28,
            "debt_ratio": 31.67,
            "inventory_turnover_ratio": 0.75,
            "account_receivable_turnover_ratio": 1.01,
            "reinvestment_rate": -58.15,
            "research_to_sale_ratio": 3.74,
            "price_fair": 49,
            "eps_avg_yearly": 1.4,
            "eps_latest_yearly": 0.36,
            "eps_growth_yearly": 168.56
        },
        "20191": {
            "year_quarter": 20191,
            "year": 2019,
            "quarter": 1,
            "eps": -0.1,
            "eps_growth_year": null,
            "eps_4q": 1.99,
            "eps_4q_growth_year": null,
            "roe": -0.5,
            "roe_4q": 11.21,
            "gross_profit": 52185,
            "gross_margin": 16.07,
            "gross_margin_4q_avg": 18.64,
            "net_income": -7197,
            "net_income_4q": null,
            "revenue": 324707,
            "revenue_4q": null,
            "common_shares": 769464,
            "book_valuer_per_share": 18.99,
            "book_valuer_per_share_4q_avg": 18.56,
            "equity": 1442121,
            "current_ratio": 286.74,
            "debt_ratio": 30.42,
            "inventory_turnover_ratio": 0.65,
            "account_receivable_turnover_ratio": 0.93,
            "reinvestment_rate": -54.28,
            "research_to_sale_ratio": 3.92,
            "price_fair": 49,
            "eps_avg_yearly": 1.4,
            "eps_latest_yearly": 0.36,
            "eps_growth_yearly": 168.56
        },
        "20192": {
            "year_quarter": 20192,
            "year": 2019,
            "quarter": 2,
            "eps": -0.1,
            "eps_growth_year": -124.39,
            "eps_4q": 1.48,
            "eps_4q_growth_year": 1370.35,
            "roe": -0.53,
            "roe_4q": 8.31,
            "gross_profit": 60043,
            "gross_margin": 16.59,
            "gross_margin_4q_avg": 18.33,
            "net_income": -7535,
            "net_income_4q": null,
            "revenue": 361880,
            "revenue_4q": null,
            "common_shares": 759264,
            "book_valuer_per_share": 18.47,
            "book_valuer_per_share_4q_avg": 18.79,
            "equity": 1402374,
            "current_ratio": 254.28,
            "debt_ratio": 34.14,
            "inventory_turnover_ratio": 0.69,
            "account_receivable_turnover_ratio": 1.04,
            "reinvestment_rate": -33.98,
            "research_to_sale_ratio": 3.39,
            "price_fair": 49,
            "eps_avg_yearly": 1.4,
            "eps_latest_yearly": 0.36,
            "eps_growth_yearly": 168.56
        },
        "20193": {
            "year_quarter": 20193,
            "year": 2019,
            "quarter": 3,
            "eps": 0.29,
            "eps_growth_year": -81.88,
            "eps_4q": 0.19,
            "eps_4q_growth_year": -87.66,
            "roe": 1.53,
            "roe_4q": 1,
            "gross_profit": 98915,
            "gross_margin": 21.29,
            "gross_margin_4q_avg": 18.17,
            "net_income": 20938,
            "net_income_4q": null,
            "revenue": 464528,
            "revenue_4q": null,
            "common_shares": 683338,
            "book_valuer_per_share": 19.42,
            "book_valuer_per_share_4q_avg": 18.96,
            "equity": 1327094,
            "current_ratio": 225.01,
            "debt_ratio": 38.09,
            "inventory_turnover_ratio": 0.83,
            "account_receivable_turnover_ratio": 1.15,
            "reinvestment_rate": -45.16,
            "research_to_sale_ratio": 2.68,
            "price_fair": 45.2,
            "eps_avg_yearly": 1.29,
            "eps_latest_yearly": 0.36,
            "eps_growth_yearly": 68.27
        },
        "20194": {
            "year_quarter": 20194,
            "year": 2019,
            "quarter": 4,
            "eps": -0.39,
            "eps_growth_year": -512.13,
            "eps_4q": -0.3,
            "eps_4q_growth_year": -118.71,
            "roe": -2.05,
            "roe_4q": -1.5499999999999998,
            "gross_profit": 46097,
            "gross_margin": 12.09,
            "gross_margin_4q_avg": 16.51,
            "net_income": -26713,
            "net_income_4q": null,
            "revenue": 381401,
            "revenue_4q": null,
            "common_shares": 683338,
            "book_valuer_per_share": 18.71,
            "book_valuer_per_share_4q_avg": 18.9,
            "equity": 1278426,
            "current_ratio": 251.73,
            "debt_ratio": 35.29,
            "inventory_turnover_ratio": 0.83,
            "account_receivable_turnover_ratio": 0.95,
            "reinvestment_rate": -61.63,
            "research_to_sale_ratio": 3.29,
            "price_fair": 51.57,
            "eps_avg_yearly": 1.47,
            "eps_latest_yearly": 0.36,
            "eps_growth_yearly": 140.14
        },
        "20201": {
            "year_quarter": 20201,
            "year": 2020,
            "quarter": 1,
            "eps": -0.09,
            "eps_growth_year": null,
            "eps_4q": -0.29,
            "eps_4q_growth_year": -114.55,
            "roe": -0.51,
            "roe_4q": -1.5599999999999996,
            "gross_profit": 67410,
            "gross_margin": 21.41,
            "gross_margin_4q_avg": 17.85,
            "net_income": -6470,
            "net_income_4q": null,
            "revenue": 314890,
            "revenue_4q": null,
            "common_shares": 683338,
            "book_valuer_per_share": 18.67,
            "book_valuer_per_share_4q_avg": 18.82,
            "equity": 1275504,
            "current_ratio": 256.53,
            "debt_ratio": 34.75,
            "inventory_turnover_ratio": 0.62,
            "account_receivable_turnover_ratio": 0.9,
            "reinvestment_rate": -49.76,
            "research_to_sale_ratio": 3.91,
            "price_fair": 51.57,
            "eps_avg_yearly": 1.47,
            "eps_latest_yearly": 0.36,
            "eps_growth_yearly": 140.14
        },
        "20202": {
            "year_quarter": 20202,
            "year": 2020,
            "quarter": 2,
            "eps": 0.1,
            "eps_growth_year": null,
            "eps_4q": -0.07,
            "eps_4q_growth_year": -104.79,
            "roe": 0.58,
            "roe_4q": -0.44999999999999996,
            "gross_profit": 86509,
            "gross_margin": 20.68,
            "gross_margin_4q_avg": 18.87,
            "net_income": 7398,
            "net_income_4q": null,
            "revenue": 418348,
            "revenue_4q": null,
            "common_shares": 683338,
            "book_valuer_per_share": 18.49,
            "book_valuer_per_share_4q_avg": 18.82,
            "equity": 1263810,
            "current_ratio": 248.56,
            "debt_ratio": 36.87,
            "inventory_turnover_ratio": 0.77,
            "account_receivable_turnover_ratio": 1.14,
            "reinvestment_rate": -53.58,
            "research_to_sale_ratio": 2.81,
            "price_fair": 51.57,
            "eps_avg_yearly": 1.47,
            "eps_latest_yearly": 0.36,
            "eps_growth_yearly": 140.14
        },
        "20203": {
            "year_quarter": 20203,
            "year": 2020,
            "quarter": 3,
            "eps": -0.12,
            "eps_growth_year": -141.38,
            "eps_4q": -0.5,
            "eps_4q_growth_year": -358.47,
            "roe": -0.68,
            "roe_4q": -2.66,
            "gross_profit": 77942,
            "gross_margin": 17.34,
            "gross_margin_4q_avg": 17.88,
            "net_income": -8630,
            "net_income_4q": null,
            "revenue": 449519,
            "revenue_4q": null,
            "common_shares": 683338,
            "book_valuer_per_share": 18.56,
            "book_valuer_per_share_4q_avg": 18.61,
            "equity": 1267993,
            "current_ratio": 258.85,
            "debt_ratio": 36.04,
            "inventory_turnover_ratio": 0.86,
            "account_receivable_turnover_ratio": 1.07,
            "reinvestment_rate": -32.67,
            "research_to_sale_ratio": 2.95,
            "price_fair": 59.36,
            "eps_avg_yearly": 1.7,
            "eps_latest_yearly": 0.36,
            "eps_growth_yearly": 205.82
        },
        "20204": {
            "year_quarter": 20204,
            "year": 2020,
            "quarter": 4,
            "eps": 0.18,
            "eps_growth_year": null,
            "eps_4q": 0.06,
            "eps_4q_growth_year": null,
            "roe": 0.95,
            "roe_4q": 0.33999999999999986,
            "gross_profit": 77430,
            "gross_margin": 19.26,
            "gross_margin_4q_avg": 19.67,
            "net_income": 12114,
            "net_income_4q": null,
            "revenue": 402121,
            "revenue_4q": null,
            "common_shares": 683338,
            "book_valuer_per_share": 18.83,
            "book_valuer_per_share_4q_avg": 18.64,
            "equity": 1286807,
            "current_ratio": 264.75,
            "debt_ratio": 34.7,
            "inventory_turnover_ratio": 0.79,
            "account_receivable_turnover_ratio": 0.96,
            "reinvestment_rate": -4.64,
            "research_to_sale_ratio": 2.7,
            "price_fair": 66.15,
            "eps_avg_yearly": 1.89,
            "eps_latest_yearly": 0.36,
            "eps_growth_yearly": 101.72
        },
        "20211": {
            "year_quarter": 20211,
            "year": 2021,
            "quarter": 1,
            "eps": 0.3,
            "eps_growth_year": null,
            "eps_4q": 0.46,
            "eps_4q_growth_year": null,
            "roe": 1.58,
            "roe_4q": 2.43,
            "gross_profit": 97623,
            "gross_margin": 22.33,
            "gross_margin_4q_avg": 19.9,
            "net_income": 20523,
            "net_income_4q": null,
            "revenue": 437125,
            "revenue_4q": null,
            "common_shares": 683338,
            "book_valuer_per_share": 19.15,
            "book_valuer_per_share_4q_avg": 18.76,
            "equity": 1308725,
            "current_ratio": 263.93,
            "debt_ratio": 35.32,
            "inventory_turnover_ratio": 0.83,
            "account_receivable_turnover_ratio": 1.02,
            "reinvestment_rate": -6.94,
            "research_to_sale_ratio": 2.36,
            "price_fair": 61.32,
            "eps_avg_yearly": 1.75,
            "eps_latest_yearly": 1.2,
            "eps_growth_yearly": 134.71
        },
        "20212": {
            "year_quarter": 20212,
            "year": 2021,
            "quarter": 2,
            "eps": 0.71,
            "eps_growth_year": 610,
            "eps_4q": 1.06,
            "eps_4q_growth_year": null,
            "roe": 3.67,
            "roe_4q": 5.5200000000000005,
            "gross_profit": 144101,
            "gross_margin": 26.39,
            "gross_margin_4q_avg": 21.33,
            "net_income": 48727,
            "net_income_4q": null,
            "revenue": 546087,
            "revenue_4q": null,
            "common_shares": 683338,
            "book_valuer_per_share": 19.73,
            "book_valuer_per_share_4q_avg": 19.07,
            "equity": 1348508,
            "current_ratio": 248.23,
            "debt_ratio": 36.94,
            "inventory_turnover_ratio": 0.96,
            "account_receivable_turnover_ratio": 1.13,
            "reinvestment_rate": -46.08,
            "research_to_sale_ratio": 2.12,
            "price_fair": 67.67,
            "eps_avg_yearly": 1.93,
            "eps_latest_yearly": 2.84,
            "eps_growth_yearly": 203.37
        },
        "20213": {
            "year_quarter": 20213,
            "year": 2021,
            "quarter": 3,
            "eps": 1.07,
            "eps_growth_year": null,
            "eps_4q": 2.26,
            "eps_4q_growth_year": null,
            "roe": 5.29,
            "roe_4q": 11.49,
            "gross_profit": 196494,
            "gross_margin": 30.96,
            "gross_margin_4q_avg": 24.74,
            "net_income": 72889,
            "net_income_4q": null,
            "revenue": 634615,
            "revenue_4q": null,
            "common_shares": 683338,
            "book_valuer_per_share": 20.63,
            "book_valuer_per_share_4q_avg": 19.59,
            "equity": 1409531,
            "current_ratio": 241.05,
            "debt_ratio": 38.97,
            "inventory_turnover_ratio": 0.97,
            "account_receivable_turnover_ratio": 1.12,
            "reinvestment_rate": -49.29,
            "research_to_sale_ratio": 2.27,
            "price_fair": 89.6,
            "eps_avg_yearly": 2.56,
            "eps_latest_yearly": 4.28,
            "eps_growth_yearly": 269.17
        },
        "20214": {
            "year_quarter": 20214,
            "year": 2021,
            "quarter": 4,
            "eps": 1.04,
            "eps_growth_year": 486.67,
            "eps_4q": 3.12,
            "eps_4q_growth_year": 4732.49,
            "roe": 4.86,
            "roe_4q": 15.4,
            "gross_profit": 213348,
            "gross_margin": 32.78,
            "gross_margin_4q_avg": 28.12,
            "net_income": 71069,
            "net_income_4q": null,
            "revenue": 650853,
            "revenue_4q": null,
            "common_shares": 683338,
            "book_valuer_per_share": 22.16,
            "book_valuer_per_share_4q_avg": 20.42,
            "equity": 1514248,
            "current_ratio": 259.44,
            "debt_ratio": 37.05,
            "inventory_turnover_ratio": 0.9,
            "account_receivable_turnover_ratio": 1.04,
            "reinvestment_rate": -38.08,
            "research_to_sale_ratio": 2.04,
            "price_fair": 112.23,
            "eps_avg_yearly": 3.21,
            "eps_latest_yearly": 4.16,
            "eps_growth_yearly": 298.07
        },
        "20221": {
            "year_quarter": 20221,
            "year": 2022,
            "quarter": 1,
            "eps": 1.27,
            "eps_growth_year": 323.33,
            "eps_4q": 4.09,
            "eps_4q_growth_year": 790.02,
            "roe": 5.52,
            "roe_4q": 19.339999999999996,
            "gross_profit": 194339,
            "gross_margin": 32.66,
            "gross_margin_4q_avg": 30.7,
            "net_income": 86827,
            "net_income_4q": null,
            "revenue": 595025,
            "revenue_4q": null,
            "common_shares": 683338,
            "book_valuer_per_share": 23.9,
            "book_valuer_per_share_4q_avg": 21.61,
            "equity": 1633249,
            "current_ratio": 298.6,
            "debt_ratio": 32.41,
            "inventory_turnover_ratio": 0.77,
            "account_receivable_turnover_ratio": 0.95,
            "reinvestment_rate": -0.59,
            "research_to_sale_ratio": 2.31,
            "price_fair": 121.6,
            "eps_avg_yearly": 3.47,
            "eps_latest_yearly": 5.08,
            "eps_growth_yearly": 268.12
        },
        "20222": {
            "year_quarter": 20222,
            "year": 2022,
            "quarter": 2,
            "eps": 1.73,
            "eps_growth_year": 143.66,
            "eps_4q": 5.11,
            "eps_4q_growth_year": 380.23,
            "roe": 7.35,
            "roe_4q": 23.02,
            "gross_profit": 230265,
            "gross_margin": 36.28,
            "gross_margin_4q_avg": 33.17,
            "net_income": 118505,
            "net_income_4q": null,
            "revenue": 634745,
            "revenue_4q": null,
            "common_shares": 683338,
            "book_valuer_per_share": 23.32,
            "book_valuer_per_share_4q_avg": 22.5,
            "equity": 1593535,
            "current_ratio": 251.68,
            "debt_ratio": 37.85,
            "inventory_turnover_ratio": 0.7,
            "account_receivable_turnover_ratio": 1.04,
            "reinvestment_rate": -5.82,
            "research_to_sale_ratio": 2.71,
            "price_fair": 136.68,
            "eps_avg_yearly": 3.91,
            "eps_latest_yearly": 6.92,
            "eps_growth_yearly": 252.72
        },
        "20223": {
            "year_quarter": 20223,
            "year": 2022,
            "quarter": 3,
            "eps": 1.72,
            "eps_growth_year": 60.75,
            "eps_4q": 5.76,
            "eps_4q_growth_year": 155.29,
            "roe": 7.07,
            "roe_4q": 24.799999999999997,
            "gross_profit": 221277,
            "gross_margin": 35.89,
            "gross_margin_4q_avg": 34.4,
            "net_income": 117389,
            "net_income_4q": null,
            "revenue": 616466,
            "revenue_4q": null,
            "common_shares": 683338,
            "book_valuer_per_share": 25.27,
            "book_valuer_per_share_4q_avg": 23.66,
            "equity": 1726722,
            "current_ratio": 305.91,
            "debt_ratio": 32.59,
            "inventory_turnover_ratio": 0.65,
            "account_receivable_turnover_ratio": 1,
            "reinvestment_rate": -0.2,
            "research_to_sale_ratio": 2.83,
            "price_fair": 138.78,
            "eps_avg_yearly": 3.97,
            "eps_latest_yearly": 6.88,
            "eps_growth_yearly": 107.31
        },
        "20224": {
            "year_quarter": 20224,
            "year": 2022,
            "quarter": 4,
            "eps": 0.53,
            "eps_growth_year": -49.16,
            "eps_4q": 5.25,
            "eps_4q_growth_year": 68.31,
            "roe": 2.08,
            "roe_4q": 22.02,
            "gross_profit": 167773,
            "gross_margin": 32.07,
            "gross_margin_4q_avg": 34.23,
            "net_income": 36134,
            "net_income_4q": null,
            "revenue": 523183,
            "revenue_4q": null,
            "common_shares": 683338,
            "book_valuer_per_share": 25.52,
            "book_valuer_per_share_4q_avg": 24.5,
            "equity": 1743656,
            "current_ratio": 314.76,
            "debt_ratio": 32.15,
            "inventory_turnover_ratio": 0.58,
            "account_receivable_turnover_ratio": 0.91,
            "reinvestment_rate": -2.73,
            "research_to_sale_ratio": 3.13,
            "price_fair": 146.48,
            "eps_avg_yearly": 4.19,
            "eps_latest_yearly": 2.12,
            "eps_growth_yearly": 119.9
        },
        "20231": {
            "year_quarter": 20231,
            "year": 2023,
            "quarter": 1,
            "eps": 0.85,
            "eps_growth_year": -33.07,
            "eps_4q": 4.83,
            "eps_4q_growth_year": 18.15,
            "roe": 3.28,
            "roe_4q": 19.78,
            "gross_profit": 173302,
            "gross_margin": 33.48,
            "gross_margin_4q_avg": 34.43,
            "net_income": 58220,
            "net_income_4q": null,
            "revenue": 517572,
            "revenue_4q": null,
            "common_shares": 683338,
            "book_valuer_per_share": 26.41,
            "book_valuer_per_share_4q_avg": 25.13,
            "equity": 1804823,
            "current_ratio": 374.9,
            "debt_ratio": 28.2,
            "inventory_turnover_ratio": 0.59,
            "account_receivable_turnover_ratio": 1,
            "reinvestment_rate": 1.4,
            "research_to_sale_ratio": 2.95,
            "price_fair": 143.42,
            "eps_avg_yearly": 4.1,
            "eps_latest_yearly": 3.4,
            "eps_growth_yearly": 133.41
        },
        "20232": {
            "year_quarter": 20232,
            "year": 2023,
            "quarter": 2,
            "eps": 0.27,
            "eps_growth_year": -84.39,
            "eps_4q": 3.37,
            "eps_4q_growth_year": -34.13,
            "roe": 1.09,
            "roe_4q": 13.52,
            "gross_profit": 102374,
            "gross_margin": 25.52,
            "gross_margin_4q_avg": 31.74,
            "net_income": 18322,
            "net_income_4q": null,
            "revenue": 401098,
            "revenue_4q": null,
            "common_shares": 683338,
            "book_valuer_per_share": 22.89,
            "book_valuer_per_share_4q_avg": 25.02,
            "equity": 1564360,
            "current_ratio": 270.63,
            "debt_ratio": 36.06,
            "inventory_turnover_ratio": 0.57,
            "account_receivable_turnover_ratio": 0.88,
            "reinvestment_rate": -5.08,
            "research_to_sale_ratio": 4.5,
            "price_fair": 132.86,
            "eps_avg_yearly": 3.8,
            "eps_latest_yearly": 1.08,
            "eps_growth_yearly": 92.78
        },
        "20233": {
            "year_quarter": 20233,
            "year": 2023,
            "quarter": 3,
            "eps": 0.4,
            "eps_growth_year": -76.74,
            "eps_4q": 2.05,
            "eps_4q_growth_year": -64.48,
            "roe": 1.7,
            "roe_4q": 8.15,
            "gross_profit": 78037,
            "gross_margin": 23.72,
            "gross_margin_4q_avg": 28.7,
            "net_income": 27189,
            "net_income_4q": null,
            "revenue": 329026,
            "revenue_4q": null,
            "common_shares": 683338,
            "book_valuer_per_share": 23.86,
            "book_valuer_per_share_4q_avg": 24.67,
            "equity": 1630126,
            "current_ratio": 407.21,
            "debt_ratio": 26.33,
            "inventory_turnover_ratio": 0.52,
            "account_receivable_turnover_ratio": 0.88,
            "reinvestment_rate": -1.88,
            "research_to_sale_ratio": 3.79,
            "price_fair": 125.87,
            "eps_avg_yearly": 3.6,
            "eps_latest_yearly": 1.6,
            "eps_growth_yearly": 101.85
        }
    },
    "months": {
        "2004-09": {
            "month": "2004-09",
            "price": "19.55",
            "revenue": 89777
        },
        "2004-11": {
            "month": "2004-11",
            "price": "14.50",
            "revenue": 75103
        },
        "2004-12": {
            "month": "2004-12",
            "price": "11.55",
            "revenue": 62859
        },
        "2005-01": {
            "month": "2005-01",
            "price": "12.10",
            "revenue": 93917
        },
        "2005-02": {
            "month": "2005-02",
            "price": "11.60",
            "revenue": 50910
        },
        "2005-03": {
            "month": "2005-03",
            "price": "12.80",
            "revenue": 82989
        },
        "2005-04": {
            "month": "2005-04",
            "price": "11.97",
            "revenue": 91534
        },
        "2005-05": {
            "month": "2005-05",
            "price": "11.12",
            "revenue": 75498
        },
        "2005-06": {
            "month": "2005-06",
            "price": "12.51",
            "revenue": 69237
        },
        "2005-07": {
            "month": "2005-07",
            "price": "12.61",
            "revenue": 78583
        },
        "2005-08": {
            "month": "2005-08",
            "price": "12.32",
            "revenue": 92401
        },
        "2005-09": {
            "month": "2005-09",
            "price": "11.11",
            "revenue": 89829
        },
        "2005-10": {
            "month": "2005-10",
            "price": "10.84",
            "revenue": 89123
        },
        "2005-11": {
            "month": "2005-11",
            "price": "10.43",
            "revenue": 86645
        },
        "2005-12": {
            "month": "2005-12",
            "price": "10.60",
            "revenue": 84907
        },
        "2006-01": {
            "month": "2006-01",
            "price": "11.79",
            "revenue": 98714
        },
        "2006-02": {
            "month": "2006-02",
            "price": "12.30",
            "revenue": 73693
        },
        "2006-03": {
            "month": "2006-03",
            "price": "13.61",
            "revenue": 119193
        },
        "2006-04": {
            "month": "2006-04",
            "price": "16.70",
            "revenue": 103168
        },
        "2006-05": {
            "month": "2006-05",
            "price": "20.69",
            "revenue": 115405
        },
        "2006-06": {
            "month": "2006-06",
            "price": "20.58",
            "revenue": 111014
        },
        "2006-07": {
            "month": "2006-07",
            "price": "19.79",
            "revenue": 130085
        },
        "2006-08": {
            "month": "2006-08",
            "price": "18.88",
            "revenue": 123983
        },
        "2006-09": {
            "month": "2006-09",
            "price": "19.38",
            "revenue": 143712
        },
        "2006-10": {
            "month": "2006-10",
            "price": "19.73",
            "revenue": 125702
        },
        "2006-11": {
            "month": "2006-11",
            "price": "20.12",
            "revenue": 124182
        },
        "2006-12": {
            "month": "2006-12",
            "price": "21.43",
            "revenue": 109879
        },
        "2007-01": {
            "month": "2007-01",
            "price": "21.80",
            "revenue": 119462
        },
        "2007-02": {
            "month": "2007-02",
            "price": "21.66",
            "revenue": 80795
        },
        "2007-03": {
            "month": "2007-03",
            "price": "23.35",
            "revenue": 122448
        },
        "2007-04": {
            "month": "2007-04",
            "price": "24.85",
            "revenue": 122839
        },
        "2007-05": {
            "month": "2007-05",
            "price": "27.03",
            "revenue": 140229
        },
        "2007-06": {
            "month": "2007-06",
            "price": "35.76",
            "revenue": 139797
        },
        "2007-07": {
            "month": "2007-07",
            "price": "42.75",
            "revenue": 144888
        },
        "2007-08": {
            "month": "2007-08",
            "price": "40.83",
            "revenue": 147747
        },
        "2007-09": {
            "month": "2007-09",
            "price": "33.94",
            "revenue": 173754
        },
        "2007-10": {
            "month": "2007-10",
            "price": "34.18",
            "revenue": 172842
        },
        "2007-11": {
            "month": "2007-11",
            "price": "29.78",
            "revenue": 168017
        },
        "2007-12": {
            "month": "2007-12",
            "price": "26.34",
            "revenue": 133518
        },
        "2008-01": {
            "month": "2008-01",
            "price": "25.11",
            "revenue": 167700
        },
        "2008-02": {
            "month": "2008-02",
            "price": "23.87",
            "revenue": 114183
        },
        "2008-03": {
            "month": "2008-03",
            "price": "27.11",
            "revenue": 156539
        },
        "2008-04": {
            "month": "2008-04",
            "price": "28.92",
            "revenue": 147627
        },
        "2008-05": {
            "month": "2008-05",
            "price": "26.36",
            "revenue": 139609
        },
        "2008-06": {
            "month": "2008-06",
            "price": "22.76",
            "revenue": 131189
        },
        "2008-07": {
            "month": "2008-07",
            "price": "19.12",
            "revenue": 154628
        },
        "2008-08": {
            "month": "2008-08",
            "price": "17.48",
            "revenue": 138087
        },
        "2008-09": {
            "month": "2008-09",
            "price": "14.66",
            "revenue": 177206
        },
        "2008-10": {
            "month": "2008-10",
            "price": "11.52",
            "revenue": 151512
        },
        "2008-11": {
            "month": "2008-11",
            "price": "10.63",
            "revenue": 106232
        },
        "2008-12": {
            "month": "2008-12",
            "price": "9.57",
            "revenue": 101197
        },
        "2009-01": {
            "month": "2009-01",
            "price": "9.08",
            "revenue": 85291
        },
        "2009-02": {
            "month": "2009-02",
            "price": "9.52",
            "revenue": 112819
        },
        "2009-03": {
            "month": "2009-03",
            "price": "11.49",
            "revenue": 140177
        },
        "2009-04": {
            "month": "2009-04",
            "price": "13.68",
            "revenue": 132441
        },
        "2009-05": {
            "month": "2009-05",
            "price": "13.86",
            "revenue": 113154
        },
        "2009-06": {
            "month": "2009-06",
            "price": "13.87",
            "revenue": 103722
        },
        "2009-07": {
            "month": "2009-07",
            "price": "14.08",
            "revenue": 114484
        },
        "2009-08": {
            "month": "2009-08",
            "price": "13.70",
            "revenue": 125927
        },
        "2009-09": {
            "month": "2009-09",
            "price": "14.06",
            "revenue": 154505
        },
        "2009-10": {
            "month": "2009-10",
            "price": "14.86",
            "revenue": 131793
        },
        "2009-11": {
            "month": "2009-11",
            "price": "13.93",
            "revenue": 152446
        },
        "2009-12": {
            "month": "2009-12",
            "price": "15.49",
            "revenue": 144547
        },
        "2010-01": {
            "month": "2010-01",
            "price": "16.76",
            "revenue": 162979
        },
        "2010-02": {
            "month": "2010-02",
            "price": "14.85",
            "revenue": 107459
        },
        "2010-03": {
            "month": "2010-03",
            "price": "17.04",
            "revenue": 144208
        },
        "2010-04": {
            "month": "2010-04",
            "price": "18.30",
            "revenue": 153728
        },
        "2010-05": {
            "month": "2010-05",
            "price": "20.61",
            "revenue": 146377
        },
        "2010-06": {
            "month": "2010-06",
            "price": "24.71",
            "revenue": 168398
        },
        "2010-07": {
            "month": "2010-07",
            "price": "22.74",
            "revenue": 186640
        },
        "2010-08": {
            "month": "2010-08",
            "price": "23.78",
            "revenue": 182659
        },
        "2010-09": {
            "month": "2010-09",
            "price": "24.22",
            "revenue": 189336
        },
        "2010-10": {
            "month": "2010-10",
            "price": "24.18",
            "revenue": 164183
        },
        "2010-11": {
            "month": "2010-11",
            "price": "21.21",
            "revenue": 153315
        },
        "2010-12": {
            "month": "2010-12",
            "price": "22.69",
            "revenue": 142996
        },
        "2011-01": {
            "month": "2011-01",
            "price": "23.36",
            "revenue": 155983
        },
        "2011-02": {
            "month": "2011-02",
            "price": "22.35",
            "revenue": 92512
        },
        "2011-03": {
            "month": "2011-03",
            "price": "22.34",
            "revenue": 147078
        },
        "2011-04": {
            "month": "2011-04",
            "price": "22.47",
            "revenue": 145342
        },
        "2011-05": {
            "month": "2011-05",
            "price": "23.17",
            "revenue": 137108
        },
        "2011-06": {
            "month": "2011-06",
            "price": "22.07",
            "revenue": 150817
        },
        "2011-07": {
            "month": "2011-07",
            "price": "20.72",
            "revenue": 159462
        },
        "2011-08": {
            "month": "2011-08",
            "price": "17.42",
            "revenue": 137877
        },
        "2011-09": {
            "month": "2011-09",
            "price": "14.18",
            "revenue": 154906
        },
        "2011-10": {
            "month": "2011-10",
            "price": "13.70",
            "revenue": 121315
        },
        "2011-11": {
            "month": "2011-11",
            "price": "13.92",
            "revenue": 116363
        },
        "2011-12": {
            "month": "2011-12",
            "price": "12.81",
            "revenue": 94235
        },
        "2012-01": {
            "month": "2012-01",
            "price": "12.99",
            "revenue": 98330
        },
        "2012-02": {
            "month": "2012-02",
            "price": "15.24",
            "revenue": 92763
        },
        "2012-03": {
            "month": "2012-03",
            "price": "15.43",
            "revenue": 126719
        },
        "2012-04": {
            "month": "2012-04",
            "price": "13.10",
            "revenue": 107111
        },
        "2012-05": {
            "month": "2012-05",
            "price": "11.92",
            "revenue": 124830
        },
        "2012-06": {
            "month": "2012-06",
            "price": "11.18",
            "revenue": 113700
        },
        "2012-07": {
            "month": "2012-07",
            "price": "11.18",
            "revenue": 126732
        },
        "2012-08": {
            "month": "2012-08",
            "price": "11.02",
            "revenue": 131406
        },
        "2012-09": {
            "month": "2012-09",
            "price": "10.92",
            "revenue": 96477
        },
        "2012-10": {
            "month": "2012-10",
            "price": "10.22",
            "revenue": 103784
        },
        "2012-11": {
            "month": "2012-11",
            "price": "9.21",
            "revenue": 98684
        },
        "2012-12": {
            "month": "2012-12",
            "price": "9.34",
            "revenue": 82193
        },
        "2013-01": {
            "month": "2013-01",
            "price": "9.88",
            "revenue": 126287
        },
        "2013-02": {
            "month": "2013-02",
            "price": "9.86",
            "revenue": 98336
        },
        "2013-03": {
            "month": "2013-03",
            "price": "10.06",
            "revenue": 131020
        },
        "2013-04": {
            "month": "2013-04",
            "price": "10.36",
            "revenue": 145077
        },
        "2013-05": {
            "month": "2013-05",
            "price": "10.90",
            "revenue": 137373
        },
        "2013-06": {
            "month": "2013-06",
            "price": "10.79",
            "revenue": 127216
        },
        "2013-07": {
            "month": "2013-07",
            "price": "10.63",
            "revenue": 146141
        },
        "2013-08": {
            "month": "2013-08",
            "price": "11.24",
            "revenue": 140275
        },
        "2013-09": {
            "month": "2013-09",
            "price": "13.18",
            "revenue": 127279
        },
        "2013-10": {
            "month": "2013-10",
            "price": "13.81",
            "revenue": 135385
        },
        "2013-11": {
            "month": "2013-11",
            "price": "12.61",
            "revenue": 125374
        },
        "2013-12": {
            "month": "2013-12",
            "price": "13.00",
            "revenue": 129392
        },
        "2014-01": {
            "month": "2014-01",
            "price": "14.21",
            "revenue": 129166
        },
        "2014-02": {
            "month": "2014-02",
            "price": "14.02",
            "revenue": 106194
        },
        "2014-03": {
            "month": "2014-03",
            "price": "14.54",
            "revenue": 139005
        },
        "2014-04": {
            "month": "2014-04",
            "price": "14.39",
            "revenue": 141295
        },
        "2014-05": {
            "month": "2014-05",
            "price": "15.07",
            "revenue": 133997
        },
        "2014-06": {
            "month": "2014-06",
            "price": "15.63",
            "revenue": 129062
        },
        "2014-07": {
            "month": "2014-07",
            "price": "15.27",
            "revenue": 141391
        },
        "2014-08": {
            "month": "2014-08",
            "price": "14.25",
            "revenue": 136198
        },
        "2014-09": {
            "month": "2014-09",
            "price": "13.34",
            "revenue": 137156
        },
        "2014-10": {
            "month": "2014-10",
            "price": "13.07",
            "revenue": 139692
        },
        "2014-11": {
            "month": "2014-11",
            "price": "12.90",
            "revenue": 130367
        },
        "2014-12": {
            "month": "2014-12",
            "price": "13.24",
            "revenue": 142514
        },
        "2015-01": {
            "month": "2015-01",
            "price": "13.83",
            "revenue": 140932
        },
        "2015-02": {
            "month": "2015-02",
            "price": "13.96",
            "revenue": 95321
        },
        "2015-03": {
            "month": "2015-03",
            "price": "13.99",
            "revenue": 146541
        },
        "2015-04": {
            "month": "2015-04",
            "price": "13.92",
            "revenue": 156212
        },
        "2015-05": {
            "month": "2015-05",
            "price": "12.98",
            "revenue": 127928
        },
        "2015-06": {
            "month": "2015-06",
            "price": "12.06",
            "revenue": 130070
        },
        "2015-07": {
            "month": "2015-07",
            "price": "11.85",
            "revenue": 148754
        },
        "2015-08": {
            "month": "2015-08",
            "price": "10.21",
            "revenue": 127168
        },
        "2015-09": {
            "month": "2015-09",
            "price": "10.07",
            "revenue": 139983
        },
        "2015-10": {
            "month": "2015-10",
            "price": "10.71",
            "revenue": 117422
        },
        "2015-11": {
            "month": "2015-11",
            "price": "10.93",
            "revenue": 129236
        },
        "2015-12": {
            "month": "2015-12",
            "price": "11.13",
            "revenue": 135915
        },
        "2016-01": {
            "month": "2016-01",
            "price": "10.68",
            "revenue": 139356
        },
        "2016-02": {
            "month": "2016-02",
            "price": "10.91",
            "revenue": 88484
        },
        "2016-03": {
            "month": "2016-03",
            "price": "11.36",
            "revenue": 144499
        },
        "2016-04": {
            "month": "2016-04",
            "price": "11.54",
            "revenue": 130108
        },
        "2016-05": {
            "month": "2016-05",
            "price": "11.22",
            "revenue": 135092
        },
        "2016-06": {
            "month": "2016-06",
            "price": "11.08",
            "revenue": 139669
        },
        "2016-07": {
            "month": "2016-07",
            "price": "11.51",
            "revenue": 130164
        },
        "2016-08": {
            "month": "2016-08",
            "price": "10.95",
            "revenue": 130585
        },
        "2016-09": {
            "month": "2016-09",
            "price": "11.01",
            "revenue": 133460
        },
        "2016-10": {
            "month": "2016-10",
            "price": "11.17",
            "revenue": 120127
        },
        "2016-11": {
            "month": "2016-11",
            "price": "10.34",
            "revenue": 131880
        },
        "2016-12": {
            "month": "2016-12",
            "price": "10.33",
            "revenue": 136116
        },
        "2017-01": {
            "month": "2017-01",
            "price": "10.41",
            "revenue": 100816
        },
        "2017-02": {
            "month": "2017-02",
            "price": "10.88",
            "revenue": 94175
        },
        "2017-03": {
            "month": "2017-03",
            "price": "10.77",
            "revenue": 125364
        },
        "2017-04": {
            "month": "2017-04",
            "price": "10.74",
            "revenue": 111889
        },
        "2017-05": {
            "month": "2017-05",
            "price": "10.64",
            "revenue": 128931
        },
        "2017-06": {
            "month": "2017-06",
            "price": "10.47",
            "revenue": 129528
        },
        "2017-07": {
            "month": "2017-07",
            "price": "10.24",
            "revenue": 130274
        },
        "2017-08": {
            "month": "2017-08",
            "price": "10.17",
            "revenue": 129877
        },
        "2017-09": {
            "month": "2017-09",
            "price": "11.18",
            "revenue": 133481
        },
        "2017-10": {
            "month": "2017-10",
            "price": "11.38",
            "revenue": 119002
        },
        "2017-11": {
            "month": "2017-11",
            "price": "11.31",
            "revenue": 127300
        },
        "2017-12": {
            "month": "2017-12",
            "price": "11.34",
            "revenue": 134063
        },
        "2018-01": {
            "month": "2018-01",
            "price": "11.70",
            "revenue": 143650
        },
        "2018-02": {
            "month": "2018-02",
            "price": "11.30",
            "revenue": 74066
        },
        "2018-03": {
            "month": "2018-03",
            "price": "11.62",
            "revenue": 127680
        },
        "2018-04": {
            "month": "2018-04",
            "price": "11.49",
            "revenue": 117415
        },
        "2018-05": {
            "month": "2018-05",
            "price": "10.50",
            "revenue": 131287
        },
        "2018-06": {
            "month": "2018-06",
            "price": "11.37",
            "revenue": 126729
        },
        "2018-07": {
            "month": "2018-07",
            "price": "11.47",
            "revenue": 143043
        },
        "2018-08": {
            "month": "2018-08",
            "price": "11.97",
            "revenue": 141824
        },
        "2018-09": {
            "month": "2018-09",
            "price": "11.84",
            "revenue": 123744
        },
        "2018-10": {
            "month": "2018-10",
            "price": "11.00",
            "revenue": 127075
        },
        "2018-11": {
            "month": "2018-11",
            "price": "11.78",
            "revenue": 143273
        },
        "2018-12": {
            "month": "2018-12",
            "price": "12.27",
            "revenue": 110026
        },
        "2019-01": {
            "month": "2019-01",
            "price": "12.14",
            "revenue": 136339
        },
        "2019-02": {
            "month": "2019-02",
            "price": "12.47",
            "revenue": 64195
        },
        "2019-03": {
            "month": "2019-03",
            "price": "13.17",
            "revenue": 120389
        },
        "2019-04": {
            "month": "2019-04",
            "price": "12.87",
            "revenue": 120631
        },
        "2019-05": {
            "month": "2019-05",
            "price": "12.24",
            "revenue": 122056
        },
        "2019-06": {
            "month": "2019-06",
            "price": "12.14",
            "revenue": 119306
        },
        "2019-07": {
            "month": "2019-07",
            "price": "12.08",
            "revenue": 153413
        },
        "2019-08": {
            "month": "2019-08",
            "price": "11.94",
            "revenue": 149757
        },
        "2019-09": {
            "month": "2019-09",
            "price": "12.06",
            "revenue": 158043
        },
        "2019-10": {
            "month": "2019-10",
            "price": "12.74",
            "revenue": 144884
        },
        "2019-11": {
            "month": "2019-11",
            "price": "13.56",
            "revenue": 132139
        },
        "2019-12": {
            "month": "2019-12",
            "price": "15.17",
            "revenue": 112415
        },
        "2020-01": {
            "month": "2020-01",
            "price": "13.42",
            "revenue": 95922
        },
        "2020-02": {
            "month": "2020-02",
            "price": "11.72",
            "revenue": 74694
        },
        "2020-03": {
            "month": "2020-03",
            "price": "10.51",
            "revenue": 141698
        },
        "2020-04": {
            "month": "2020-04",
            "price": "10.81",
            "revenue": 147878
        },
        "2020-05": {
            "month": "2020-05",
            "price": "11.70",
            "revenue": 130375
        },
        "2020-06": {
            "month": "2020-06",
            "price": "11.64",
            "revenue": 138341
        },
        "2020-07": {
            "month": "2020-07",
            "price": "11.95",
            "revenue": 143445
        },
        "2020-08": {
            "month": "2020-08",
            "price": "12.39",
            "revenue": 148252
        },
        "2020-09": {
            "month": "2020-09",
            "price": "11.84",
            "revenue": 151359
        },
        "2020-10": {
            "month": "2020-10",
            "price": "11.77",
            "revenue": 116771
        },
        "2020-11": {
            "month": "2020-11",
            "price": "11.48",
            "revenue": 127209
        },
        "2020-12": {
            "month": "2020-12",
            "price": "11.84",
            "revenue": 161904
        },
        "2021-01": {
            "month": "2021-01",
            "price": "11.94",
            "revenue": 144118
        },
        "2021-02": {
            "month": "2021-02",
            "price": "11.83",
            "revenue": 106739
        },
        "2021-03": {
            "month": "2021-03",
            "price": "14.51",
            "revenue": 189146
        },
        "2021-04": {
            "month": "2021-04",
            "price": "20.09",
            "revenue": 187074
        },
        "2021-05": {
            "month": "2021-05",
            "price": "17.18",
            "revenue": 174072
        },
        "2021-06": {
            "month": "2021-06",
            "price": "18.55",
            "revenue": 185931
        },
        "2021-07": {
            "month": "2021-07",
            "price": "23.78",
            "revenue": 208989
        },
        "2021-08": {
            "month": "2021-08",
            "price": "29.30",
            "revenue": 204637
        },
        "2021-09": {
            "month": "2021-09",
            "price": "32.14",
            "revenue": 218620
        },
        "2021-10": {
            "month": "2021-10",
            "price": "30.02",
            "revenue": 219741
        },
        "2021-11": {
            "month": "2021-11",
            "price": "34.86",
            "revenue": 215196
        },
        "2021-12": {
            "month": "2021-12",
            "price": "38.81",
            "revenue": 220547
        },
        "2022-01": {
            "month": "2022-01",
            "price": "38.01",
            "revenue": 210831
        },
        "2022-02": {
            "month": "2022-02",
            "price": "36.32",
            "revenue": 148104
        },
        "2022-03": {
            "month": "2022-03",
            "price": "33.55",
            "revenue": 229541
        },
        "2022-04": {
            "month": "2022-04",
            "price": "34.93",
            "revenue": 213898
        },
        "2022-05": {
            "month": "2022-05",
            "price": "36.75",
            "revenue": 218970
        },
        "2022-06": {
            "month": "2022-06",
            "price": "36.36",
            "revenue": 207817
        },
        "2022-07": {
            "month": "2022-07",
            "price": "32.55",
            "revenue": 207470
        },
        "2022-08": {
            "month": "2022-08",
            "price": "37.69",
            "revenue": 206309
        },
        "2022-09": {
            "month": "2022-09",
            "price": "36.89",
            "revenue": 197447
        },
        "2022-10": {
            "month": "2022-10",
            "price": "30.02",
            "revenue": 186793
        },
        "2022-11": {
            "month": "2022-11",
            "price": "34.23",
            "revenue": 192440
        },
        "2022-12": {
            "month": "2022-12",
            "price": "37.41",
            "revenue": 141380
        },
        "2023-01": {
            "month": "2023-01",
            "price": "36.41",
            "revenue": 164404
        },
        "2023-02": {
            "month": "2023-02",
            "price": "40.34",
            "revenue": 160066
        },
        "2023-03": {
            "month": "2023-03",
            "price": "47.73",
            "revenue": 188662
        },
        "2023-04": {
            "month": "2023-04",
            "price": "46.03",
            "revenue": 148483
        },
        "2023-05": {
            "month": "2023-05",
            "price": "41.51",
            "revenue": 138042
        },
        "2023-06": {
            "month": "2023-06",
            "price": "40.97",
            "revenue": 118359
        },
        "2023-07": {
            "month": "2023-07",
            "price": "39.56",
            "revenue": 91764
        },
        "2023-08": {
            "month": "2023-08",
            "price": "35.36",
            "revenue": 132186
        },
        "2023-09": {
            "month": "2023-09",
            "price": "32.15",
            "revenue": 102024
        },
        "2023-10": {
            "month": "2023-10",
            "price": "30.39",
            "revenue": 100096
        },
        "2023-11": {
            "month": "2023-11",
            "price": "31.45",
            "revenue": 116763
        },
        "2023-12": {
            "month": "2023-12",
            "price": "33.10",
            "revenue": 112394
        }
    }
}
