{
    "summary": {
        "stock_name": "尚茂",
        "stock_id": "8291",
        "category": "電子零組件",
        "main_business": "銅箔電路基板及黏合膠片之製造加工、買賣業務。<br>前項零配組件之製造加工買賣業務。<br>前各項產品之進出口國內外廠商產品之代理經銷。(許可業務除外)",
        "website_url": "http://www.shinemore.com.tw",
        "ceo": "佐佐木Beji",
        "pe_ratio": -4,
        "report_year_from": 2001,
        "report_year_to": 2023,
        "age": 23,
        "eps_negative_percentage": 86,
        "eps_growth_avg": {
            "last_all": -94.03,
            "last_2y": null,
            "last_4y": null,
            "last_8y": null,
            "last_12y": -94.03,
            "last_16y": null,
            "last_20y": null,
            "at_2006_last_3y": null,
            "at_2007_last_3y": null,
            "at_2008_last_3y": null,
            "at_2009_last_3y": null,
            "at_2010_last_3y": null,
            "at_2011_last_3y": null,
            "at_2012_last_3y": null,
            "at_2013_last_3y": null,
            "at_2014_last_3y": -94.03,
            "at_2015_last_3y": -100,
            "at_2016_last_3y": null,
            "at_2017_last_3y": null,
            "at_2018_last_3y": null,
            "at_2019_last_3y": null,
            "at_2020_last_3y": null,
            "at_2021_last_3y": null,
            "at_2022_last_3y": null,
            "at_2023_last_3y": null,
            "at_2024_last_3y": null,
            "at_2006_last_all": null,
            "at_2007_last_all": null,
            "at_2008_last_all": null,
            "at_2009_last_all": null,
            "at_2010_last_all": null,
            "at_2011_last_all": null,
            "at_2012_last_all": -94.03,
            "at_2013_last_all": -94.03,
            "at_2014_last_all": -94.03,
            "at_2015_last_all": -94.03,
            "at_2016_last_all": -94.03,
            "at_2017_last_all": -94.03,
            "at_2018_last_all": -94.03,
            "at_2019_last_all": -94.03,
            "at_2020_last_all": -94.03,
            "at_2021_last_all": -94.03,
            "at_2022_last_all": -94.03,
            "at_2023_last_all": -94.03,
            "at_2024_last_all": -94.03
        },
        "latest_eps": -1.57,
        "latest_price": 6.25,
        "latest_roe": -82.92,
        "latest_gross_margin": -230.46,
        "latest_equity": 53936,
        "latest_revenue": 7281,
        "latest_gross_profit": -16780,
        "latest_net_income": -22776,
        "latest_debt_ratio": 83.89,
        "latest_current_ratio": 48.22,
        "latest_account_receivable_turnover_ratio": 0.83,
        "latest_inventory_turnover_ratio": 0.84,
        "latest_reinvestment_rate": null,
        "latest_research_to_sale_ratio": 1.92
    },
    "eps_dividends": {
        "2001": {
            "cash": 0,
            "stock": 0,
            "eps": 0
        },
        "2002": {
            "cash": 0,
            "stock": 0,
            "eps": 0
        },
        "2003": {
            "cash": 0,
            "stock": 0,
            "eps": 0
        },
        "2004": {
            "cash": 0,
            "stock": 0,
            "eps": 0
        },
        "2005": {
            "cash": 0.35,
            "stock": 0.75,
            "eps": 0
        },
        "2006": {
            "cash": 0.32,
            "stock": 0,
            "eps": 0
        },
        "2007": {
            "cash": 0.28,
            "stock": 0,
            "eps": 0
        },
        "2008": {
            "cash": 0,
            "stock": 0,
            "eps": 0
        },
        "2009": {
            "cash": 0,
            "stock": 0,
            "eps": 0
        },
        "2010": {
            "cash": 0,
            "stock": 0,
            "eps": 0.67
        },
        "2011": {
            "cash": 0.67,
            "stock": 0,
            "eps": 0.08
        },
        "2012": {
            "cash": 0,
            "stock": 0,
            "eps": -1.45
        },
        "2013": {
            "cash": 0,
            "stock": 0,
            "eps": -1.35
        },
        "2014": {
            "cash": 0,
            "stock": 0,
            "eps": -1.12
        },
        "2015": {
            "cash": 0,
            "stock": 0,
            "eps": -1.11
        },
        "2016": {
            "cash": 0,
            "stock": 0,
            "eps": -0.53
        },
        "2017": {
            "cash": 0,
            "stock": 0,
            "eps": -0.16
        },
        "2018": {
            "cash": 0,
            "stock": 0,
            "eps": -0.84
        },
        "2019": {
            "cash": 0,
            "stock": 0,
            "eps": -1
        },
        "2020": {
            "cash": 0,
            "stock": 0,
            "eps": -0.92
        },
        "2021": {
            "cash": 0,
            "stock": 0,
            "eps": -0.67
        },
        "2022": {
            "cash": 0,
            "stock": 0,
            "eps": -1.25
        },
        "2023": {
            "cash": 0,
            "stock": 0,
            "eps": -1.13
        }
    },
    "dividends": {
        "2005-04-08": {
            "cash": 0.35,
            "stock": 0.75
        },
        "2006-04-10": {
            "cash": 0.32,
            "stock": 0
        },
        "2007-04-03": {
            "cash": 0.28,
            "stock": 0
        },
        "2011-03-03": {
            "cash": 0.67,
            "stock": 0
        }
    },
    "prices": {
        "200101": "無",
        "200102": "無",
        "200103": "無",
        "200104": "無",
        "200105": "無",
        "200106": "無",
        "200107": "無",
        "200108": "無",
        "200109": "無",
        "200110": "無",
        "200111": "無",
        "200112": "無",
        "200201": "無",
        "200202": "無",
        "200203": "無",
        "200204": "無",
        "200205": "無",
        "200206": "無",
        "200207": "無",
        "200208": "無",
        "200209": "無",
        "200210": "無",
        "200211": "無",
        "200212": "無",
        "200301": "無",
        "200302": "無",
        "200303": "無",
        "200304": "無",
        "200305": "無",
        "200306": "無",
        "200307": "無",
        "200308": "無",
        "200309": "無",
        "200310": "無",
        "200311": "無",
        "200312": "無",
        "200401": "無",
        "200402": "無",
        "200403": "無",
        "200404": "無",
        "200405": "無",
        "200406": "無",
        "200407": "15.10",
        "200408": "無",
        "200409": "無",
        "200410": "14.25",
        "200411": "15.05",
        "200412": "14.50",
        "200501": "14.26",
        "200502": "14.20",
        "200503": "14.07",
        "200504": "14.00",
        "200505": "13.21",
        "200506": "12.71",
        "200507": "無",
        "200508": "無",
        "200509": "無",
        "200510": "無",
        "200511": "無",
        "200512": "11.47",
        "200601": "11.51",
        "200602": "11.06",
        "200603": "9.54",
        "200604": "9.29",
        "200605": "10.60",
        "200606": "12.73",
        "200607": "11.50",
        "200608": "11.00",
        "200609": "10.73",
        "200610": "10.15",
        "200611": "8.91",
        "200612": "8.54",
        "200701": "8.97",
        "200702": "8.45",
        "200703": "7.77",
        "200704": "7.00",
        "200705": "6.02",
        "200706": "6.40",
        "200707": "7.65",
        "200708": "6.67",
        "200709": "7.18",
        "200710": "7.26",
        "200711": "5.04",
        "200712": "5.98",
        "200801": "6.74",
        "200802": "無",
        "200803": "6.80",
        "200804": "6.04",
        "200805": "4.94",
        "200806": "5.71",
        "200807": "4.79",
        "200808": "4.11",
        "200809": "3.61",
        "200810": "3.30",
        "200811": "3.24",
        "200812": "2.98",
        "200901": "3.00",
        "200902": "無",
        "200903": "2.84",
        "200904": "3.35",
        "200905": "3.60",
        "200906": "3.43",
        "200907": "3.36",
        "200908": "3.35",
        "200909": "4.02",
        "200910": "5.69",
        "200911": "6.11",
        "200912": "5.59",
        "201001": "6.09",
        "201002": "6.20",
        "201003": "6.14",
        "201004": "6.69",
        "201005": "6.44",
        "201006": "7.19",
        "201007": "8.55",
        "201008": "9.26",
        "201009": "9.58",
        "201010": "8.66",
        "201011": "9.36",
        "201012": "9.05",
        "201101": "9.00",
        "201102": "9.13",
        "201103": "10.67",
        "201104": "11.12",
        "201105": "12.06",
        "201106": "12.48",
        "201107": "11.75",
        "201108": "10.75",
        "201109": "10.45",
        "201110": "10.78",
        "201111": "8.44",
        "201112": "7.27",
        "201201": "6.65",
        "201202": "8.07",
        "201203": "7.95",
        "201204": "6.97",
        "201205": "6.14",
        "201206": "5.96",
        "201207": "5.82",
        "201208": "5.51",
        "201209": "5.49",
        "201210": "5.27",
        "201211": "4.57",
        "201212": "4.56",
        "201301": "5.05",
        "201302": "5.06",
        "201303": "4.87",
        "201304": "4.51",
        "201305": "5.05",
        "201306": "5.01",
        "201307": "5.00",
        "201308": "5.13",
        "201309": "6.10",
        "201310": "6.03",
        "201311": "6.15",
        "201312": "5.85",
        "201401": "5.92",
        "201402": "6.17",
        "201403": "6.32",
        "201404": "5.76",
        "201405": "5.56",
        "201406": "6.14",
        "201407": "6.18",
        "201408": "6.25",
        "201409": "6.38",
        "201410": "6.77",
        "201411": "6.79",
        "201412": "6.85",
        "201501": "6.42",
        "201502": "6.61",
        "201503": "6.61",
        "201504": "6.64",
        "201505": "6.58",
        "201506": "6.47",
        "201507": "6.39",
        "201508": "5.99",
        "201509": "5.90",
        "201510": "5.90",
        "201511": "5.22",
        "201512": "4.80",
        "201601": "4.61",
        "201602": "4.82",
        "201603": "4.72",
        "201604": "4.66",
        "201605": "4.71",
        "201606": "4.42",
        "201607": "4.40",
        "201608": "4.32",
        "201609": "4.18",
        "201610": "5.61",
        "201611": "5.55",
        "201612": "5.75",
        "201701": "5.82",
        "201702": "5.71",
        "201703": "5.46",
        "201704": "5.28",
        "201705": "4.98",
        "201706": "4.44",
        "201707": "4.92",
        "201708": "5.11",
        "201709": "5.15",
        "201710": "4.86",
        "201711": "5.45",
        "201712": "6.35",
        "201801": "7.11",
        "201802": "8.91",
        "201803": "8.32",
        "201804": "7.21",
        "201805": "6.69",
        "201806": "6.54",
        "201807": "6.34",
        "201808": "6.03",
        "201809": "5.65",
        "201810": "6.26",
        "201811": "5.50",
        "201812": "4.95",
        "201901": "4.73",
        "201902": "4.73",
        "201903": "4.59",
        "201904": "4.34",
        "201905": "4.05",
        "201906": "4.02",
        "201907": "3.52",
        "201908": "3.36",
        "201909": "3.96",
        "201910": "4.19",
        "201911": "3.73",
        "201912": "3.61",
        "202001": "3.53",
        "202002": "3.44",
        "202003": "2.77",
        "202004": "2.93",
        "202005": "3.24",
        "202006": "3.14",
        "202007": "2.88",
        "202008": "3.18",
        "202009": "3.49",
        "202010": "3.66",
        "202011": "3.24",
        "202012": "3.25",
        "202101": "3.44",
        "202102": "8.05",
        "202103": "7.60",
        "202104": "7.71",
        "202105": "7.49",
        "202106": "7.14",
        "202107": "7.04",
        "202108": "6.89",
        "202109": "7.19",
        "202110": "6.94",
        "202111": "6.93",
        "202112": "7.04",
        "202201": "6.98",
        "202202": "6.81",
        "202203": "6.86",
        "202204": "7.20",
        "202205": "6.72",
        "202206": "6.93",
        "202207": "6.92",
        "202208": "6.55",
        "202209": "6.20",
        "202210": "5.98",
        "202211": "6.02",
        "202212": "5.88",
        "202301": "6.02",
        "202302": "6.35",
        "202303": "5.88",
        "202304": "5.99",
        "202305": "5.96",
        "202306": "5.72",
        "202307": "5.82",
        "202308": "5.66",
        "202309": "6.01",
        "202310": "6.31",
        "202311": "6.15",
        "202312": "6.21"
    },
    "quarters": {
        "20011": {
            "year_quarter": 20011,
            "year": 2001,
            "quarter": 1,
            "eps": null,
            "eps_growth_year": null,
            "eps_4q": null,
            "eps_4q_growth_year": null,
            "roe": null,
            "roe_4q": 0,
            "gross_profit": null,
            "gross_margin": null,
            "gross_margin_4q_avg": 0,
            "net_income": null,
            "net_income_4q": null,
            "revenue": null,
            "revenue_4q": null,
            "common_shares": null,
            "book_valuer_per_share": null,
            "book_valuer_per_share_4q_avg": 0,
            "equity": null,
            "current_ratio": null,
            "debt_ratio": null,
            "inventory_turnover_ratio": null,
            "account_receivable_turnover_ratio": null,
            "reinvestment_rate": null,
            "research_to_sale_ratio": null,
            "price_fair": 0,
            "eps_avg_yearly": 0,
            "eps_latest_yearly": 0,
            "eps_growth_yearly": 0
        },
        "20012": {
            "year_quarter": 20012,
            "year": 2001,
            "quarter": 2,
            "eps": null,
            "eps_growth_year": null,
            "eps_4q": null,
            "eps_4q_growth_year": null,
            "roe": null,
            "roe_4q": 0,
            "gross_profit": null,
            "gross_margin": null,
            "gross_margin_4q_avg": 0,
            "net_income": null,
            "net_income_4q": null,
            "revenue": null,
            "revenue_4q": null,
            "common_shares": null,
            "book_valuer_per_share": null,
            "book_valuer_per_share_4q_avg": 0,
            "equity": null,
            "current_ratio": null,
            "debt_ratio": null,
            "inventory_turnover_ratio": null,
            "account_receivable_turnover_ratio": null,
            "reinvestment_rate": null,
            "research_to_sale_ratio": null,
            "price_fair": 0,
            "eps_avg_yearly": 0,
            "eps_latest_yearly": 0,
            "eps_growth_yearly": 0
        },
        "20013": {
            "year_quarter": 20013,
            "year": 2001,
            "quarter": 3,
            "eps": null,
            "eps_growth_year": null,
            "eps_4q": null,
            "eps_4q_growth_year": null,
            "roe": null,
            "roe_4q": 0,
            "gross_profit": null,
            "gross_margin": null,
            "gross_margin_4q_avg": 0,
            "net_income": null,
            "net_income_4q": null,
            "revenue": null,
            "revenue_4q": null,
            "common_shares": null,
            "book_valuer_per_share": null,
            "book_valuer_per_share_4q_avg": 0,
            "equity": null,
            "current_ratio": null,
            "debt_ratio": null,
            "inventory_turnover_ratio": null,
            "account_receivable_turnover_ratio": null,
            "reinvestment_rate": null,
            "research_to_sale_ratio": null,
            "price_fair": 0,
            "eps_avg_yearly": 0,
            "eps_latest_yearly": 0,
            "eps_growth_yearly": 0
        },
        "20014": {
            "year_quarter": 20014,
            "year": 2001,
            "quarter": 4,
            "eps": null,
            "eps_growth_year": null,
            "eps_4q": null,
            "eps_4q_growth_year": null,
            "roe": null,
            "roe_4q": 0,
            "gross_profit": null,
            "gross_margin": null,
            "gross_margin_4q_avg": 0,
            "net_income": null,
            "net_income_4q": null,
            "revenue": null,
            "revenue_4q": null,
            "common_shares": 624000,
            "book_valuer_per_share": 9.1,
            "book_valuer_per_share_4q_avg": 2.28,
            "equity": 567574,
            "current_ratio": 147.89,
            "debt_ratio": 53.07,
            "inventory_turnover_ratio": null,
            "account_receivable_turnover_ratio": null,
            "reinvestment_rate": null,
            "research_to_sale_ratio": null,
            "price_fair": 0,
            "eps_avg_yearly": 0,
            "eps_latest_yearly": 0,
            "eps_growth_yearly": 0
        },
        "20021": {
            "year_quarter": 20021,
            "year": 2002,
            "quarter": 1,
            "eps": null,
            "eps_growth_year": null,
            "eps_4q": null,
            "eps_4q_growth_year": null,
            "roe": null,
            "roe_4q": 0,
            "gross_profit": null,
            "gross_margin": null,
            "gross_margin_4q_avg": 0,
            "net_income": null,
            "net_income_4q": null,
            "revenue": null,
            "revenue_4q": null,
            "common_shares": null,
            "book_valuer_per_share": null,
            "book_valuer_per_share_4q_avg": 2.28,
            "equity": null,
            "current_ratio": null,
            "debt_ratio": null,
            "inventory_turnover_ratio": null,
            "account_receivable_turnover_ratio": null,
            "reinvestment_rate": null,
            "research_to_sale_ratio": null,
            "price_fair": 0,
            "eps_avg_yearly": 0,
            "eps_latest_yearly": 0,
            "eps_growth_yearly": 0
        },
        "20022": {
            "year_quarter": 20022,
            "year": 2002,
            "quarter": 2,
            "eps": null,
            "eps_growth_year": null,
            "eps_4q": null,
            "eps_4q_growth_year": null,
            "roe": null,
            "roe_4q": 0,
            "gross_profit": null,
            "gross_margin": null,
            "gross_margin_4q_avg": 0,
            "net_income": null,
            "net_income_4q": null,
            "revenue": null,
            "revenue_4q": null,
            "common_shares": null,
            "book_valuer_per_share": null,
            "book_valuer_per_share_4q_avg": 2.28,
            "equity": null,
            "current_ratio": null,
            "debt_ratio": null,
            "inventory_turnover_ratio": null,
            "account_receivable_turnover_ratio": null,
            "reinvestment_rate": null,
            "research_to_sale_ratio": null,
            "price_fair": 0,
            "eps_avg_yearly": 0,
            "eps_latest_yearly": 0,
            "eps_growth_yearly": 0
        },
        "20023": {
            "year_quarter": 20023,
            "year": 2002,
            "quarter": 3,
            "eps": null,
            "eps_growth_year": null,
            "eps_4q": null,
            "eps_4q_growth_year": null,
            "roe": null,
            "roe_4q": 0,
            "gross_profit": null,
            "gross_margin": null,
            "gross_margin_4q_avg": 0,
            "net_income": null,
            "net_income_4q": null,
            "revenue": null,
            "revenue_4q": null,
            "common_shares": null,
            "book_valuer_per_share": null,
            "book_valuer_per_share_4q_avg": 2.28,
            "equity": null,
            "current_ratio": null,
            "debt_ratio": null,
            "inventory_turnover_ratio": null,
            "account_receivable_turnover_ratio": null,
            "reinvestment_rate": null,
            "research_to_sale_ratio": null,
            "price_fair": 0,
            "eps_avg_yearly": 0,
            "eps_latest_yearly": 0,
            "eps_growth_yearly": 0
        },
        "20024": {
            "year_quarter": 20024,
            "year": 2002,
            "quarter": 4,
            "eps": null,
            "eps_growth_year": null,
            "eps_4q": null,
            "eps_4q_growth_year": null,
            "roe": null,
            "roe_4q": 0,
            "gross_profit": null,
            "gross_margin": null,
            "gross_margin_4q_avg": 0,
            "net_income": null,
            "net_income_4q": null,
            "revenue": null,
            "revenue_4q": null,
            "common_shares": 624000,
            "book_valuer_per_share": 9.19,
            "book_valuer_per_share_4q_avg": 2.3,
            "equity": 573389,
            "current_ratio": 133.61,
            "debt_ratio": 56.12,
            "inventory_turnover_ratio": null,
            "account_receivable_turnover_ratio": null,
            "reinvestment_rate": null,
            "research_to_sale_ratio": null,
            "price_fair": 0,
            "eps_avg_yearly": 0,
            "eps_latest_yearly": 0,
            "eps_growth_yearly": 0
        },
        "20031": {
            "year_quarter": 20031,
            "year": 2003,
            "quarter": 1,
            "eps": null,
            "eps_growth_year": null,
            "eps_4q": null,
            "eps_4q_growth_year": null,
            "roe": null,
            "roe_4q": 0,
            "gross_profit": null,
            "gross_margin": null,
            "gross_margin_4q_avg": 0,
            "net_income": null,
            "net_income_4q": null,
            "revenue": null,
            "revenue_4q": null,
            "common_shares": null,
            "book_valuer_per_share": null,
            "book_valuer_per_share_4q_avg": 2.3,
            "equity": null,
            "current_ratio": null,
            "debt_ratio": null,
            "inventory_turnover_ratio": null,
            "account_receivable_turnover_ratio": null,
            "reinvestment_rate": null,
            "research_to_sale_ratio": null,
            "price_fair": 0,
            "eps_avg_yearly": 0,
            "eps_latest_yearly": 0,
            "eps_growth_yearly": 0
        },
        "20032": {
            "year_quarter": 20032,
            "year": 2003,
            "quarter": 2,
            "eps": null,
            "eps_growth_year": null,
            "eps_4q": null,
            "eps_4q_growth_year": null,
            "roe": null,
            "roe_4q": 0,
            "gross_profit": null,
            "gross_margin": null,
            "gross_margin_4q_avg": 0,
            "net_income": null,
            "net_income_4q": null,
            "revenue": null,
            "revenue_4q": null,
            "common_shares": null,
            "book_valuer_per_share": null,
            "book_valuer_per_share_4q_avg": 2.3,
            "equity": null,
            "current_ratio": null,
            "debt_ratio": null,
            "inventory_turnover_ratio": null,
            "account_receivable_turnover_ratio": null,
            "reinvestment_rate": null,
            "research_to_sale_ratio": null,
            "price_fair": 0,
            "eps_avg_yearly": 0,
            "eps_latest_yearly": 0,
            "eps_growth_yearly": 0
        },
        "20033": {
            "year_quarter": 20033,
            "year": 2003,
            "quarter": 3,
            "eps": null,
            "eps_growth_year": null,
            "eps_4q": null,
            "eps_4q_growth_year": null,
            "roe": null,
            "roe_4q": 0,
            "gross_profit": null,
            "gross_margin": null,
            "gross_margin_4q_avg": 0,
            "net_income": null,
            "net_income_4q": null,
            "revenue": null,
            "revenue_4q": null,
            "common_shares": null,
            "book_valuer_per_share": null,
            "book_valuer_per_share_4q_avg": 2.3,
            "equity": null,
            "current_ratio": null,
            "debt_ratio": null,
            "inventory_turnover_ratio": null,
            "account_receivable_turnover_ratio": null,
            "reinvestment_rate": null,
            "research_to_sale_ratio": null,
            "price_fair": 0,
            "eps_avg_yearly": 0,
            "eps_latest_yearly": 0,
            "eps_growth_yearly": 0
        },
        "20034": {
            "year_quarter": 20034,
            "year": 2003,
            "quarter": 4,
            "eps": null,
            "eps_growth_year": null,
            "eps_4q": null,
            "eps_4q_growth_year": null,
            "roe": null,
            "roe_4q": 0,
            "gross_profit": null,
            "gross_margin": null,
            "gross_margin_4q_avg": 0,
            "net_income": null,
            "net_income_4q": null,
            "revenue": null,
            "revenue_4q": null,
            "common_shares": 624000,
            "book_valuer_per_share": 9.65,
            "book_valuer_per_share_4q_avg": 2.41,
            "equity": 602138,
            "current_ratio": 114.99,
            "debt_ratio": 50.92,
            "inventory_turnover_ratio": null,
            "account_receivable_turnover_ratio": null,
            "reinvestment_rate": null,
            "research_to_sale_ratio": null,
            "price_fair": 0,
            "eps_avg_yearly": 0,
            "eps_latest_yearly": 0,
            "eps_growth_yearly": 0
        },
        "20041": {
            "year_quarter": 20041,
            "year": 2004,
            "quarter": 1,
            "eps": null,
            "eps_growth_year": null,
            "eps_4q": null,
            "eps_4q_growth_year": null,
            "roe": null,
            "roe_4q": 0,
            "gross_profit": null,
            "gross_margin": null,
            "gross_margin_4q_avg": 0,
            "net_income": null,
            "net_income_4q": null,
            "revenue": null,
            "revenue_4q": null,
            "common_shares": null,
            "book_valuer_per_share": null,
            "book_valuer_per_share_4q_avg": 2.41,
            "equity": null,
            "current_ratio": null,
            "debt_ratio": null,
            "inventory_turnover_ratio": null,
            "account_receivable_turnover_ratio": null,
            "reinvestment_rate": null,
            "research_to_sale_ratio": null,
            "price_fair": 0,
            "eps_avg_yearly": 0,
            "eps_latest_yearly": 0,
            "eps_growth_yearly": 0
        },
        "20042": {
            "year_quarter": 20042,
            "year": 2004,
            "quarter": 2,
            "eps": null,
            "eps_growth_year": null,
            "eps_4q": null,
            "eps_4q_growth_year": null,
            "roe": null,
            "roe_4q": 0,
            "gross_profit": null,
            "gross_margin": null,
            "gross_margin_4q_avg": 0,
            "net_income": null,
            "net_income_4q": null,
            "revenue": null,
            "revenue_4q": null,
            "common_shares": null,
            "book_valuer_per_share": null,
            "book_valuer_per_share_4q_avg": 2.41,
            "equity": null,
            "current_ratio": null,
            "debt_ratio": null,
            "inventory_turnover_ratio": null,
            "account_receivable_turnover_ratio": null,
            "reinvestment_rate": null,
            "research_to_sale_ratio": null,
            "price_fair": 0,
            "eps_avg_yearly": 0,
            "eps_latest_yearly": 0,
            "eps_growth_yearly": 0
        },
        "20043": {
            "year_quarter": 20043,
            "year": 2004,
            "quarter": 3,
            "eps": null,
            "eps_growth_year": null,
            "eps_4q": null,
            "eps_4q_growth_year": null,
            "roe": null,
            "roe_4q": 0,
            "gross_profit": null,
            "gross_margin": null,
            "gross_margin_4q_avg": 0,
            "net_income": null,
            "net_income_4q": null,
            "revenue": null,
            "revenue_4q": null,
            "common_shares": null,
            "book_valuer_per_share": null,
            "book_valuer_per_share_4q_avg": 2.41,
            "equity": null,
            "current_ratio": null,
            "debt_ratio": null,
            "inventory_turnover_ratio": null,
            "account_receivable_turnover_ratio": null,
            "reinvestment_rate": null,
            "research_to_sale_ratio": null,
            "price_fair": 0,
            "eps_avg_yearly": 0,
            "eps_latest_yearly": 0,
            "eps_growth_yearly": 0
        },
        "20044": {
            "year_quarter": 20044,
            "year": 2004,
            "quarter": 4,
            "eps": null,
            "eps_growth_year": null,
            "eps_4q": null,
            "eps_4q_growth_year": null,
            "roe": null,
            "roe_4q": 0,
            "gross_profit": null,
            "gross_margin": null,
            "gross_margin_4q_avg": 0,
            "net_income": null,
            "net_income_4q": null,
            "revenue": null,
            "revenue_4q": null,
            "common_shares": 624000,
            "book_valuer_per_share": 11.3,
            "book_valuer_per_share_4q_avg": 2.83,
            "equity": 705003,
            "current_ratio": 146.04,
            "debt_ratio": 51.92,
            "inventory_turnover_ratio": null,
            "account_receivable_turnover_ratio": null,
            "reinvestment_rate": null,
            "research_to_sale_ratio": null,
            "price_fair": 0,
            "eps_avg_yearly": 0,
            "eps_latest_yearly": 0,
            "eps_growth_yearly": 0
        },
        "20051": {
            "year_quarter": 20051,
            "year": 2005,
            "quarter": 1,
            "eps": null,
            "eps_growth_year": null,
            "eps_4q": null,
            "eps_4q_growth_year": null,
            "roe": null,
            "roe_4q": 0,
            "gross_profit": null,
            "gross_margin": null,
            "gross_margin_4q_avg": 0,
            "net_income": null,
            "net_income_4q": null,
            "revenue": null,
            "revenue_4q": null,
            "common_shares": null,
            "book_valuer_per_share": null,
            "book_valuer_per_share_4q_avg": 2.83,
            "equity": null,
            "current_ratio": null,
            "debt_ratio": null,
            "inventory_turnover_ratio": null,
            "account_receivable_turnover_ratio": null,
            "reinvestment_rate": null,
            "research_to_sale_ratio": null,
            "price_fair": 0,
            "eps_avg_yearly": 0,
            "eps_latest_yearly": 0,
            "eps_growth_yearly": 0
        },
        "20052": {
            "year_quarter": 20052,
            "year": 2005,
            "quarter": 2,
            "eps": null,
            "eps_growth_year": null,
            "eps_4q": null,
            "eps_4q_growth_year": null,
            "roe": null,
            "roe_4q": 0,
            "gross_profit": null,
            "gross_margin": null,
            "gross_margin_4q_avg": 0,
            "net_income": null,
            "net_income_4q": null,
            "revenue": null,
            "revenue_4q": null,
            "common_shares": null,
            "book_valuer_per_share": null,
            "book_valuer_per_share_4q_avg": 2.83,
            "equity": null,
            "current_ratio": null,
            "debt_ratio": null,
            "inventory_turnover_ratio": null,
            "account_receivable_turnover_ratio": null,
            "reinvestment_rate": null,
            "research_to_sale_ratio": null,
            "price_fair": 0,
            "eps_avg_yearly": 0,
            "eps_latest_yearly": 0,
            "eps_growth_yearly": 0
        },
        "20053": {
            "year_quarter": 20053,
            "year": 2005,
            "quarter": 3,
            "eps": null,
            "eps_growth_year": null,
            "eps_4q": null,
            "eps_4q_growth_year": null,
            "roe": null,
            "roe_4q": 0,
            "gross_profit": null,
            "gross_margin": null,
            "gross_margin_4q_avg": 0,
            "net_income": null,
            "net_income_4q": null,
            "revenue": null,
            "revenue_4q": null,
            "common_shares": null,
            "book_valuer_per_share": null,
            "book_valuer_per_share_4q_avg": 2.83,
            "equity": null,
            "current_ratio": null,
            "debt_ratio": null,
            "inventory_turnover_ratio": null,
            "account_receivable_turnover_ratio": null,
            "reinvestment_rate": null,
            "research_to_sale_ratio": null,
            "price_fair": 0,
            "eps_avg_yearly": 0,
            "eps_latest_yearly": 0,
            "eps_growth_yearly": 0
        },
        "20054": {
            "year_quarter": 20054,
            "year": 2005,
            "quarter": 4,
            "eps": null,
            "eps_growth_year": null,
            "eps_4q": null,
            "eps_4q_growth_year": null,
            "roe": null,
            "roe_4q": 0,
            "gross_profit": null,
            "gross_margin": null,
            "gross_margin_4q_avg": 0,
            "net_income": null,
            "net_income_4q": null,
            "revenue": null,
            "revenue_4q": null,
            "common_shares": 670800,
            "book_valuer_per_share": 10.53,
            "book_valuer_per_share_4q_avg": 2.63,
            "equity": 706176,
            "current_ratio": 142.95,
            "debt_ratio": 58.53,
            "inventory_turnover_ratio": null,
            "account_receivable_turnover_ratio": null,
            "reinvestment_rate": null,
            "research_to_sale_ratio": null,
            "price_fair": 0,
            "eps_avg_yearly": 0,
            "eps_latest_yearly": 0,
            "eps_growth_yearly": 0
        },
        "20061": {
            "year_quarter": 20061,
            "year": 2006,
            "quarter": 1,
            "eps": null,
            "eps_growth_year": null,
            "eps_4q": null,
            "eps_4q_growth_year": null,
            "roe": null,
            "roe_4q": 0,
            "gross_profit": null,
            "gross_margin": null,
            "gross_margin_4q_avg": 0,
            "net_income": null,
            "net_income_4q": null,
            "revenue": null,
            "revenue_4q": null,
            "common_shares": null,
            "book_valuer_per_share": null,
            "book_valuer_per_share_4q_avg": 2.63,
            "equity": null,
            "current_ratio": null,
            "debt_ratio": null,
            "inventory_turnover_ratio": null,
            "account_receivable_turnover_ratio": null,
            "reinvestment_rate": null,
            "research_to_sale_ratio": null,
            "price_fair": 0,
            "eps_avg_yearly": 0,
            "eps_latest_yearly": 0,
            "eps_growth_yearly": 0
        },
        "20062": {
            "year_quarter": 20062,
            "year": 2006,
            "quarter": 2,
            "eps": null,
            "eps_growth_year": null,
            "eps_4q": null,
            "eps_4q_growth_year": null,
            "roe": null,
            "roe_4q": 0,
            "gross_profit": null,
            "gross_margin": null,
            "gross_margin_4q_avg": 0,
            "net_income": null,
            "net_income_4q": null,
            "revenue": null,
            "revenue_4q": null,
            "common_shares": null,
            "book_valuer_per_share": null,
            "book_valuer_per_share_4q_avg": 2.63,
            "equity": null,
            "current_ratio": null,
            "debt_ratio": null,
            "inventory_turnover_ratio": null,
            "account_receivable_turnover_ratio": null,
            "reinvestment_rate": null,
            "research_to_sale_ratio": null,
            "price_fair": 0,
            "eps_avg_yearly": 0,
            "eps_latest_yearly": 0,
            "eps_growth_yearly": 0
        },
        "20063": {
            "year_quarter": 20063,
            "year": 2006,
            "quarter": 3,
            "eps": null,
            "eps_growth_year": null,
            "eps_4q": null,
            "eps_4q_growth_year": null,
            "roe": null,
            "roe_4q": 0,
            "gross_profit": null,
            "gross_margin": null,
            "gross_margin_4q_avg": 0,
            "net_income": null,
            "net_income_4q": null,
            "revenue": null,
            "revenue_4q": null,
            "common_shares": null,
            "book_valuer_per_share": null,
            "book_valuer_per_share_4q_avg": 2.63,
            "equity": null,
            "current_ratio": null,
            "debt_ratio": null,
            "inventory_turnover_ratio": null,
            "account_receivable_turnover_ratio": null,
            "reinvestment_rate": null,
            "research_to_sale_ratio": null,
            "price_fair": 0,
            "eps_avg_yearly": 0,
            "eps_latest_yearly": 0,
            "eps_growth_yearly": 0
        },
        "20064": {
            "year_quarter": 20064,
            "year": 2006,
            "quarter": 4,
            "eps": null,
            "eps_growth_year": null,
            "eps_4q": null,
            "eps_4q_growth_year": null,
            "roe": null,
            "roe_4q": 0,
            "gross_profit": null,
            "gross_margin": null,
            "gross_margin_4q_avg": 0,
            "net_income": null,
            "net_income_4q": null,
            "revenue": null,
            "revenue_4q": null,
            "common_shares": 670800,
            "book_valuer_per_share": 10.52,
            "book_valuer_per_share_4q_avg": 2.63,
            "equity": 705526,
            "current_ratio": 224.89,
            "debt_ratio": 58.47,
            "inventory_turnover_ratio": null,
            "account_receivable_turnover_ratio": null,
            "reinvestment_rate": null,
            "research_to_sale_ratio": null,
            "price_fair": 0,
            "eps_avg_yearly": 0,
            "eps_latest_yearly": 0,
            "eps_growth_yearly": 0
        },
        "20071": {
            "year_quarter": 20071,
            "year": 2007,
            "quarter": 1,
            "eps": null,
            "eps_growth_year": null,
            "eps_4q": null,
            "eps_4q_growth_year": null,
            "roe": null,
            "roe_4q": 0,
            "gross_profit": null,
            "gross_margin": null,
            "gross_margin_4q_avg": 0,
            "net_income": null,
            "net_income_4q": null,
            "revenue": null,
            "revenue_4q": null,
            "common_shares": null,
            "book_valuer_per_share": null,
            "book_valuer_per_share_4q_avg": 2.63,
            "equity": null,
            "current_ratio": null,
            "debt_ratio": null,
            "inventory_turnover_ratio": null,
            "account_receivable_turnover_ratio": null,
            "reinvestment_rate": null,
            "research_to_sale_ratio": null,
            "price_fair": 0,
            "eps_avg_yearly": 0,
            "eps_latest_yearly": 0,
            "eps_growth_yearly": 0
        },
        "20072": {
            "year_quarter": 20072,
            "year": 2007,
            "quarter": 2,
            "eps": null,
            "eps_growth_year": null,
            "eps_4q": null,
            "eps_4q_growth_year": null,
            "roe": null,
            "roe_4q": 0,
            "gross_profit": null,
            "gross_margin": null,
            "gross_margin_4q_avg": 0,
            "net_income": null,
            "net_income_4q": null,
            "revenue": null,
            "revenue_4q": null,
            "common_shares": null,
            "book_valuer_per_share": null,
            "book_valuer_per_share_4q_avg": 2.63,
            "equity": null,
            "current_ratio": null,
            "debt_ratio": null,
            "inventory_turnover_ratio": null,
            "account_receivable_turnover_ratio": null,
            "reinvestment_rate": null,
            "research_to_sale_ratio": null,
            "price_fair": 0,
            "eps_avg_yearly": 0,
            "eps_latest_yearly": 0,
            "eps_growth_yearly": 0
        },
        "20073": {
            "year_quarter": 20073,
            "year": 2007,
            "quarter": 3,
            "eps": null,
            "eps_growth_year": null,
            "eps_4q": null,
            "eps_4q_growth_year": null,
            "roe": null,
            "roe_4q": 0,
            "gross_profit": null,
            "gross_margin": null,
            "gross_margin_4q_avg": 0,
            "net_income": null,
            "net_income_4q": null,
            "revenue": null,
            "revenue_4q": null,
            "common_shares": null,
            "book_valuer_per_share": null,
            "book_valuer_per_share_4q_avg": 2.63,
            "equity": null,
            "current_ratio": null,
            "debt_ratio": null,
            "inventory_turnover_ratio": null,
            "account_receivable_turnover_ratio": null,
            "reinvestment_rate": null,
            "research_to_sale_ratio": null,
            "price_fair": 0,
            "eps_avg_yearly": 0,
            "eps_latest_yearly": 0,
            "eps_growth_yearly": 0
        },
        "20074": {
            "year_quarter": 20074,
            "year": 2007,
            "quarter": 4,
            "eps": null,
            "eps_growth_year": null,
            "eps_4q": null,
            "eps_4q_growth_year": null,
            "roe": null,
            "roe_4q": 0,
            "gross_profit": null,
            "gross_margin": null,
            "gross_margin_4q_avg": 0,
            "net_income": null,
            "net_income_4q": null,
            "revenue": null,
            "revenue_4q": null,
            "common_shares": 670800,
            "book_valuer_per_share": 10.31,
            "book_valuer_per_share_4q_avg": 2.58,
            "equity": 691366,
            "current_ratio": 351.42,
            "debt_ratio": 52.1,
            "inventory_turnover_ratio": null,
            "account_receivable_turnover_ratio": null,
            "reinvestment_rate": null,
            "research_to_sale_ratio": null,
            "price_fair": 0,
            "eps_avg_yearly": 0,
            "eps_latest_yearly": 0,
            "eps_growth_yearly": 0
        },
        "20081": {
            "year_quarter": 20081,
            "year": 2008,
            "quarter": 1,
            "eps": null,
            "eps_growth_year": null,
            "eps_4q": null,
            "eps_4q_growth_year": null,
            "roe": null,
            "roe_4q": 0,
            "gross_profit": null,
            "gross_margin": null,
            "gross_margin_4q_avg": 0,
            "net_income": null,
            "net_income_4q": null,
            "revenue": null,
            "revenue_4q": null,
            "common_shares": null,
            "book_valuer_per_share": null,
            "book_valuer_per_share_4q_avg": 2.58,
            "equity": null,
            "current_ratio": null,
            "debt_ratio": null,
            "inventory_turnover_ratio": null,
            "account_receivable_turnover_ratio": null,
            "reinvestment_rate": null,
            "research_to_sale_ratio": null,
            "price_fair": 0,
            "eps_avg_yearly": 0,
            "eps_latest_yearly": 0,
            "eps_growth_yearly": 0
        },
        "20082": {
            "year_quarter": 20082,
            "year": 2008,
            "quarter": 2,
            "eps": null,
            "eps_growth_year": null,
            "eps_4q": null,
            "eps_4q_growth_year": null,
            "roe": null,
            "roe_4q": 0,
            "gross_profit": null,
            "gross_margin": null,
            "gross_margin_4q_avg": 0,
            "net_income": null,
            "net_income_4q": null,
            "revenue": null,
            "revenue_4q": null,
            "common_shares": null,
            "book_valuer_per_share": null,
            "book_valuer_per_share_4q_avg": 2.58,
            "equity": null,
            "current_ratio": null,
            "debt_ratio": null,
            "inventory_turnover_ratio": null,
            "account_receivable_turnover_ratio": null,
            "reinvestment_rate": null,
            "research_to_sale_ratio": null,
            "price_fair": 0,
            "eps_avg_yearly": 0,
            "eps_latest_yearly": 0,
            "eps_growth_yearly": 0
        },
        "20083": {
            "year_quarter": 20083,
            "year": 2008,
            "quarter": 3,
            "eps": null,
            "eps_growth_year": null,
            "eps_4q": null,
            "eps_4q_growth_year": null,
            "roe": null,
            "roe_4q": 0,
            "gross_profit": null,
            "gross_margin": null,
            "gross_margin_4q_avg": 0,
            "net_income": null,
            "net_income_4q": null,
            "revenue": null,
            "revenue_4q": null,
            "common_shares": null,
            "book_valuer_per_share": null,
            "book_valuer_per_share_4q_avg": 2.58,
            "equity": null,
            "current_ratio": null,
            "debt_ratio": null,
            "inventory_turnover_ratio": null,
            "account_receivable_turnover_ratio": null,
            "reinvestment_rate": null,
            "research_to_sale_ratio": null,
            "price_fair": 0,
            "eps_avg_yearly": 0,
            "eps_latest_yearly": 0,
            "eps_growth_yearly": 0
        },
        "20084": {
            "year_quarter": 20084,
            "year": 2008,
            "quarter": 4,
            "eps": null,
            "eps_growth_year": null,
            "eps_4q": null,
            "eps_4q_growth_year": null,
            "roe": null,
            "roe_4q": 0,
            "gross_profit": null,
            "gross_margin": null,
            "gross_margin_4q_avg": 0,
            "net_income": null,
            "net_income_4q": null,
            "revenue": null,
            "revenue_4q": null,
            "common_shares": 670800,
            "book_valuer_per_share": 10.18,
            "book_valuer_per_share_4q_avg": 2.55,
            "equity": 683088,
            "current_ratio": 217.03,
            "debt_ratio": 42.33,
            "inventory_turnover_ratio": null,
            "account_receivable_turnover_ratio": null,
            "reinvestment_rate": null,
            "research_to_sale_ratio": null,
            "price_fair": 0,
            "eps_avg_yearly": 0,
            "eps_latest_yearly": 0,
            "eps_growth_yearly": 0
        },
        "20091": {
            "year_quarter": 20091,
            "year": 2009,
            "quarter": 1,
            "eps": null,
            "eps_growth_year": null,
            "eps_4q": null,
            "eps_4q_growth_year": null,
            "roe": null,
            "roe_4q": 0,
            "gross_profit": null,
            "gross_margin": null,
            "gross_margin_4q_avg": 0,
            "net_income": null,
            "net_income_4q": null,
            "revenue": null,
            "revenue_4q": null,
            "common_shares": null,
            "book_valuer_per_share": null,
            "book_valuer_per_share_4q_avg": 2.55,
            "equity": null,
            "current_ratio": null,
            "debt_ratio": null,
            "inventory_turnover_ratio": null,
            "account_receivable_turnover_ratio": null,
            "reinvestment_rate": null,
            "research_to_sale_ratio": null,
            "price_fair": 0,
            "eps_avg_yearly": 0,
            "eps_latest_yearly": 0,
            "eps_growth_yearly": 0
        },
        "20092": {
            "year_quarter": 20092,
            "year": 2009,
            "quarter": 2,
            "eps": null,
            "eps_growth_year": null,
            "eps_4q": null,
            "eps_4q_growth_year": null,
            "roe": null,
            "roe_4q": 0,
            "gross_profit": null,
            "gross_margin": null,
            "gross_margin_4q_avg": 0,
            "net_income": null,
            "net_income_4q": null,
            "revenue": null,
            "revenue_4q": null,
            "common_shares": 670800,
            "book_valuer_per_share": null,
            "book_valuer_per_share_4q_avg": 2.55,
            "equity": 676975,
            "current_ratio": null,
            "debt_ratio": null,
            "inventory_turnover_ratio": null,
            "account_receivable_turnover_ratio": null,
            "reinvestment_rate": null,
            "research_to_sale_ratio": null,
            "price_fair": 0,
            "eps_avg_yearly": 0,
            "eps_latest_yearly": 0,
            "eps_growth_yearly": 0
        },
        "20093": {
            "year_quarter": 20093,
            "year": 2009,
            "quarter": 3,
            "eps": null,
            "eps_growth_year": null,
            "eps_4q": null,
            "eps_4q_growth_year": null,
            "roe": null,
            "roe_4q": 0,
            "gross_profit": null,
            "gross_margin": null,
            "gross_margin_4q_avg": 0,
            "net_income": null,
            "net_income_4q": null,
            "revenue": null,
            "revenue_4q": null,
            "common_shares": null,
            "book_valuer_per_share": null,
            "book_valuer_per_share_4q_avg": 2.55,
            "equity": null,
            "current_ratio": null,
            "debt_ratio": null,
            "inventory_turnover_ratio": null,
            "account_receivable_turnover_ratio": null,
            "reinvestment_rate": null,
            "research_to_sale_ratio": null,
            "price_fair": 0,
            "eps_avg_yearly": 0,
            "eps_latest_yearly": 0,
            "eps_growth_yearly": 0
        },
        "20094": {
            "year_quarter": 20094,
            "year": 2009,
            "quarter": 4,
            "eps": null,
            "eps_growth_year": null,
            "eps_4q": null,
            "eps_4q_growth_year": null,
            "roe": null,
            "roe_4q": 0,
            "gross_profit": null,
            "gross_margin": null,
            "gross_margin_4q_avg": 0,
            "net_income": null,
            "net_income_4q": null,
            "revenue": null,
            "revenue_4q": null,
            "common_shares": 670800,
            "book_valuer_per_share": 0,
            "book_valuer_per_share_4q_avg": 0,
            "equity": 668719,
            "current_ratio": 220.37,
            "debt_ratio": 38.49,
            "inventory_turnover_ratio": null,
            "account_receivable_turnover_ratio": null,
            "reinvestment_rate": null,
            "research_to_sale_ratio": null,
            "price_fair": 0,
            "eps_avg_yearly": 0,
            "eps_latest_yearly": 0,
            "eps_growth_yearly": 0
        },
        "20101": {
            "year_quarter": 20101,
            "year": 2010,
            "quarter": 1,
            "eps": null,
            "eps_growth_year": null,
            "eps_4q": null,
            "eps_4q_growth_year": null,
            "roe": null,
            "roe_4q": 0,
            "gross_profit": 47158,
            "gross_margin": null,
            "gross_margin_4q_avg": 0,
            "net_income": 22627,
            "net_income_4q": null,
            "revenue": 337593,
            "revenue_4q": null,
            "common_shares": 670800,
            "book_valuer_per_share": 10.31,
            "book_valuer_per_share_4q_avg": 2.58,
            "equity": 691346,
            "current_ratio": 162.35,
            "debt_ratio": 42.25,
            "inventory_turnover_ratio": null,
            "account_receivable_turnover_ratio": null,
            "reinvestment_rate": null,
            "research_to_sale_ratio": null,
            "price_fair": 0,
            "eps_avg_yearly": 0,
            "eps_latest_yearly": 0,
            "eps_growth_yearly": 0
        },
        "20102": {
            "year_quarter": 20102,
            "year": 2010,
            "quarter": 2,
            "eps": 0.67,
            "eps_growth_year": null,
            "eps_4q": null,
            "eps_4q_growth_year": null,
            "roe": 6.27,
            "roe_4q": 6.27,
            "gross_profit": 74423,
            "gross_margin": 16.24,
            "gross_margin_4q_avg": 4.06,
            "net_income": 44746,
            "net_income_4q": null,
            "revenue": 458256,
            "revenue_4q": null,
            "common_shares": 670800,
            "book_valuer_per_share": 10.96,
            "book_valuer_per_share_4q_avg": 5.32,
            "equity": 735451,
            "current_ratio": 167.48,
            "debt_ratio": 43.45,
            "inventory_turnover_ratio": 2.05,
            "account_receivable_turnover_ratio": 1.65,
            "reinvestment_rate": null,
            "research_to_sale_ratio": null,
            "price_fair": 0,
            "eps_avg_yearly": 0,
            "eps_latest_yearly": 0,
            "eps_growth_yearly": 0
        },
        "20103": {
            "year_quarter": 20103,
            "year": 2010,
            "quarter": 3,
            "eps": null,
            "eps_growth_year": null,
            "eps_4q": null,
            "eps_4q_growth_year": null,
            "roe": null,
            "roe_4q": 6.27,
            "gross_profit": 48104,
            "gross_margin": null,
            "gross_margin_4q_avg": 4.06,
            "net_income": 14902,
            "net_income_4q": null,
            "revenue": 362461,
            "revenue_4q": null,
            "common_shares": 670800,
            "book_valuer_per_share": 11.19,
            "book_valuer_per_share_4q_avg": 8.12,
            "equity": 750353,
            "current_ratio": 165.4,
            "debt_ratio": 45.31,
            "inventory_turnover_ratio": null,
            "account_receivable_turnover_ratio": null,
            "reinvestment_rate": null,
            "research_to_sale_ratio": null,
            "price_fair": 0,
            "eps_avg_yearly": 0,
            "eps_latest_yearly": 0,
            "eps_growth_yearly": 0
        },
        "20104": {
            "year_quarter": 20104,
            "year": 2010,
            "quarter": 4,
            "eps": null,
            "eps_growth_year": null,
            "eps_4q": null,
            "eps_4q_growth_year": null,
            "roe": null,
            "roe_4q": 6.27,
            "gross_profit": 10476,
            "gross_margin": null,
            "gross_margin_4q_avg": 4.06,
            "net_income": -19127,
            "net_income_4q": null,
            "revenue": 276869,
            "revenue_4q": null,
            "common_shares": 670800,
            "book_valuer_per_share": 10.9,
            "book_valuer_per_share_4q_avg": 10.84,
            "equity": 731226,
            "current_ratio": 303.28,
            "debt_ratio": 32.56,
            "inventory_turnover_ratio": null,
            "account_receivable_turnover_ratio": null,
            "reinvestment_rate": null,
            "research_to_sale_ratio": null,
            "price_fair": 0,
            "eps_avg_yearly": 0,
            "eps_latest_yearly": 0,
            "eps_growth_yearly": 0
        },
        "20111": {
            "year_quarter": 20111,
            "year": 2011,
            "quarter": 1,
            "eps": 0.29,
            "eps_growth_year": null,
            "eps_4q": 0.96,
            "eps_4q_growth_year": null,
            "roe": 2.66,
            "roe_4q": 8.93,
            "gross_profit": 57059,
            "gross_margin": 15.06,
            "gross_margin_4q_avg": 7.83,
            "net_income": 19684,
            "net_income_4q": null,
            "revenue": 378806,
            "revenue_4q": null,
            "common_shares": 670800,
            "book_valuer_per_share": 11.19,
            "book_valuer_per_share_4q_avg": 11.06,
            "equity": 750910,
            "current_ratio": 214.61,
            "debt_ratio": 42.59,
            "inventory_turnover_ratio": 1.23,
            "account_receivable_turnover_ratio": 0.89,
            "reinvestment_rate": null,
            "research_to_sale_ratio": 0.82,
            "price_fair": 0,
            "eps_avg_yearly": 0,
            "eps_latest_yearly": 0,
            "eps_growth_yearly": 0
        },
        "20112": {
            "year_quarter": 20112,
            "year": 2011,
            "quarter": 2,
            "eps": 0.07,
            "eps_growth_year": -89.34,
            "eps_4q": 0.36,
            "eps_4q_growth_year": null,
            "roe": 0.65,
            "roe_4q": 3.31,
            "gross_profit": 31715,
            "gross_margin": 10.71,
            "gross_margin_4q_avg": 6.44,
            "net_income": 4771,
            "net_income_4q": null,
            "revenue": 296013,
            "revenue_4q": null,
            "common_shares": 670800,
            "book_valuer_per_share": 10.6,
            "book_valuer_per_share_4q_avg": 10.97,
            "equity": 710737,
            "current_ratio": 227.12,
            "debt_ratio": 40.48,
            "inventory_turnover_ratio": 0.9,
            "account_receivable_turnover_ratio": 0.7,
            "reinvestment_rate": null,
            "research_to_sale_ratio": 1.07,
            "price_fair": 0.84,
            "eps_avg_yearly": 0.28,
            "eps_latest_yearly": 0.28,
            "eps_growth_yearly": -303.45
        },
        "20113": {
            "year_quarter": 20113,
            "year": 2011,
            "quarter": 3,
            "eps": 0.06,
            "eps_growth_year": null,
            "eps_4q": 0.42,
            "eps_4q_growth_year": null,
            "roe": 0.55,
            "roe_4q": 3.8600000000000003,
            "gross_profit": 21314,
            "gross_margin": 9.41,
            "gross_margin_4q_avg": 8.8,
            "net_income": 3924,
            "net_income_4q": null,
            "revenue": 226418,
            "revenue_4q": null,
            "common_shares": 670800,
            "book_valuer_per_share": 10.65,
            "book_valuer_per_share_4q_avg": 10.84,
            "equity": 714661,
            "current_ratio": 285.65,
            "debt_ratio": 34.05,
            "inventory_turnover_ratio": 0.74,
            "account_receivable_turnover_ratio": 0.71,
            "reinvestment_rate": null,
            "research_to_sale_ratio": 1.4,
            "price_fair": 0.78,
            "eps_avg_yearly": 0.26,
            "eps_latest_yearly": 0.24,
            "eps_growth_yearly": -180.3
        },
        "20114": {
            "year_quarter": 20114,
            "year": 2011,
            "quarter": 4,
            "eps": -0.34,
            "eps_growth_year": null,
            "eps_4q": 0.03,
            "eps_4q_growth_year": null,
            "roe": -3.48,
            "roe_4q": 0.38000000000000034,
            "gross_profit": -2394,
            "gross_margin": -1.34,
            "gross_margin_4q_avg": 8.46,
            "net_income": -25940,
            "net_income_4q": null,
            "revenue": 178688,
            "revenue_4q": null,
            "common_shares": 760240,
            "book_valuer_per_share": 10.21,
            "book_valuer_per_share_4q_avg": 10.66,
            "equity": 775852,
            "current_ratio": 406.62,
            "debt_ratio": 26.69,
            "inventory_turnover_ratio": 0.73,
            "account_receivable_turnover_ratio": 0.67,
            "reinvestment_rate": null,
            "research_to_sale_ratio": 1.96,
            "price_fair": 0.78,
            "eps_avg_yearly": 0.26,
            "eps_latest_yearly": 0.24,
            "eps_growth_yearly": -180.3
        },
        "20121": {
            "year_quarter": 20121,
            "year": 2012,
            "quarter": 1,
            "eps": -0.25,
            "eps_growth_year": -186.21,
            "eps_4q": -0.47,
            "eps_4q_growth_year": -149.18,
            "roe": -2.43,
            "roe_4q": -4.71,
            "gross_profit": 8622,
            "gross_margin": 3.76,
            "gross_margin_4q_avg": 5.64,
            "net_income": -18663,
            "net_income_4q": null,
            "revenue": 229013,
            "revenue_4q": null,
            "common_shares": 760240,
            "book_valuer_per_share": 9.96,
            "book_valuer_per_share_4q_avg": 10.36,
            "equity": 757189,
            "current_ratio": 267.09,
            "debt_ratio": 34.91,
            "inventory_turnover_ratio": 0.94,
            "account_receivable_turnover_ratio": 0.9,
            "reinvestment_rate": null,
            "research_to_sale_ratio": 1.05,
            "price_fair": 0.78,
            "eps_avg_yearly": 0.26,
            "eps_latest_yearly": 0.24,
            "eps_growth_yearly": -180.3
        },
        "20122": {
            "year_quarter": 20122,
            "year": 2012,
            "quarter": 2,
            "eps": -0.19,
            "eps_growth_year": -360.6,
            "eps_4q": -0.72,
            "eps_4q_growth_year": -297.61,
            "roe": -1.88,
            "roe_4q": -7.240000000000001,
            "gross_profit": 3231,
            "gross_margin": 1.62,
            "gross_margin_4q_avg": 3.36,
            "net_income": -14091,
            "net_income_4q": null,
            "revenue": 199492,
            "revenue_4q": null,
            "common_shares": 760240,
            "book_valuer_per_share": 9.77,
            "book_valuer_per_share_4q_avg": 10.15,
            "equity": 743098,
            "current_ratio": 275.77,
            "debt_ratio": 32.71,
            "inventory_turnover_ratio": 0.82,
            "account_receivable_turnover_ratio": 0.77,
            "reinvestment_rate": null,
            "research_to_sale_ratio": 0.9,
            "price_fair": 0.78,
            "eps_avg_yearly": 0.26,
            "eps_latest_yearly": 0.24,
            "eps_growth_yearly": -180.3
        },
        "20123": {
            "year_quarter": 20123,
            "year": 2012,
            "quarter": 3,
            "eps": -0.28,
            "eps_growth_year": -584.67,
            "eps_4q": -1.06,
            "eps_4q_growth_year": -349.5,
            "roe": -2.94,
            "roe_4q": -10.73,
            "gross_profit": -2336,
            "gross_margin": -1.49,
            "gross_margin_4q_avg": 0.64,
            "net_income": -21554,
            "net_income_4q": null,
            "revenue": 157164,
            "revenue_4q": null,
            "common_shares": 760240,
            "book_valuer_per_share": 9.49,
            "book_valuer_per_share_4q_avg": 9.86,
            "equity": 721544,
            "current_ratio": 254.73,
            "debt_ratio": 32.75,
            "inventory_turnover_ratio": 0.68,
            "account_receivable_turnover_ratio": 0.71,
            "reinvestment_rate": null,
            "research_to_sale_ratio": 0.84,
            "price_fair": 0.78,
            "eps_avg_yearly": 0.26,
            "eps_latest_yearly": 0.24,
            "eps_growth_yearly": -180.3
        },
        "20124": {
            "year_quarter": 20124,
            "year": 2012,
            "quarter": 4,
            "eps": -0.73,
            "eps_growth_year": null,
            "eps_4q": -1.45,
            "eps_4q_growth_year": -4615.7,
            "roe": -8.05,
            "roe_4q": -15.3,
            "gross_profit": -7221,
            "gross_margin": -5.49,
            "gross_margin_4q_avg": -0.4,
            "net_income": -55830,
            "net_income_4q": null,
            "revenue": 131560,
            "revenue_4q": null,
            "common_shares": 760240,
            "book_valuer_per_share": 8.76,
            "book_valuer_per_share_4q_avg": 9.5,
            "equity": 665714,
            "current_ratio": 285.32,
            "debt_ratio": 33.05,
            "inventory_turnover_ratio": 0.6,
            "account_receivable_turnover_ratio": 0.75,
            "reinvestment_rate": null,
            "research_to_sale_ratio": 1.57,
            "price_fair": 0.78,
            "eps_avg_yearly": 0.26,
            "eps_latest_yearly": 0.24,
            "eps_growth_yearly": -180.3
        },
        "20131": {
            "year_quarter": 20131,
            "year": 2013,
            "quarter": 1,
            "eps": -0.23,
            "eps_growth_year": null,
            "eps_4q": -1.43,
            "eps_4q_growth_year": null,
            "roe": -2.61,
            "roe_4q": -15.48,
            "gross_profit": -2494,
            "gross_margin": -1.43,
            "gross_margin_4q_avg": -1.7,
            "net_income": -17166,
            "net_income_4q": null,
            "revenue": 174225,
            "revenue_4q": null,
            "common_shares": 760240,
            "book_valuer_per_share": 8.52,
            "book_valuer_per_share_4q_avg": 9.14,
            "equity": 647599,
            "current_ratio": 219.68,
            "debt_ratio": 38.65,
            "inventory_turnover_ratio": 0.8,
            "account_receivable_turnover_ratio": 0.98,
            "reinvestment_rate": null,
            "research_to_sale_ratio": 1.11,
            "price_fair": 0.78,
            "eps_avg_yearly": 0.26,
            "eps_latest_yearly": 0.24,
            "eps_growth_yearly": -180.3
        },
        "20132": {
            "year_quarter": 20132,
            "year": 2013,
            "quarter": 2,
            "eps": -0.2,
            "eps_growth_year": null,
            "eps_4q": -1.45,
            "eps_4q_growth_year": null,
            "roe": -2.42,
            "roe_4q": -16.02,
            "gross_profit": -13813,
            "gross_margin": -8.75,
            "gross_margin_4q_avg": -4.29,
            "net_income": -15512,
            "net_income_4q": null,
            "revenue": 157811,
            "revenue_4q": null,
            "common_shares": 760240,
            "book_valuer_per_share": 8.31,
            "book_valuer_per_share_4q_avg": 8.77,
            "equity": 632087,
            "current_ratio": 215.15,
            "debt_ratio": 38.46,
            "inventory_turnover_ratio": 0.8,
            "account_receivable_turnover_ratio": 0.71,
            "reinvestment_rate": null,
            "research_to_sale_ratio": 1.3,
            "price_fair": 0.78,
            "eps_avg_yearly": 0.26,
            "eps_latest_yearly": 0.24,
            "eps_growth_yearly": -180.3
        },
        "20133": {
            "year_quarter": 20133,
            "year": 2013,
            "quarter": 3,
            "eps": -0.31,
            "eps_growth_year": null,
            "eps_4q": -1.47,
            "eps_4q_growth_year": null,
            "roe": -3.8,
            "roe_4q": -16.880000000000003,
            "gross_profit": -5797,
            "gross_margin": -3.84,
            "gross_margin_4q_avg": -4.88,
            "net_income": -23597,
            "net_income_4q": null,
            "revenue": 150795,
            "revenue_4q": null,
            "common_shares": 760240,
            "book_valuer_per_share": 8,
            "book_valuer_per_share_4q_avg": 8.4,
            "equity": 608490,
            "current_ratio": 217.16,
            "debt_ratio": 36.59,
            "inventory_turnover_ratio": 0.8,
            "account_receivable_turnover_ratio": 0.65,
            "reinvestment_rate": null,
            "research_to_sale_ratio": 1.38,
            "price_fair": 0.78,
            "eps_avg_yearly": 0.26,
            "eps_latest_yearly": 0.24,
            "eps_growth_yearly": -180.3
        },
        "20134": {
            "year_quarter": 20134,
            "year": 2013,
            "quarter": 4,
            "eps": -0.61,
            "eps_growth_year": null,
            "eps_4q": -1.35,
            "eps_4q_growth_year": null,
            "roe": -7.85,
            "roe_4q": -16.68,
            "gross_profit": -17472,
            "gross_margin": -10.54,
            "gross_margin_4q_avg": -6.14,
            "net_income": -46000,
            "net_income_4q": null,
            "revenue": 165733,
            "revenue_4q": null,
            "common_shares": 760240,
            "book_valuer_per_share": 7.41,
            "book_valuer_per_share_4q_avg": 8.06,
            "equity": 563187,
            "current_ratio": 184.38,
            "debt_ratio": 42.24,
            "inventory_turnover_ratio": 1.12,
            "account_receivable_turnover_ratio": 0.79,
            "reinvestment_rate": null,
            "research_to_sale_ratio": 1.07,
            "price_fair": 0.78,
            "eps_avg_yearly": 0.26,
            "eps_latest_yearly": 0.24,
            "eps_growth_yearly": -180.3
        },
        "20141": {
            "year_quarter": 20141,
            "year": 2014,
            "quarter": 1,
            "eps": -0.28,
            "eps_growth_year": null,
            "eps_4q": -1.4,
            "eps_4q_growth_year": null,
            "roe": -3.84,
            "roe_4q": -17.909999999999997,
            "gross_profit": -3685,
            "gross_margin": -2.22,
            "gross_margin_4q_avg": -6.34,
            "net_income": -21203,
            "net_income_4q": null,
            "revenue": 166300,
            "revenue_4q": null,
            "common_shares": 760240,
            "book_valuer_per_share": 7.13,
            "book_valuer_per_share_4q_avg": 7.71,
            "equity": 541984,
            "current_ratio": 178.19,
            "debt_ratio": 42.28,
            "inventory_turnover_ratio": 1.28,
            "account_receivable_turnover_ratio": 0.83,
            "reinvestment_rate": null,
            "research_to_sale_ratio": 0.93,
            "price_fair": 0.78,
            "eps_avg_yearly": 0.26,
            "eps_latest_yearly": 0.24,
            "eps_growth_yearly": -180.3
        },
        "20142": {
            "year_quarter": 20142,
            "year": 2014,
            "quarter": 2,
            "eps": -0.26,
            "eps_growth_year": null,
            "eps_4q": -1.46,
            "eps_4q_growth_year": null,
            "roe": -3.77,
            "roe_4q": -19.259999999999998,
            "gross_profit": -3778,
            "gross_margin": -2.69,
            "gross_margin_4q_avg": -4.82,
            "net_income": -20037,
            "net_income_4q": null,
            "revenue": 140439,
            "revenue_4q": null,
            "common_shares": 760240,
            "book_valuer_per_share": 6.87,
            "book_valuer_per_share_4q_avg": 7.35,
            "equity": 521947,
            "current_ratio": 169.83,
            "debt_ratio": 42.95,
            "inventory_turnover_ratio": 1.14,
            "account_receivable_turnover_ratio": 0.77,
            "reinvestment_rate": null,
            "research_to_sale_ratio": 0.94,
            "price_fair": 0.78,
            "eps_avg_yearly": 0.26,
            "eps_latest_yearly": 0.24,
            "eps_growth_yearly": -180.3
        },
        "20143": {
            "year_quarter": 20143,
            "year": 2014,
            "quarter": 3,
            "eps": -0.29,
            "eps_growth_year": null,
            "eps_4q": -1.44,
            "eps_4q_growth_year": null,
            "roe": -4.38,
            "roe_4q": -19.84,
            "gross_profit": -3195,
            "gross_margin": -2.13,
            "gross_margin_4q_avg": -4.4,
            "net_income": -22358,
            "net_income_4q": null,
            "revenue": 149979,
            "revenue_4q": null,
            "common_shares": 760240,
            "book_valuer_per_share": 6.57,
            "book_valuer_per_share_4q_avg": 7,
            "equity": 499589,
            "current_ratio": 160.18,
            "debt_ratio": 44.09,
            "inventory_turnover_ratio": 1.15,
            "account_receivable_turnover_ratio": 0.87,
            "reinvestment_rate": null,
            "research_to_sale_ratio": 1.3,
            "price_fair": 0.78,
            "eps_avg_yearly": 0.26,
            "eps_latest_yearly": 0.24,
            "eps_growth_yearly": -180.3
        },
        "20144": {
            "year_quarter": 20144,
            "year": 2014,
            "quarter": 4,
            "eps": -0.29,
            "eps_growth_year": null,
            "eps_4q": -1.12,
            "eps_4q_growth_year": null,
            "roe": -4.44,
            "roe_4q": -16.43,
            "gross_profit": -6423,
            "gross_margin": -5.02,
            "gross_margin_4q_avg": -3.02,
            "net_income": -21720,
            "net_income_4q": null,
            "revenue": 127990,
            "revenue_4q": null,
            "common_shares": 760240,
            "book_valuer_per_share": 6.31,
            "book_valuer_per_share_4q_avg": 6.72,
            "equity": 479832,
            "current_ratio": 160.56,
            "debt_ratio": 42.11,
            "inventory_turnover_ratio": 1.07,
            "account_receivable_turnover_ratio": 0.79,
            "reinvestment_rate": null,
            "research_to_sale_ratio": 2.52,
            "price_fair": 0.78,
            "eps_avg_yearly": 0.26,
            "eps_latest_yearly": 0.24,
            "eps_growth_yearly": -180.3
        },
        "20151": {
            "year_quarter": 20151,
            "year": 2015,
            "quarter": 1,
            "eps": -0.24,
            "eps_growth_year": null,
            "eps_4q": -1.09,
            "eps_4q_growth_year": null,
            "roe": -3.92,
            "roe_4q": -16.509999999999998,
            "gross_profit": -2146,
            "gross_margin": -1.57,
            "gross_margin_4q_avg": -2.85,
            "net_income": -18428,
            "net_income_4q": null,
            "revenue": 136520,
            "revenue_4q": null,
            "common_shares": 760240,
            "book_valuer_per_share": 6.07,
            "book_valuer_per_share_4q_avg": 6.46,
            "equity": 461404,
            "current_ratio": 143.64,
            "debt_ratio": 46.38,
            "inventory_turnover_ratio": 1.09,
            "account_receivable_turnover_ratio": 0.86,
            "reinvestment_rate": null,
            "research_to_sale_ratio": 1.16,
            "price_fair": 0.78,
            "eps_avg_yearly": 0.26,
            "eps_latest_yearly": 0.24,
            "eps_growth_yearly": -180.3
        },
        "20152": {
            "year_quarter": 20152,
            "year": 2015,
            "quarter": 2,
            "eps": -0.21,
            "eps_growth_year": null,
            "eps_4q": -1.03,
            "eps_4q_growth_year": null,
            "roe": -3.49,
            "roe_4q": -16.23,
            "gross_profit": 1089,
            "gross_margin": 0.78,
            "gross_margin_4q_avg": -1.99,
            "net_income": -15817,
            "net_income_4q": null,
            "revenue": 139609,
            "revenue_4q": null,
            "common_shares": 760240,
            "book_valuer_per_share": 5.86,
            "book_valuer_per_share_4q_avg": 6.2,
            "equity": 445587,
            "current_ratio": 140.1,
            "debt_ratio": 46.18,
            "inventory_turnover_ratio": 0.97,
            "account_receivable_turnover_ratio": 0.86,
            "reinvestment_rate": null,
            "research_to_sale_ratio": 1.42,
            "price_fair": 0.72,
            "eps_avg_yearly": 0.24,
            "eps_latest_yearly": 0.24,
            "eps_growth_yearly": -57.14
        },
        "20153": {
            "year_quarter": 20153,
            "year": 2015,
            "quarter": 3,
            "eps": -0.26,
            "eps_growth_year": null,
            "eps_4q": -1,
            "eps_4q_growth_year": null,
            "roe": -4.53,
            "roe_4q": -16.38,
            "gross_profit": -4512,
            "gross_margin": -3.78,
            "gross_margin_4q_avg": -2.4,
            "net_income": -19754,
            "net_income_4q": null,
            "revenue": 119454,
            "revenue_4q": null,
            "common_shares": 760240,
            "book_valuer_per_share": 5.6,
            "book_valuer_per_share_4q_avg": 5.96,
            "equity": 425833,
            "current_ratio": 138.96,
            "debt_ratio": 43.96,
            "inventory_turnover_ratio": 0.91,
            "account_receivable_turnover_ratio": 0.77,
            "reinvestment_rate": null,
            "research_to_sale_ratio": 1.78,
            "price_fair": 0,
            "eps_avg_yearly": 0,
            "eps_latest_yearly": 0,
            "eps_growth_yearly": 0
        },
        "20154": {
            "year_quarter": 20154,
            "year": 2015,
            "quarter": 4,
            "eps": -0.4,
            "eps_growth_year": null,
            "eps_4q": -1.11,
            "eps_4q_growth_year": null,
            "roe": -7.38,
            "roe_4q": -19.32,
            "gross_profit": 2176,
            "gross_margin": 1.41,
            "gross_margin_4q_avg": -0.79,
            "net_income": -30242,
            "net_income_4q": null,
            "revenue": 154364,
            "revenue_4q": null,
            "common_shares": 760240,
            "book_valuer_per_share": 5.17,
            "book_valuer_per_share_4q_avg": 5.68,
            "equity": 393313,
            "current_ratio": 140.24,
            "debt_ratio": 49.37,
            "inventory_turnover_ratio": 1.27,
            "account_receivable_turnover_ratio": 0.97,
            "reinvestment_rate": null,
            "research_to_sale_ratio": 1.34,
            "price_fair": 0,
            "eps_avg_yearly": 0,
            "eps_latest_yearly": 0,
            "eps_growth_yearly": 0
        },
        "20161": {
            "year_quarter": 20161,
            "year": 2016,
            "quarter": 1,
            "eps": -0.14,
            "eps_growth_year": null,
            "eps_4q": -1.01,
            "eps_4q_growth_year": null,
            "roe": -2.84,
            "roe_4q": -18.240000000000002,
            "gross_profit": 5560,
            "gross_margin": 3.93,
            "gross_margin_4q_avg": 0.59,
            "net_income": -11019,
            "net_income_4q": null,
            "revenue": 141566,
            "revenue_4q": null,
            "common_shares": 760240,
            "book_valuer_per_share": 5.03,
            "book_valuer_per_share_4q_avg": 5.42,
            "equity": 382294,
            "current_ratio": 135.85,
            "debt_ratio": 49.3,
            "inventory_turnover_ratio": 1.16,
            "account_receivable_turnover_ratio": 0.85,
            "reinvestment_rate": null,
            "research_to_sale_ratio": 1.44,
            "price_fair": 0,
            "eps_avg_yearly": 0,
            "eps_latest_yearly": 0,
            "eps_growth_yearly": 0
        },
        "20162": {
            "year_quarter": 20162,
            "year": 2016,
            "quarter": 2,
            "eps": -0.18,
            "eps_growth_year": null,
            "eps_4q": -0.98,
            "eps_4q_growth_year": null,
            "roe": -3.6,
            "roe_4q": -18.35,
            "gross_profit": 4912,
            "gross_margin": 3.39,
            "gross_margin_4q_avg": 1.24,
            "net_income": -13504,
            "net_income_4q": null,
            "revenue": 145041,
            "revenue_4q": null,
            "common_shares": 760240,
            "book_valuer_per_share": 4.85,
            "book_valuer_per_share_4q_avg": 5.16,
            "equity": 368790,
            "current_ratio": 144.46,
            "debt_ratio": 50.14,
            "inventory_turnover_ratio": 1.24,
            "account_receivable_turnover_ratio": 0.89,
            "reinvestment_rate": null,
            "research_to_sale_ratio": 1.15,
            "price_fair": 0,
            "eps_avg_yearly": 0,
            "eps_latest_yearly": 0,
            "eps_growth_yearly": 0
        },
        "20163": {
            "year_quarter": 20163,
            "year": 2016,
            "quarter": 3,
            "eps": -0.21,
            "eps_growth_year": null,
            "eps_4q": -0.93,
            "eps_4q_growth_year": null,
            "roe": -4.44,
            "roe_4q": -18.26,
            "gross_profit": 4027,
            "gross_margin": 2.74,
            "gross_margin_4q_avg": 2.87,
            "net_income": -16001,
            "net_income_4q": null,
            "revenue": 147238,
            "revenue_4q": null,
            "common_shares": 760240,
            "book_valuer_per_share": 4.64,
            "book_valuer_per_share_4q_avg": 4.92,
            "equity": 352789,
            "current_ratio": 125.05,
            "debt_ratio": 48.97,
            "inventory_turnover_ratio": 1.36,
            "account_receivable_turnover_ratio": 0.9,
            "reinvestment_rate": null,
            "research_to_sale_ratio": 1.24,
            "price_fair": 0,
            "eps_avg_yearly": 0,
            "eps_latest_yearly": 0,
            "eps_growth_yearly": 0
        },
        "20164": {
            "year_quarter": 20164,
            "year": 2016,
            "quarter": 4,
            "eps": 0,
            "eps_growth_year": null,
            "eps_4q": -0.53,
            "eps_4q_growth_year": null,
            "roe": 0,
            "roe_4q": -10.88,
            "gross_profit": 18133,
            "gross_margin": 8.93,
            "gross_margin_4q_avg": 4.75,
            "net_income": 10,
            "net_income_4q": null,
            "revenue": 202968,
            "revenue_4q": null,
            "common_shares": 760240,
            "book_valuer_per_share": 4.6,
            "book_valuer_per_share_4q_avg": 4.78,
            "equity": 349362,
            "current_ratio": 146.12,
            "debt_ratio": 55.48,
            "inventory_turnover_ratio": 1.8,
            "account_receivable_turnover_ratio": 1.04,
            "reinvestment_rate": null,
            "research_to_sale_ratio": 0.84,
            "price_fair": 0,
            "eps_avg_yearly": 0,
            "eps_latest_yearly": 0,
            "eps_growth_yearly": 0
        },
        "20171": {
            "year_quarter": 20171,
            "year": 2017,
            "quarter": 1,
            "eps": 0.09,
            "eps_growth_year": null,
            "eps_4q": -0.3,
            "eps_4q_growth_year": null,
            "roe": 1.99,
            "roe_4q": -6.050000000000001,
            "gross_profit": 30934,
            "gross_margin": 13.1,
            "gross_margin_4q_avg": 7.04,
            "net_income": 7026,
            "net_income_4q": null,
            "revenue": 236166,
            "revenue_4q": null,
            "common_shares": 760240,
            "book_valuer_per_share": 4.69,
            "book_valuer_per_share_4q_avg": 4.7,
            "equity": 356388,
            "current_ratio": 147.51,
            "debt_ratio": 55.16,
            "inventory_turnover_ratio": 1.94,
            "account_receivable_turnover_ratio": 1.03,
            "reinvestment_rate": null,
            "research_to_sale_ratio": 0.85,
            "price_fair": 0,
            "eps_avg_yearly": 0,
            "eps_latest_yearly": 0,
            "eps_growth_yearly": 0
        },
        "20172": {
            "year_quarter": 20172,
            "year": 2017,
            "quarter": 2,
            "eps": 0.04,
            "eps_growth_year": null,
            "eps_4q": -0.08,
            "eps_4q_growth_year": null,
            "roe": 0.77,
            "roe_4q": -1.6800000000000006,
            "gross_profit": 20627,
            "gross_margin": 11.31,
            "gross_margin_4q_avg": 9.02,
            "net_income": 2762,
            "net_income_4q": null,
            "revenue": 182313,
            "revenue_4q": null,
            "common_shares": 760240,
            "book_valuer_per_share": 4.72,
            "book_valuer_per_share_4q_avg": 4.66,
            "equity": 359150,
            "current_ratio": 152.06,
            "debt_ratio": 53.45,
            "inventory_turnover_ratio": 1.26,
            "account_receivable_turnover_ratio": 0.82,
            "reinvestment_rate": null,
            "research_to_sale_ratio": 1.1,
            "price_fair": 0.48,
            "eps_avg_yearly": 0.16,
            "eps_latest_yearly": 0.16,
            "eps_growth_yearly": -222.22
        },
        "20173": {
            "year_quarter": 20173,
            "year": 2017,
            "quarter": 3,
            "eps": -0.15,
            "eps_growth_year": null,
            "eps_4q": -0.03,
            "eps_4q_growth_year": null,
            "roe": -3.32,
            "roe_4q": -0.5599999999999998,
            "gross_profit": 7435,
            "gross_margin": 4.55,
            "gross_margin_4q_avg": 9.47,
            "net_income": -11746,
            "net_income_4q": null,
            "revenue": 163332,
            "revenue_4q": null,
            "common_shares": 760240,
            "book_valuer_per_share": 4.57,
            "book_valuer_per_share_4q_avg": 4.65,
            "equity": 347404,
            "current_ratio": 168.53,
            "debt_ratio": 55.33,
            "inventory_turnover_ratio": 1.01,
            "account_receivable_turnover_ratio": 0.8,
            "reinvestment_rate": null,
            "research_to_sale_ratio": 1.14,
            "price_fair": 0.48,
            "eps_avg_yearly": 0.16,
            "eps_latest_yearly": 0.16,
            "eps_growth_yearly": -222.22
        },
        "20174": {
            "year_quarter": 20174,
            "year": 2017,
            "quarter": 4,
            "eps": -0.14,
            "eps_growth_year": -109146.21,
            "eps_4q": -0.17,
            "eps_4q_growth_year": null,
            "roe": -3.2,
            "roe_4q": -3.76,
            "gross_profit": 16061,
            "gross_margin": 8.78,
            "gross_margin_4q_avg": 9.44,
            "net_income": -10943,
            "net_income_4q": null,
            "revenue": 182842,
            "revenue_4q": null,
            "common_shares": 760240,
            "book_valuer_per_share": 4.42,
            "book_valuer_per_share_4q_avg": 4.6,
            "equity": 335812,
            "current_ratio": 166.74,
            "debt_ratio": 55.48,
            "inventory_turnover_ratio": 1.15,
            "account_receivable_turnover_ratio": 0.87,
            "reinvestment_rate": null,
            "research_to_sale_ratio": 0.74,
            "price_fair": 0.48,
            "eps_avg_yearly": 0.16,
            "eps_latest_yearly": 0.16,
            "eps_growth_yearly": -222.22
        },
        "20181": {
            "year_quarter": 20181,
            "year": 2018,
            "quarter": 1,
            "eps": -0.02,
            "eps_growth_year": -122.22,
            "eps_4q": -0.29,
            "eps_4q_growth_year": null,
            "roe": -0.54,
            "roe_4q": -6.290000000000001,
            "gross_profit": 18870,
            "gross_margin": 9.62,
            "gross_margin_4q_avg": 8.57,
            "net_income": -1807,
            "net_income_4q": null,
            "revenue": 196137,
            "revenue_4q": null,
            "common_shares": 760240,
            "book_valuer_per_share": 4.39,
            "book_valuer_per_share_4q_avg": 4.53,
            "equity": 334005,
            "current_ratio": 126.92,
            "debt_ratio": 58.79,
            "inventory_turnover_ratio": 1.3,
            "account_receivable_turnover_ratio": 0.85,
            "reinvestment_rate": null,
            "research_to_sale_ratio": 0.68,
            "price_fair": 0.48,
            "eps_avg_yearly": 0.16,
            "eps_latest_yearly": 0.16,
            "eps_growth_yearly": -222.22
        },
        "20182": {
            "year_quarter": 20182,
            "year": 2018,
            "quarter": 2,
            "eps": -0.1,
            "eps_growth_year": -350,
            "eps_4q": -0.42,
            "eps_4q_growth_year": null,
            "roe": -2.26,
            "roe_4q": -9.32,
            "gross_profit": 7879,
            "gross_margin": 5.6,
            "gross_margin_4q_avg": 7.14,
            "net_income": -7464,
            "net_income_4q": null,
            "revenue": 140690,
            "revenue_4q": null,
            "common_shares": 760240,
            "book_valuer_per_share": 4.3,
            "book_valuer_per_share_4q_avg": 4.42,
            "equity": 326541,
            "current_ratio": 126.09,
            "debt_ratio": 57.85,
            "inventory_turnover_ratio": 0.82,
            "account_receivable_turnover_ratio": 0.63,
            "reinvestment_rate": null,
            "research_to_sale_ratio": 1.05,
            "price_fair": 0.48,
            "eps_avg_yearly": 0.16,
            "eps_latest_yearly": 0.16,
            "eps_growth_yearly": -222.22
        },
        "20183": {
            "year_quarter": 20183,
            "year": 2018,
            "quarter": 3,
            "eps": -0.16,
            "eps_growth_year": null,
            "eps_4q": -0.42,
            "eps_4q_growth_year": null,
            "roe": -3.69,
            "roe_4q": -9.69,
            "gross_profit": 2524,
            "gross_margin": 1.99,
            "gross_margin_4q_avg": 6.5,
            "net_income": -11839,
            "net_income_4q": null,
            "revenue": 126931,
            "revenue_4q": null,
            "common_shares": 760240,
            "book_valuer_per_share": 4.14,
            "book_valuer_per_share_4q_avg": 4.31,
            "equity": 314702,
            "current_ratio": 132.61,
            "debt_ratio": 57.56,
            "inventory_turnover_ratio": 0.69,
            "account_receivable_turnover_ratio": 0.67,
            "reinvestment_rate": null,
            "research_to_sale_ratio": 1.16,
            "price_fair": 0.48,
            "eps_avg_yearly": 0.16,
            "eps_latest_yearly": 0.16,
            "eps_growth_yearly": -222.22
        },
        "20184": {
            "year_quarter": 20184,
            "year": 2018,
            "quarter": 4,
            "eps": -0.56,
            "eps_growth_year": null,
            "eps_4q": -0.84,
            "eps_4q_growth_year": null,
            "roe": -14.55,
            "roe_4q": -21.04,
            "gross_profit": -27282,
            "gross_margin": -28.32,
            "gross_margin_4q_avg": -2.78,
            "net_income": -42935,
            "net_income_4q": null,
            "revenue": 96328,
            "revenue_4q": null,
            "common_shares": 760240,
            "book_valuer_per_share": 3.62,
            "book_valuer_per_share_4q_avg": 4.11,
            "equity": 275326,
            "current_ratio": 163,
            "debt_ratio": 58.73,
            "inventory_turnover_ratio": 0.86,
            "account_receivable_turnover_ratio": 0.62,
            "reinvestment_rate": null,
            "research_to_sale_ratio": 1.39,
            "price_fair": 0.48,
            "eps_avg_yearly": 0.16,
            "eps_latest_yearly": 0.16,
            "eps_growth_yearly": -222.22
        },
        "20191": {
            "year_quarter": 20191,
            "year": 2019,
            "quarter": 1,
            "eps": -0.18,
            "eps_growth_year": null,
            "eps_4q": -1,
            "eps_4q_growth_year": null,
            "roe": -5.14,
            "roe_4q": -25.64,
            "gross_profit": -3611,
            "gross_margin": -4.18,
            "gross_margin_4q_avg": -6.23,
            "net_income": -13785,
            "net_income_4q": null,
            "revenue": 86418,
            "revenue_4q": null,
            "common_shares": 760240,
            "book_valuer_per_share": 3.44,
            "book_valuer_per_share_4q_avg": 3.88,
            "equity": 261541,
            "current_ratio": 159.6,
            "debt_ratio": 59.38,
            "inventory_turnover_ratio": 0.89,
            "account_receivable_turnover_ratio": 0.67,
            "reinvestment_rate": null,
            "research_to_sale_ratio": 1.2,
            "price_fair": 0.48,
            "eps_avg_yearly": 0.16,
            "eps_latest_yearly": 0.16,
            "eps_growth_yearly": -222.22
        },
        "20192": {
            "year_quarter": 20192,
            "year": 2019,
            "quarter": 2,
            "eps": -0.12,
            "eps_growth_year": null,
            "eps_4q": -1.02,
            "eps_4q_growth_year": null,
            "roe": -3.61,
            "roe_4q": -26.990000000000002,
            "gross_profit": 1416,
            "gross_margin": 1.36,
            "gross_margin_4q_avg": -7.29,
            "net_income": -9263,
            "net_income_4q": null,
            "revenue": 104045,
            "revenue_4q": null,
            "common_shares": 760240,
            "book_valuer_per_share": 3.32,
            "book_valuer_per_share_4q_avg": 3.63,
            "equity": 252278,
            "current_ratio": 153.6,
            "debt_ratio": 60.38,
            "inventory_turnover_ratio": 1.05,
            "account_receivable_turnover_ratio": 0.84,
            "reinvestment_rate": null,
            "research_to_sale_ratio": 1.05,
            "price_fair": 0.48,
            "eps_avg_yearly": 0.16,
            "eps_latest_yearly": 0.16,
            "eps_growth_yearly": -222.22
        },
        "20193": {
            "year_quarter": 20193,
            "year": 2019,
            "quarter": 3,
            "eps": -0.19,
            "eps_growth_year": null,
            "eps_4q": -1.06,
            "eps_4q_growth_year": null,
            "roe": -5.91,
            "roe_4q": -29.21,
            "gross_profit": -1572,
            "gross_margin": -1.43,
            "gross_margin_4q_avg": -8.14,
            "net_income": -14478,
            "net_income_4q": null,
            "revenue": 109975,
            "revenue_4q": null,
            "common_shares": 760240,
            "book_valuer_per_share": 3.13,
            "book_valuer_per_share_4q_avg": 3.38,
            "equity": 237800,
            "current_ratio": 130.69,
            "debt_ratio": 60.85,
            "inventory_turnover_ratio": 1.04,
            "account_receivable_turnover_ratio": 0.78,
            "reinvestment_rate": null,
            "research_to_sale_ratio": 0.92,
            "price_fair": 0.48,
            "eps_avg_yearly": 0.16,
            "eps_latest_yearly": 0.16,
            "eps_growth_yearly": -222.22
        },
        "20194": {
            "year_quarter": 20194,
            "year": 2019,
            "quarter": 4,
            "eps": -0.51,
            "eps_growth_year": null,
            "eps_4q": -1.01,
            "eps_4q_growth_year": null,
            "roe": -17.92,
            "roe_4q": -32.58,
            "gross_profit": -8632,
            "gross_margin": -8.82,
            "gross_margin_4q_avg": -3.27,
            "net_income": -38985,
            "net_income_4q": null,
            "revenue": 97905,
            "revenue_4q": null,
            "common_shares": 760240,
            "book_valuer_per_share": 2.59,
            "book_valuer_per_share_4q_avg": 3.12,
            "equity": 197242,
            "current_ratio": 107.3,
            "debt_ratio": 63.59,
            "inventory_turnover_ratio": 1.12,
            "account_receivable_turnover_ratio": 0.7,
            "reinvestment_rate": null,
            "research_to_sale_ratio": 0.93,
            "price_fair": 0.48,
            "eps_avg_yearly": 0.16,
            "eps_latest_yearly": 0.16,
            "eps_growth_yearly": -222.22
        },
        "20201": {
            "year_quarter": 20201,
            "year": 2020,
            "quarter": 1,
            "eps": -0.15,
            "eps_growth_year": null,
            "eps_4q": -0.97,
            "eps_4q_growth_year": null,
            "roe": -5.86,
            "roe_4q": -33.300000000000004,
            "gross_profit": -1494,
            "gross_margin": -1.78,
            "gross_margin_4q_avg": -2.67,
            "net_income": -11231,
            "net_income_4q": null,
            "revenue": 83701,
            "revenue_4q": null,
            "common_shares": 760240,
            "book_valuer_per_share": 2.45,
            "book_valuer_per_share_4q_avg": 2.87,
            "equity": 186011,
            "current_ratio": 107.52,
            "debt_ratio": 63.23,
            "inventory_turnover_ratio": 1.31,
            "account_receivable_turnover_ratio": 0.72,
            "reinvestment_rate": null,
            "research_to_sale_ratio": 0.64,
            "price_fair": 0.48,
            "eps_avg_yearly": 0.16,
            "eps_latest_yearly": 0.16,
            "eps_growth_yearly": -222.22
        },
        "20202": {
            "year_quarter": 20202,
            "year": 2020,
            "quarter": 2,
            "eps": -0.15,
            "eps_growth_year": null,
            "eps_4q": -1,
            "eps_4q_growth_year": null,
            "roe": -6.11,
            "roe_4q": -35.8,
            "gross_profit": -6111,
            "gross_margin": -14.21,
            "gross_margin_4q_avg": -6.56,
            "net_income": -11024,
            "net_income_4q": null,
            "revenue": 42999,
            "revenue_4q": null,
            "common_shares": 760240,
            "book_valuer_per_share": 2.3,
            "book_valuer_per_share_4q_avg": 2.62,
            "equity": 174987,
            "current_ratio": 102.18,
            "debt_ratio": 65.02,
            "inventory_turnover_ratio": 0.86,
            "account_receivable_turnover_ratio": 0.53,
            "reinvestment_rate": null,
            "research_to_sale_ratio": 1.21,
            "price_fair": 0.48,
            "eps_avg_yearly": 0.16,
            "eps_latest_yearly": 0.16,
            "eps_growth_yearly": -222.22
        },
        "20203": {
            "year_quarter": 20203,
            "year": 2020,
            "quarter": 3,
            "eps": -0.23,
            "eps_growth_year": null,
            "eps_4q": -1.04,
            "eps_4q_growth_year": null,
            "roe": -10.74,
            "roe_4q": -40.63,
            "gross_profit": -11745,
            "gross_margin": -30.39,
            "gross_margin_4q_avg": -13.8,
            "net_income": -17843,
            "net_income_4q": null,
            "revenue": 38644,
            "revenue_4q": null,
            "common_shares": 760240,
            "book_valuer_per_share": 2.07,
            "book_valuer_per_share_4q_avg": 2.35,
            "equity": 157144,
            "current_ratio": 93.57,
            "debt_ratio": 65.4,
            "inventory_turnover_ratio": 0.99,
            "account_receivable_turnover_ratio": 0.75,
            "reinvestment_rate": null,
            "research_to_sale_ratio": 1.35,
            "price_fair": 0.48,
            "eps_avg_yearly": 0.16,
            "eps_latest_yearly": 0.16,
            "eps_growth_yearly": -222.22
        },
        "20204": {
            "year_quarter": 20204,
            "year": 2020,
            "quarter": 4,
            "eps": -0.39,
            "eps_growth_year": null,
            "eps_4q": -1.44,
            "eps_4q_growth_year": null,
            "roe": -9.73,
            "roe_4q": -32.44,
            "gross_profit": -6999,
            "gross_margin": -13.04,
            "gross_margin_4q_avg": -14.86,
            "net_income": -14671,
            "net_income_4q": null,
            "revenue": 53672,
            "revenue_4q": null,
            "common_shares": 380120,
            "book_valuer_per_share": 3.8,
            "book_valuer_per_share_4q_avg": 2.66,
            "equity": 144291,
            "current_ratio": 108.84,
            "debt_ratio": 70.13,
            "inventory_turnover_ratio": 1.7,
            "account_receivable_turnover_ratio": 1.06,
            "reinvestment_rate": null,
            "research_to_sale_ratio": 0.97,
            "price_fair": 0.48,
            "eps_avg_yearly": 0.16,
            "eps_latest_yearly": 0.16,
            "eps_growth_yearly": -222.22
        },
        "20211": {
            "year_quarter": 20211,
            "year": 2021,
            "quarter": 1,
            "eps": -0.19,
            "eps_growth_year": null,
            "eps_4q": -1.11,
            "eps_4q_growth_year": null,
            "roe": -5.35,
            "roe_4q": -31.93,
            "gross_profit": -592,
            "gross_margin": -1.07,
            "gross_margin_4q_avg": -14.68,
            "net_income": -8835,
            "net_income_4q": null,
            "revenue": 55400,
            "revenue_4q": null,
            "common_shares": 473120,
            "book_valuer_per_share": 3.93,
            "book_valuer_per_share_4q_avg": 3.03,
            "equity": 185794,
            "current_ratio": 118.83,
            "debt_ratio": 59.81,
            "inventory_turnover_ratio": 2.13,
            "account_receivable_turnover_ratio": 0.9,
            "reinvestment_rate": null,
            "research_to_sale_ratio": 0.9,
            "price_fair": 0.48,
            "eps_avg_yearly": 0.16,
            "eps_latest_yearly": 0.16,
            "eps_growth_yearly": -222.22
        },
        "20212": {
            "year_quarter": 20212,
            "year": 2021,
            "quarter": 2,
            "eps": -0.13,
            "eps_growth_year": null,
            "eps_4q": -1,
            "eps_4q_growth_year": null,
            "roe": -3.24,
            "roe_4q": -29.060000000000002,
            "gross_profit": -1197,
            "gross_margin": -2.5,
            "gross_margin_4q_avg": -11.75,
            "net_income": -5926,
            "net_income_4q": null,
            "revenue": 47810,
            "revenue_4q": null,
            "common_shares": 473120,
            "book_valuer_per_share": 3.8,
            "book_valuer_per_share_4q_avg": 3.4,
            "equity": 179868,
            "current_ratio": 119.52,
            "debt_ratio": 60.46,
            "inventory_turnover_ratio": 1.79,
            "account_receivable_turnover_ratio": 0.79,
            "reinvestment_rate": null,
            "research_to_sale_ratio": 0.69,
            "price_fair": 0,
            "eps_avg_yearly": 0,
            "eps_latest_yearly": 0,
            "eps_growth_yearly": 0
        },
        "20213": {
            "year_quarter": 20213,
            "year": 2021,
            "quarter": 3,
            "eps": -0.12,
            "eps_growth_year": null,
            "eps_4q": -0.74,
            "eps_4q_growth_year": null,
            "roe": -3.08,
            "roe_4q": -21.4,
            "gross_profit": -1087,
            "gross_margin": -2.25,
            "gross_margin_4q_avg": -4.72,
            "net_income": -5451,
            "net_income_4q": null,
            "revenue": 48291,
            "revenue_4q": null,
            "common_shares": 473120,
            "book_valuer_per_share": 3.69,
            "book_valuer_per_share_4q_avg": 3.81,
            "equity": 174417,
            "current_ratio": 121.39,
            "debt_ratio": 60.55,
            "inventory_turnover_ratio": 1.21,
            "account_receivable_turnover_ratio": 0.94,
            "reinvestment_rate": null,
            "research_to_sale_ratio": 0.68,
            "price_fair": 0,
            "eps_avg_yearly": 0,
            "eps_latest_yearly": 0,
            "eps_growth_yearly": 0
        },
        "20214": {
            "year_quarter": 20214,
            "year": 2021,
            "quarter": 4,
            "eps": -0.23,
            "eps_growth_year": null,
            "eps_4q": -0.66,
            "eps_4q_growth_year": null,
            "roe": -6.38,
            "roe_4q": -18.05,
            "gross_profit": -2791,
            "gross_margin": -5.5,
            "gross_margin_4q_avg": -2.83,
            "net_income": -10790,
            "net_income_4q": null,
            "revenue": 50791,
            "revenue_4q": null,
            "common_shares": 473120,
            "book_valuer_per_share": 3.46,
            "book_valuer_per_share_4q_avg": 3.72,
            "equity": 163870,
            "current_ratio": 131.56,
            "debt_ratio": 62.04,
            "inventory_turnover_ratio": 1.11,
            "account_receivable_turnover_ratio": 1,
            "reinvestment_rate": null,
            "research_to_sale_ratio": 0.64,
            "price_fair": 0,
            "eps_avg_yearly": 0,
            "eps_latest_yearly": 0,
            "eps_growth_yearly": 0
        },
        "20221": {
            "year_quarter": 20221,
            "year": 2022,
            "quarter": 1,
            "eps": -0.23,
            "eps_growth_year": null,
            "eps_4q": -0.7,
            "eps_4q_growth_year": null,
            "roe": -6.8,
            "roe_4q": -19.5,
            "gross_profit": -3762,
            "gross_margin": -9.67,
            "gross_margin_4q_avg": -4.98,
            "net_income": -10775,
            "net_income_4q": null,
            "revenue": 38884,
            "revenue_4q": null,
            "common_shares": 473120,
            "book_valuer_per_share": 3.24,
            "book_valuer_per_share_4q_avg": 3.55,
            "equity": 153095,
            "current_ratio": 121.42,
            "debt_ratio": 61.02,
            "inventory_turnover_ratio": 1.14,
            "account_receivable_turnover_ratio": 0.73,
            "reinvestment_rate": null,
            "research_to_sale_ratio": 0.82,
            "price_fair": 0,
            "eps_avg_yearly": 0,
            "eps_latest_yearly": 0,
            "eps_growth_yearly": 0
        },
        "20222": {
            "year_quarter": 20222,
            "year": 2022,
            "quarter": 2,
            "eps": -0.28,
            "eps_growth_year": null,
            "eps_4q": -0.85,
            "eps_4q_growth_year": null,
            "roe": -8.99,
            "roe_4q": -25.25,
            "gross_profit": -6631,
            "gross_margin": -24.3,
            "gross_margin_4q_avg": -10.43,
            "net_income": -13165,
            "net_income_4q": null,
            "revenue": 27287,
            "revenue_4q": null,
            "common_shares": 473120,
            "book_valuer_per_share": 2.96,
            "book_valuer_per_share_4q_avg": 3.34,
            "equity": 139930,
            "current_ratio": 112.47,
            "debt_ratio": 63.98,
            "inventory_turnover_ratio": 0.89,
            "account_receivable_turnover_ratio": 0.61,
            "reinvestment_rate": null,
            "research_to_sale_ratio": 0.53,
            "price_fair": 0,
            "eps_avg_yearly": 0,
            "eps_latest_yearly": 0,
            "eps_growth_yearly": 0
        },
        "20223": {
            "year_quarter": 20223,
            "year": 2022,
            "quarter": 3,
            "eps": -0.31,
            "eps_growth_year": null,
            "eps_4q": -1.05,
            "eps_4q_growth_year": null,
            "roe": -11.36,
            "roe_4q": -33.53,
            "gross_profit": -8524,
            "gross_margin": -40.76,
            "gross_margin_4q_avg": -20.06,
            "net_income": -15037,
            "net_income_4q": null,
            "revenue": 20911,
            "revenue_4q": null,
            "common_shares": 473120,
            "book_valuer_per_share": 2.64,
            "book_valuer_per_share_4q_avg": 3.08,
            "equity": 124893,
            "current_ratio": 102.07,
            "debt_ratio": 64.82,
            "inventory_turnover_ratio": 0.62,
            "account_receivable_turnover_ratio": 0.69,
            "reinvestment_rate": null,
            "research_to_sale_ratio": 0.66,
            "price_fair": 0,
            "eps_avg_yearly": 0,
            "eps_latest_yearly": 0,
            "eps_growth_yearly": 0
        },
        "20224": {
            "year_quarter": 20224,
            "year": 2022,
            "quarter": 4,
            "eps": -0.43,
            "eps_growth_year": null,
            "eps_4q": -1.25,
            "eps_4q_growth_year": null,
            "roe": -17.52,
            "roe_4q": -44.669999999999995,
            "gross_profit": -10449,
            "gross_margin": -84,
            "gross_margin_4q_avg": -39.68,
            "net_income": -20372,
            "net_income_4q": null,
            "revenue": 12440,
            "revenue_4q": null,
            "common_shares": 473120,
            "book_valuer_per_share": 2.28,
            "book_valuer_per_share_4q_avg": 2.78,
            "equity": 107706,
            "current_ratio": 102.37,
            "debt_ratio": 71.42,
            "inventory_turnover_ratio": 0.5,
            "account_receivable_turnover_ratio": 0.65,
            "reinvestment_rate": null,
            "research_to_sale_ratio": 1.53,
            "price_fair": 0,
            "eps_avg_yearly": 0,
            "eps_latest_yearly": 0,
            "eps_growth_yearly": 0
        },
        "20231": {
            "year_quarter": 20231,
            "year": 2023,
            "quarter": 1,
            "eps": -0.31,
            "eps_growth_year": null,
            "eps_4q": -1.34,
            "eps_4q_growth_year": null,
            "roe": -14.69,
            "roe_4q": -52.56,
            "gross_profit": -8352,
            "gross_margin": -59.22,
            "gross_margin_4q_avg": -52.07,
            "net_income": -14743,
            "net_income_4q": null,
            "revenue": 14104,
            "revenue_4q": null,
            "common_shares": 473120,
            "book_valuer_per_share": 1.96,
            "book_valuer_per_share_4q_avg": 2.46,
            "equity": 92963,
            "current_ratio": 62.74,
            "debt_ratio": 73.87,
            "inventory_turnover_ratio": 0.54,
            "account_receivable_turnover_ratio": 0.89,
            "reinvestment_rate": null,
            "research_to_sale_ratio": 0.99,
            "price_fair": 0,
            "eps_avg_yearly": 0,
            "eps_latest_yearly": 0,
            "eps_growth_yearly": 0
        },
        "20232": {
            "year_quarter": 20232,
            "year": 2023,
            "quarter": 2,
            "eps": -0.34,
            "eps_growth_year": null,
            "eps_4q": -1.4,
            "eps_4q_growth_year": null,
            "roe": -19.16,
            "roe_4q": -62.730000000000004,
            "gross_profit": -10292,
            "gross_margin": -89.96,
            "gross_margin_4q_avg": -68.49,
            "net_income": -16251,
            "net_income_4q": null,
            "revenue": 11440,
            "revenue_4q": null,
            "common_shares": 473120,
            "book_valuer_per_share": 1.62,
            "book_valuer_per_share_4q_avg": 2.13,
            "equity": 76712,
            "current_ratio": 58.09,
            "debt_ratio": 78.45,
            "inventory_turnover_ratio": 0.57,
            "account_receivable_turnover_ratio": 0.78,
            "reinvestment_rate": null,
            "research_to_sale_ratio": 1.22,
            "price_fair": 0,
            "eps_avg_yearly": 0,
            "eps_latest_yearly": 0,
            "eps_growth_yearly": 0
        },
        "20233": {
            "year_quarter": 20233,
            "year": 2023,
            "quarter": 3,
            "eps": -0.48,
            "eps_growth_year": null,
            "eps_4q": -1.57,
            "eps_4q_growth_year": null,
            "roe": -34.87,
            "roe_4q": -86.24,
            "gross_profit": -16780,
            "gross_margin": -230.46,
            "gross_margin_4q_avg": -115.91,
            "net_income": -22776,
            "net_income_4q": null,
            "revenue": 7281,
            "revenue_4q": null,
            "common_shares": 473120,
            "book_valuer_per_share": 1.14,
            "book_valuer_per_share_4q_avg": 1.75,
            "equity": 53936,
            "current_ratio": 48.22,
            "debt_ratio": 83.89,
            "inventory_turnover_ratio": 0.84,
            "account_receivable_turnover_ratio": 0.83,
            "reinvestment_rate": null,
            "research_to_sale_ratio": 1.92,
            "price_fair": 0,
            "eps_avg_yearly": 0,
            "eps_latest_yearly": 0,
            "eps_growth_yearly": 0
        }
    },
    "months": {
        "2004-07": {
            "month": "2004-07",
            "price": "15.10",
            "revenue": 147902
        },
        "2004-10": {
            "month": "2004-10",
            "price": "14.25",
            "revenue": 142763
        },
        "2004-11": {
            "month": "2004-11",
            "price": "15.05",
            "revenue": 91131
        },
        "2004-12": {
            "month": "2004-12",
            "price": "14.50",
            "revenue": 73181
        },
        "2005-01": {
            "month": "2005-01",
            "price": "14.26",
            "revenue": 113765
        },
        "2005-02": {
            "month": "2005-02",
            "price": "14.20",
            "revenue": 100028
        },
        "2005-03": {
            "month": "2005-03",
            "price": "14.07",
            "revenue": 140725
        },
        "2005-04": {
            "month": "2005-04",
            "price": "14.00",
            "revenue": 94172
        },
        "2005-05": {
            "month": "2005-05",
            "price": "13.21",
            "revenue": 92036
        },
        "2005-06": {
            "month": "2005-06",
            "price": "12.71",
            "revenue": 97656
        },
        "2005-12": {
            "month": "2005-12",
            "price": "11.47",
            "revenue": 143775
        },
        "2006-01": {
            "month": "2006-01",
            "price": "11.51",
            "revenue": 147240
        },
        "2006-02": {
            "month": "2006-02",
            "price": "11.06",
            "revenue": 155575
        },
        "2006-03": {
            "month": "2006-03",
            "price": "9.54",
            "revenue": 175249
        },
        "2006-04": {
            "month": "2006-04",
            "price": "9.29",
            "revenue": 155290
        },
        "2006-05": {
            "month": "2006-05",
            "price": "10.60",
            "revenue": 148512
        },
        "2006-06": {
            "month": "2006-06",
            "price": "12.73",
            "revenue": 130933
        },
        "2006-07": {
            "month": "2006-07",
            "price": "11.50",
            "revenue": 135132
        },
        "2006-08": {
            "month": "2006-08",
            "price": "11.00",
            "revenue": 128561
        },
        "2006-09": {
            "month": "2006-09",
            "price": "10.73",
            "revenue": 170023
        },
        "2006-10": {
            "month": "2006-10",
            "price": "10.15",
            "revenue": 149129
        },
        "2006-11": {
            "month": "2006-11",
            "price": "8.91",
            "revenue": 130136
        },
        "2006-12": {
            "month": "2006-12",
            "price": "8.54",
            "revenue": 100114
        },
        "2007-01": {
            "month": "2007-01",
            "price": "8.97",
            "revenue": 100632
        },
        "2007-02": {
            "month": "2007-02",
            "price": "8.45",
            "revenue": 86674
        },
        "2007-03": {
            "month": "2007-03",
            "price": "7.77",
            "revenue": 121811
        },
        "2007-04": {
            "month": "2007-04",
            "price": "7.00",
            "revenue": 148919
        },
        "2007-05": {
            "month": "2007-05",
            "price": "6.02",
            "revenue": 134817
        },
        "2007-06": {
            "month": "2007-06",
            "price": "6.40",
            "revenue": 123497
        },
        "2007-07": {
            "month": "2007-07",
            "price": "7.65",
            "revenue": 119934
        },
        "2007-08": {
            "month": "2007-08",
            "price": "6.67",
            "revenue": 137501
        },
        "2007-09": {
            "month": "2007-09",
            "price": "7.18",
            "revenue": 114587
        },
        "2007-10": {
            "month": "2007-10",
            "price": "7.26",
            "revenue": 104001
        },
        "2007-11": {
            "month": "2007-11",
            "price": "5.04",
            "revenue": 104308
        },
        "2007-12": {
            "month": "2007-12",
            "price": "5.98",
            "revenue": 81310
        },
        "2008-01": {
            "month": "2008-01",
            "price": "6.74",
            "revenue": 98332
        },
        "2008-03": {
            "month": "2008-03",
            "price": "6.80",
            "revenue": 105230
        },
        "2008-04": {
            "month": "2008-04",
            "price": "6.04",
            "revenue": 99445
        },
        "2008-05": {
            "month": "2008-05",
            "price": "4.94",
            "revenue": 86891
        },
        "2008-06": {
            "month": "2008-06",
            "price": "5.71",
            "revenue": 67177
        },
        "2008-07": {
            "month": "2008-07",
            "price": "4.79",
            "revenue": 94575
        },
        "2008-08": {
            "month": "2008-08",
            "price": "4.11",
            "revenue": 90581
        },
        "2008-09": {
            "month": "2008-09",
            "price": "3.61",
            "revenue": 81745
        },
        "2008-10": {
            "month": "2008-10",
            "price": "3.30",
            "revenue": 86041
        },
        "2008-11": {
            "month": "2008-11",
            "price": "3.24",
            "revenue": 63511
        },
        "2008-12": {
            "month": "2008-12",
            "price": "2.98",
            "revenue": 45474
        },
        "2009-01": {
            "month": "2009-01",
            "price": "3.00",
            "revenue": 29722
        },
        "2009-03": {
            "month": "2009-03",
            "price": "2.84",
            "revenue": 86451
        },
        "2009-04": {
            "month": "2009-04",
            "price": "3.35",
            "revenue": 93736
        },
        "2009-05": {
            "month": "2009-05",
            "price": "3.60",
            "revenue": 82720
        },
        "2009-06": {
            "month": "2009-06",
            "price": "3.43",
            "revenue": 72791
        },
        "2009-07": {
            "month": "2009-07",
            "price": "3.36",
            "revenue": 74388
        },
        "2009-08": {
            "month": "2009-08",
            "price": "3.35",
            "revenue": 85191
        },
        "2009-09": {
            "month": "2009-09",
            "price": "4.02",
            "revenue": 87072
        },
        "2009-10": {
            "month": "2009-10",
            "price": "5.69",
            "revenue": 75896
        },
        "2009-11": {
            "month": "2009-11",
            "price": "6.11",
            "revenue": 73183
        },
        "2009-12": {
            "month": "2009-12",
            "price": "5.59",
            "revenue": 66926
        },
        "2010-01": {
            "month": "2010-01",
            "price": "6.09",
            "revenue": 75890
        },
        "2010-02": {
            "month": "2010-02",
            "price": "6.20",
            "revenue": 94469
        },
        "2010-03": {
            "month": "2010-03",
            "price": "6.14",
            "revenue": 167235
        },
        "2010-04": {
            "month": "2010-04",
            "price": "6.69",
            "revenue": 152848
        },
        "2010-05": {
            "month": "2010-05",
            "price": "6.44",
            "revenue": 152831
        },
        "2010-06": {
            "month": "2010-06",
            "price": "7.19",
            "revenue": 156629
        },
        "2010-07": {
            "month": "2010-07",
            "price": "8.55",
            "revenue": 151646
        },
        "2010-08": {
            "month": "2010-08",
            "price": "9.26",
            "revenue": 127204
        },
        "2010-09": {
            "month": "2010-09",
            "price": "9.58",
            "revenue": 79557
        },
        "2010-10": {
            "month": "2010-10",
            "price": "8.66",
            "revenue": 93456
        },
        "2010-11": {
            "month": "2010-11",
            "price": "9.36",
            "revenue": 88601
        },
        "2010-12": {
            "month": "2010-12",
            "price": "9.05",
            "revenue": 103912
        },
        "2011-01": {
            "month": "2011-01",
            "price": "9.00",
            "revenue": 118861
        },
        "2011-02": {
            "month": "2011-02",
            "price": "9.13",
            "revenue": 128440
        },
        "2011-03": {
            "month": "2011-03",
            "price": "10.67",
            "revenue": 131504
        },
        "2011-04": {
            "month": "2011-04",
            "price": "11.12",
            "revenue": 96935
        },
        "2011-05": {
            "month": "2011-05",
            "price": "12.06",
            "revenue": 112128
        },
        "2011-06": {
            "month": "2011-06",
            "price": "12.48",
            "revenue": 86951
        },
        "2011-07": {
            "month": "2011-07",
            "price": "11.75",
            "revenue": 82563
        },
        "2011-08": {
            "month": "2011-08",
            "price": "10.75",
            "revenue": 73012
        },
        "2011-09": {
            "month": "2011-09",
            "price": "10.45",
            "revenue": 70844
        },
        "2011-10": {
            "month": "2011-10",
            "price": "10.78",
            "revenue": 55872
        },
        "2011-11": {
            "month": "2011-11",
            "price": "8.44",
            "revenue": 54307
        },
        "2011-12": {
            "month": "2011-12",
            "price": "7.27",
            "revenue": 68509
        },
        "2012-01": {
            "month": "2012-01",
            "price": "6.65",
            "revenue": 52932
        },
        "2012-02": {
            "month": "2012-02",
            "price": "8.07",
            "revenue": 90604
        },
        "2012-03": {
            "month": "2012-03",
            "price": "7.95",
            "revenue": 85478
        },
        "2012-04": {
            "month": "2012-04",
            "price": "6.97",
            "revenue": 80736
        },
        "2012-05": {
            "month": "2012-05",
            "price": "6.14",
            "revenue": 62030
        },
        "2012-06": {
            "month": "2012-06",
            "price": "5.96",
            "revenue": 56726
        },
        "2012-07": {
            "month": "2012-07",
            "price": "5.82",
            "revenue": 57411
        },
        "2012-08": {
            "month": "2012-08",
            "price": "5.51",
            "revenue": 54225
        },
        "2012-09": {
            "month": "2012-09",
            "price": "5.49",
            "revenue": 45528
        },
        "2012-10": {
            "month": "2012-10",
            "price": "5.27",
            "revenue": 55335
        },
        "2012-11": {
            "month": "2012-11",
            "price": "4.57",
            "revenue": 45663
        },
        "2012-12": {
            "month": "2012-12",
            "price": "4.56",
            "revenue": 30562
        },
        "2013-01": {
            "month": "2013-01",
            "price": "5.05",
            "revenue": 50812
        },
        "2013-02": {
            "month": "2013-02",
            "price": "5.06",
            "revenue": 51138
        },
        "2013-03": {
            "month": "2013-03",
            "price": "4.87",
            "revenue": 72276
        },
        "2013-04": {
            "month": "2013-04",
            "price": "4.51",
            "revenue": 55272
        },
        "2013-05": {
            "month": "2013-05",
            "price": "5.05",
            "revenue": 56857
        },
        "2013-06": {
            "month": "2013-06",
            "price": "5.01",
            "revenue": 45682
        },
        "2013-07": {
            "month": "2013-07",
            "price": "5.00",
            "revenue": 54621
        },
        "2013-08": {
            "month": "2013-08",
            "price": "5.13",
            "revenue": 53133
        },
        "2013-09": {
            "month": "2013-09",
            "price": "6.10",
            "revenue": 43041
        },
        "2013-10": {
            "month": "2013-10",
            "price": "6.03",
            "revenue": 62735
        },
        "2013-11": {
            "month": "2013-11",
            "price": "6.15",
            "revenue": 51246
        },
        "2013-12": {
            "month": "2013-12",
            "price": "5.85",
            "revenue": 51752
        },
        "2014-01": {
            "month": "2014-01",
            "price": "5.92",
            "revenue": 52631
        },
        "2014-02": {
            "month": "2014-02",
            "price": "6.17",
            "revenue": 51233
        },
        "2014-03": {
            "month": "2014-03",
            "price": "6.32",
            "revenue": 62436
        },
        "2014-04": {
            "month": "2014-04",
            "price": "5.76",
            "revenue": 56473
        },
        "2014-05": {
            "month": "2014-05",
            "price": "5.56",
            "revenue": 43387
        },
        "2014-06": {
            "month": "2014-06",
            "price": "6.14",
            "revenue": 40580
        },
        "2014-07": {
            "month": "2014-07",
            "price": "6.18",
            "revenue": 51578
        },
        "2014-08": {
            "month": "2014-08",
            "price": "6.25",
            "revenue": 50693
        },
        "2014-09": {
            "month": "2014-09",
            "price": "6.38",
            "revenue": 47707
        },
        "2014-10": {
            "month": "2014-10",
            "price": "6.77",
            "revenue": 44927
        },
        "2014-11": {
            "month": "2014-11",
            "price": "6.79",
            "revenue": 37853
        },
        "2014-12": {
            "month": "2014-12",
            "price": "6.85",
            "revenue": 45210
        },
        "2015-01": {
            "month": "2015-01",
            "price": "6.42",
            "revenue": 42684
        },
        "2015-02": {
            "month": "2015-02",
            "price": "6.61",
            "revenue": 42541
        },
        "2015-03": {
            "month": "2015-03",
            "price": "6.61",
            "revenue": 51295
        },
        "2015-04": {
            "month": "2015-04",
            "price": "6.64",
            "revenue": 50429
        },
        "2015-05": {
            "month": "2015-05",
            "price": "6.58",
            "revenue": 42547
        },
        "2015-06": {
            "month": "2015-06",
            "price": "6.47",
            "revenue": 46632
        },
        "2015-07": {
            "month": "2015-07",
            "price": "6.39",
            "revenue": 40932
        },
        "2015-08": {
            "month": "2015-08",
            "price": "5.99",
            "revenue": 36857
        },
        "2015-09": {
            "month": "2015-09",
            "price": "5.90",
            "revenue": 41665
        },
        "2015-10": {
            "month": "2015-10",
            "price": "5.90",
            "revenue": 54633
        },
        "2015-11": {
            "month": "2015-11",
            "price": "5.22",
            "revenue": 48474
        },
        "2015-12": {
            "month": "2015-12",
            "price": "4.80",
            "revenue": 51256
        },
        "2016-01": {
            "month": "2016-01",
            "price": "4.61",
            "revenue": 41727
        },
        "2016-02": {
            "month": "2016-02",
            "price": "4.82",
            "revenue": 41465
        },
        "2016-03": {
            "month": "2016-03",
            "price": "4.72",
            "revenue": 58373
        },
        "2016-04": {
            "month": "2016-04",
            "price": "4.66",
            "revenue": 49129
        },
        "2016-05": {
            "month": "2016-05",
            "price": "4.71",
            "revenue": 44680
        },
        "2016-06": {
            "month": "2016-06",
            "price": "4.42",
            "revenue": 51233
        },
        "2016-07": {
            "month": "2016-07",
            "price": "4.40",
            "revenue": 50212
        },
        "2016-08": {
            "month": "2016-08",
            "price": "4.32",
            "revenue": 48590
        },
        "2016-09": {
            "month": "2016-09",
            "price": "4.18",
            "revenue": 48437
        },
        "2016-10": {
            "month": "2016-10",
            "price": "5.61",
            "revenue": 58331
        },
        "2016-11": {
            "month": "2016-11",
            "price": "5.55",
            "revenue": 68764
        },
        "2016-12": {
            "month": "2016-12",
            "price": "5.75",
            "revenue": 75874
        },
        "2017-01": {
            "month": "2017-01",
            "price": "5.82",
            "revenue": 73957
        },
        "2017-02": {
            "month": "2017-02",
            "price": "5.71",
            "revenue": 71675
        },
        "2017-03": {
            "month": "2017-03",
            "price": "5.46",
            "revenue": 90534
        },
        "2017-04": {
            "month": "2017-04",
            "price": "5.28",
            "revenue": 75335
        },
        "2017-05": {
            "month": "2017-05",
            "price": "4.98",
            "revenue": 60506
        },
        "2017-06": {
            "month": "2017-06",
            "price": "4.44",
            "revenue": 46472
        },
        "2017-07": {
            "month": "2017-07",
            "price": "4.92",
            "revenue": 50910
        },
        "2017-08": {
            "month": "2017-08",
            "price": "5.11",
            "revenue": 56156
        },
        "2017-09": {
            "month": "2017-09",
            "price": "5.15",
            "revenue": 56266
        },
        "2017-10": {
            "month": "2017-10",
            "price": "4.86",
            "revenue": 60794
        },
        "2017-11": {
            "month": "2017-11",
            "price": "5.45",
            "revenue": 56755
        },
        "2017-12": {
            "month": "2017-12",
            "price": "6.35",
            "revenue": 65293
        },
        "2018-01": {
            "month": "2018-01",
            "price": "7.11",
            "revenue": 75022
        },
        "2018-02": {
            "month": "2018-02",
            "price": "8.91",
            "revenue": 52459
        },
        "2018-03": {
            "month": "2018-03",
            "price": "8.32",
            "revenue": 68655
        },
        "2018-04": {
            "month": "2018-04",
            "price": "7.21",
            "revenue": 47307
        },
        "2018-05": {
            "month": "2018-05",
            "price": "6.69",
            "revenue": 49905
        },
        "2018-06": {
            "month": "2018-06",
            "price": "6.54",
            "revenue": 43478
        },
        "2018-07": {
            "month": "2018-07",
            "price": "6.34",
            "revenue": 44413
        },
        "2018-08": {
            "month": "2018-08",
            "price": "6.03",
            "revenue": 52230
        },
        "2018-09": {
            "month": "2018-09",
            "price": "5.65",
            "revenue": 30289
        },
        "2018-10": {
            "month": "2018-10",
            "price": "6.26",
            "revenue": 30552
        },
        "2018-11": {
            "month": "2018-11",
            "price": "5.50",
            "revenue": 31111
        },
        "2018-12": {
            "month": "2018-12",
            "price": "4.95",
            "revenue": 34665
        },
        "2019-01": {
            "month": "2019-01",
            "price": "4.73",
            "revenue": 31085
        },
        "2019-02": {
            "month": "2019-02",
            "price": "4.73",
            "revenue": 25695
        },
        "2019-03": {
            "month": "2019-03",
            "price": "4.59",
            "revenue": 29638
        },
        "2019-04": {
            "month": "2019-04",
            "price": "4.34",
            "revenue": 34459
        },
        "2019-05": {
            "month": "2019-05",
            "price": "4.05",
            "revenue": 34286
        },
        "2019-06": {
            "month": "2019-06",
            "price": "4.02",
            "revenue": 35300
        },
        "2019-07": {
            "month": "2019-07",
            "price": "3.52",
            "revenue": 37304
        },
        "2019-08": {
            "month": "2019-08",
            "price": "3.36",
            "revenue": 37280
        },
        "2019-09": {
            "month": "2019-09",
            "price": "3.96",
            "revenue": 35392
        },
        "2019-10": {
            "month": "2019-10",
            "price": "4.19",
            "revenue": 35505
        },
        "2019-11": {
            "month": "2019-11",
            "price": "3.73",
            "revenue": 32547
        },
        "2019-12": {
            "month": "2019-12",
            "price": "3.61",
            "revenue": 29853
        },
        "2020-01": {
            "month": "2020-01",
            "price": "3.53",
            "revenue": 27161
        },
        "2020-02": {
            "month": "2020-02",
            "price": "3.44",
            "revenue": 30206
        },
        "2020-03": {
            "month": "2020-03",
            "price": "2.77",
            "revenue": 26334
        },
        "2020-04": {
            "month": "2020-04",
            "price": "2.93",
            "revenue": 20100
        },
        "2020-05": {
            "month": "2020-05",
            "price": "3.24",
            "revenue": 12433
        },
        "2020-06": {
            "month": "2020-06",
            "price": "3.14",
            "revenue": 10465
        },
        "2020-07": {
            "month": "2020-07",
            "price": "2.88",
            "revenue": 10638
        },
        "2020-08": {
            "month": "2020-08",
            "price": "3.18",
            "revenue": 12372
        },
        "2020-09": {
            "month": "2020-09",
            "price": "3.49",
            "revenue": 15634
        },
        "2020-10": {
            "month": "2020-10",
            "price": "3.66",
            "revenue": 12863
        },
        "2020-11": {
            "month": "2020-11",
            "price": "3.24",
            "revenue": 13901
        },
        "2020-12": {
            "month": "2020-12",
            "price": "3.25",
            "revenue": 26908
        },
        "2021-01": {
            "month": "2021-01",
            "price": "3.44",
            "revenue": 19411
        },
        "2021-02": {
            "month": "2021-02",
            "price": "8.05",
            "revenue": 15111
        },
        "2021-03": {
            "month": "2021-03",
            "price": "7.60",
            "revenue": 20878
        },
        "2021-04": {
            "month": "2021-04",
            "price": "7.71",
            "revenue": 18770
        },
        "2021-05": {
            "month": "2021-05",
            "price": "7.49",
            "revenue": 15299
        },
        "2021-06": {
            "month": "2021-06",
            "price": "7.14",
            "revenue": 13742
        },
        "2021-07": {
            "month": "2021-07",
            "price": "7.04",
            "revenue": 16477
        },
        "2021-08": {
            "month": "2021-08",
            "price": "6.89",
            "revenue": 16163
        },
        "2021-09": {
            "month": "2021-09",
            "price": "7.19",
            "revenue": 15651
        },
        "2021-10": {
            "month": "2021-10",
            "price": "6.94",
            "revenue": 17429
        },
        "2021-11": {
            "month": "2021-11",
            "price": "6.93",
            "revenue": 16208
        },
        "2021-12": {
            "month": "2021-12",
            "price": "7.04",
            "revenue": 17154
        },
        "2022-01": {
            "month": "2022-01",
            "price": "6.98",
            "revenue": 14687
        },
        "2022-02": {
            "month": "2022-02",
            "price": "6.81",
            "revenue": 11877
        },
        "2022-03": {
            "month": "2022-03",
            "price": "6.86",
            "revenue": 12320
        },
        "2022-04": {
            "month": "2022-04",
            "price": "7.20",
            "revenue": 9651
        },
        "2022-05": {
            "month": "2022-05",
            "price": "6.72",
            "revenue": 8308
        },
        "2022-06": {
            "month": "2022-06",
            "price": "6.93",
            "revenue": 9328
        },
        "2022-07": {
            "month": "2022-07",
            "price": "6.92",
            "revenue": 9312
        },
        "2022-08": {
            "month": "2022-08",
            "price": "6.55",
            "revenue": 4692
        },
        "2022-09": {
            "month": "2022-09",
            "price": "6.20",
            "revenue": 6907
        },
        "2022-10": {
            "month": "2022-10",
            "price": "5.98",
            "revenue": 4701
        },
        "2022-11": {
            "month": "2022-11",
            "price": "6.02",
            "revenue": 3719
        },
        "2022-12": {
            "month": "2022-12",
            "price": "5.88",
            "revenue": 4019
        },
        "2023-01": {
            "month": "2023-01",
            "price": "6.02",
            "revenue": 3671
        },
        "2023-02": {
            "month": "2023-02",
            "price": "6.35",
            "revenue": 4341
        },
        "2023-03": {
            "month": "2023-03",
            "price": "5.88",
            "revenue": 6092
        },
        "2023-04": {
            "month": "2023-04",
            "price": "5.99",
            "revenue": 6419
        },
        "2023-05": {
            "month": "2023-05",
            "price": "5.96",
            "revenue": 4481
        },
        "2023-06": {
            "month": "2023-06",
            "price": "5.72",
            "revenue": 540
        },
        "2023-07": {
            "month": "2023-07",
            "price": "5.82",
            "revenue": 4329
        },
        "2023-08": {
            "month": "2023-08",
            "price": "5.66",
            "revenue": 1993
        },
        "2023-09": {
            "month": "2023-09",
            "price": "6.01",
            "revenue": 958
        },
        "2023-10": {
            "month": "2023-10",
            "price": "6.31",
            "revenue": 1404
        },
        "2023-11": {
            "month": "2023-11",
            "price": "6.15",
            "revenue": 850
        }
    }
}
