{
    "summary": {
        "stock_name": "群聯",
        "stock_id": "8299",
        "category": "半導體",
        "main_business": "IC設計業<br>半導體業<br>電腦及週邊設備業",
        "website_url": "http://www.phison.com",
        "ceo": "歐陽志光",
        "pe_ratio": 22,
        "report_year_from": 2003,
        "report_year_to": 2023,
        "age": 20,
        "eps_negative_percentage": 0,
        "eps_growth_avg": {
            "last_all": 14.82,
            "last_2y": 17.21,
            "last_4y": 6.36,
            "last_8y": 9.71,
            "last_12y": 10.01,
            "last_16y": 10.69,
            "last_20y": null,
            "at_2006_last_3y": null,
            "at_2007_last_3y": 30.3,
            "at_2008_last_3y": -12.14,
            "at_2009_last_3y": 12.89,
            "at_2010_last_3y": -2.6,
            "at_2011_last_3y": 13.33,
            "at_2012_last_3y": 31.28,
            "at_2013_last_3y": 10.66,
            "at_2014_last_3y": 20.37,
            "at_2015_last_3y": 8.94,
            "at_2016_last_3y": 13.67,
            "at_2017_last_3y": 13.9,
            "at_2018_last_3y": 7.77,
            "at_2019_last_3y": 4.91,
            "at_2020_last_3y": 22.5,
            "at_2021_last_3y": 16.31,
            "at_2022_last_3y": 14.22,
            "at_2023_last_3y": 14.22,
            "at_2006_last_all": 40.83,
            "at_2007_last_all": 30.3,
            "at_2008_last_all": 10.29,
            "at_2009_last_all": 25.24,
            "at_2010_last_all": 16.01,
            "at_2011_last_all": 21.81,
            "at_2012_last_all": 19.62,
            "at_2013_last_all": 19.41,
            "at_2014_last_all": 17.6,
            "at_2015_last_all": 17.52,
            "at_2016_last_all": 17.79,
            "at_2017_last_all": 17.83,
            "at_2018_last_all": 14.98,
            "at_2019_last_all": 14.37,
            "at_2020_last_all": 18.9,
            "at_2021_last_all": 17.5,
            "at_2022_last_all": 14.82,
            "at_2023_last_all": 14.82
        },
        "latest_eps": 17.94,
        "latest_price": 389,
        "latest_roe": 9.26,
        "latest_gross_margin": 31.88,
        "latest_equity": 37401417,
        "latest_revenue": 10078421,
        "latest_gross_profit": 3213110,
        "latest_net_income": 242103,
        "latest_debt_ratio": 27.62,
        "latest_current_ratio": 401.89,
        "latest_account_receivable_turnover_ratio": 1.52,
        "latest_inventory_turnover_ratio": 0.33,
        "latest_reinvestment_rate": 22.92,
        "latest_research_to_sale_ratio": 19.85
    },
    "eps_dividends": {
        "2001": {
            "cash": 0,
            "stock": 0,
            "eps": 0
        },
        "2002": {
            "cash": 0,
            "stock": 1,
            "eps": 0
        },
        "2003": {
            "cash": 0,
            "stock": 10,
            "eps": 6.2
        },
        "2004": {
            "cash": 1,
            "stock": 8,
            "eps": 13.76
        },
        "2005": {
            "cash": 3,
            "stock": 2,
            "eps": 13.74
        },
        "2006": {
            "cash": 4,
            "stock": 3,
            "eps": 16.85
        },
        "2007": {
            "cash": 4,
            "stock": 3,
            "eps": 16.63
        },
        "2008": {
            "cash": 6,
            "stock": 2,
            "eps": 5.03
        },
        "2009": {
            "cash": 3,
            "stock": 1,
            "eps": 14.87
        },
        "2010": {
            "cash": 5,
            "stock": 2,
            "eps": 9.02
        },
        "2011": {
            "cash": 4,
            "stock": 0,
            "eps": 14.65
        },
        "2012": {
            "cash": 7,
            "stock": 0,
            "eps": 14.95
        },
        "2013": {
            "cash": 8,
            "stock": 0,
            "eps": 17.57
        },
        "2014": {
            "cash": 11,
            "stock": 0,
            "eps": 17.48
        },
        "2015": {
            "cash": 11,
            "stock": 0,
            "eps": 20.4
        },
        "2016": {
            "cash": 12,
            "stock": 0,
            "eps": 24.68
        },
        "2017": {
            "cash": 14,
            "stock": 0,
            "eps": 29.23
        },
        "2018": {
            "cash": 17,
            "stock": 0,
            "eps": 21.91
        },
        "2019": {
            "cash": 13,
            "stock": 0,
            "eps": 23.06
        },
        "2020": {
            "cash": 13,
            "stock": 0,
            "eps": 44.13
        },
        "2021": {
            "cash": 23,
            "stock": 0,
            "eps": 41.34
        },
        "2022": {
            "cash": 23,
            "stock": 0,
            "eps": 27.52
        },
        "2023": {
            "cash": 15,
            "stock": 0,
            "eps": 1.26
        }
    },
    "dividends": {
        "2002-04-09": {
            "cash": 0,
            "stock": 1
        },
        "2003-03-26": {
            "cash": 0,
            "stock": 10.2
        },
        "2004-03-22": {
            "cash": 1,
            "stock": 8
        },
        "2005-03-17": {
            "cash": 3.49,
            "stock": 2.49
        },
        "2006-03-10": {
            "cash": 3.98,
            "stock": 2.99
        },
        "2007-03-21": {
            "cash": 3.79,
            "stock": 2.84
        },
        "2008-03-25": {
            "cash": 5.81,
            "stock": 1.94
        },
        "2009-02-19": {
            "cash": 2.83,
            "stock": 0.9
        },
        "2010-04-28": {
            "cash": 5,
            "stock": 2
        },
        "2011-03-24": {
            "cash": 4.34,
            "stock": 0
        },
        "2012-06-06": {
            "cash": 7,
            "stock": 0
        },
        "2013-06-11": {
            "cash": 8,
            "stock": 0
        },
        "2014-06-17": {
            "cash": 10.5,
            "stock": 0
        },
        "2015-07-30": {
            "cash": 11.2,
            "stock": 0
        },
        "2016-08-05": {
            "cash": 12,
            "stock": 0
        },
        "2017-08-03": {
            "cash": 14,
            "stock": 0
        },
        "2018-07-26": {
            "cash": 17,
            "stock": 0
        },
        "2019-07-26": {
            "cash": 13,
            "stock": 0
        },
        "2020-08-28": {
            "cash": 13,
            "stock": 0
        },
        "2021-09-09": {
            "cash": 23,
            "stock": 0
        },
        "2022-01-20": {
            "cash": 10,
            "stock": 0
        },
        "2022-07-29": {
            "cash": 13,
            "stock": 0
        },
        "2023-01-06": {
            "cash": 10,
            "stock": 0
        },
        "2023-03-15": {
            "cash": 4.5,
            "stock": 0
        }
    },
    "prices": {
        "200101": "無",
        "200102": "無",
        "200103": "無",
        "200104": "無",
        "200105": "無",
        "200106": "無",
        "200107": "無",
        "200108": "無",
        "200109": "無",
        "200110": "無",
        "200111": "無",
        "200112": "無",
        "200201": "無",
        "200202": "無",
        "200203": "無",
        "200204": "無",
        "200205": "無",
        "200206": "無",
        "200207": "無",
        "200208": "無",
        "200209": "無",
        "200210": "無",
        "200211": "無",
        "200212": "無",
        "200301": "無",
        "200302": "無",
        "200303": "無",
        "200304": "無",
        "200305": "無",
        "200306": "無",
        "200307": "無",
        "200308": "無",
        "200309": "無",
        "200310": "無",
        "200311": "無",
        "200312": "無",
        "200401": "230.51",
        "200402": "285.20",
        "200403": "239.55",
        "200404": "257.29",
        "200405": "204.72",
        "200406": "183.31",
        "200407": "143.81",
        "200408": "86.09",
        "200409": "85.33",
        "200410": "79.67",
        "200411": "79.66",
        "200412": "83.12",
        "200501": "77.10",
        "200502": "99.50",
        "200503": "146.91",
        "200504": "140.62",
        "200505": "127.26",
        "200506": "137.27",
        "200507": "143.48",
        "200508": "129.39",
        "200509": "126.10",
        "200510": "120.83",
        "200511": "114.11",
        "200512": "135.34",
        "200601": "151.86",
        "200602": "152.91",
        "200603": "158.09",
        "200604": "158.71",
        "200605": "176.57",
        "200606": "154.82",
        "200607": "138.71",
        "200608": "127.74",
        "200609": "157.64",
        "200610": "169.32",
        "200611": "222.59",
        "200612": "267.55",
        "200701": "306.61",
        "200702": "282.58",
        "200703": "308.78",
        "200704": "320.80",
        "200705": "343.70",
        "200706": "419.48",
        "200707": "547.75",
        "200708": "476.52",
        "200709": "362.22",
        "200710": "329.45",
        "200711": "254.59",
        "200712": "220.00",
        "200801": "200.52",
        "200802": "173.89",
        "200803": "189.88",
        "200804": "244.69",
        "200805": "263.21",
        "200806": "207.71",
        "200807": "182.20",
        "200808": "137.29",
        "200809": "92.97",
        "200810": "72.45",
        "200811": "48.34",
        "200812": "56.70",
        "200901": "73.32",
        "200902": "87.14",
        "200903": "103.05",
        "200904": "131.55",
        "200905": "224.25",
        "200906": "216.76",
        "200907": "240.87",
        "200908": "234.42",
        "200909": "252.91",
        "200910": "258.36",
        "200911": "232.69",
        "200912": "241.63",
        "201001": "249.62",
        "201002": "210.64",
        "201003": "229.87",
        "201004": "238.81",
        "201005": "196.29",
        "201006": "199.81",
        "201007": "193.05",
        "201008": "159.70",
        "201009": "149.88",
        "201010": "143.76",
        "201011": "155.32",
        "201012": "166.43",
        "201101": "177.40",
        "201102": "181.00",
        "201103": "176.15",
        "201104": "159.82",
        "201105": "166.50",
        "201106": "168.24",
        "201107": "147.55",
        "201108": "135.24",
        "201109": "138.86",
        "201110": "150.05",
        "201111": "165.34",
        "201112": "176.59",
        "201201": "188.83",
        "201202": "241.95",
        "201203": "253.50",
        "201204": "225.42",
        "201205": "215.07",
        "201206": "227.67",
        "201207": "230.36",
        "201208": "235.45",
        "201209": "229.55",
        "201210": "228.18",
        "201211": "200.70",
        "201212": "195.79",
        "201301": "201.43",
        "201302": "212.58",
        "201303": "233.31",
        "201304": "223.32",
        "201305": "230.95",
        "201306": "242.29",
        "201307": "243.57",
        "201308": "212.26",
        "201309": "220.00",
        "201310": "214.18",
        "201311": "194.33",
        "201312": "179.98",
        "201401": "193.67",
        "201402": "193.47",
        "201403": "196.17",
        "201404": "200.36",
        "201405": "215.33",
        "201406": "233.42",
        "201407": "231.18",
        "201408": "218.36",
        "201409": "215.31",
        "201410": "198.91",
        "201411": "208.10",
        "201412": "211.71",
        "201501": "221.68",
        "201502": "227.81",
        "201503": "255.66",
        "201504": "269.82",
        "201505": "286.20",
        "201506": "292.57",
        "201507": "242.02",
        "201508": "223.76",
        "201509": "223.58",
        "201510": "231.05",
        "201511": "256.50",
        "201512": "243.83",
        "201601": "227.90",
        "201602": "248.27",
        "201603": "258.89",
        "201604": "271.08",
        "201605": "256.14",
        "201606": "272.90",
        "201607": "269.35",
        "201608": "233.28",
        "201609": "232.66",
        "201610": "232.02",
        "201611": "230.70",
        "201612": "255.34",
        "201701": "250.59",
        "201702": "258.11",
        "201703": "266.11",
        "201704": "276.81",
        "201705": "298.28",
        "201706": "351.83",
        "201707": "399.55",
        "201708": "409.17",
        "201709": "370.07",
        "201710": "360.89",
        "201711": "339.73",
        "201712": "301.10",
        "201801": "308.09",
        "201802": "290.15",
        "201803": "299.57",
        "201804": "285.33",
        "201805": "275.00",
        "201806": "268.48",
        "201807": "238.36",
        "201808": "260.48",
        "201809": "243.95",
        "201810": "207.86",
        "201811": "221.18",
        "201812": "232.71",
        "201901": "238.98",
        "201902": "258.58",
        "201903": "276.78",
        "201904": "305.12",
        "201905": "281.02",
        "201906": "280.66",
        "201907": "317.48",
        "201908": "294.17",
        "201909": "292.71",
        "201910": "279.26",
        "201911": "289.98",
        "201912": "314.14",
        "202001": "340.23",
        "202002": "330.26",
        "202003": "273.09",
        "202004": "271.58",
        "202005": "279.02",
        "202006": "288.65",
        "202007": "309.41",
        "202008": "283.02",
        "202009": "275.50",
        "202010": "283.84",
        "202011": "317.10",
        "202012": "337.09",
        "202101": "376.82",
        "202102": "417.08",
        "202103": "466.39",
        "202104": "517.55",
        "202105": "484.31",
        "202106": "478.81",
        "202107": "481.66",
        "202108": "452.36",
        "202109": "405.60",
        "202110": "373.28",
        "202111": "401.64",
        "202112": "478.45",
        "202201": "460.36",
        "202202": "499.77",
        "202203": "486.50",
        "202204": "419.08",
        "202205": "384.93",
        "202206": "340.29",
        "202207": "281.48",
        "202208": "302.33",
        "202209": "284.24",
        "202210": "293.72",
        "202211": "319.80",
        "202212": "313.61",
        "202301": "350.35",
        "202302": "362.58",
        "202303": "361.93",
        "202304": "397.59",
        "202305": "383.19"
    },
    "quarters": {
        "20011": {
            "year_quarter": 20011,
            "year": 2001,
            "quarter": 1,
            "eps": null,
            "eps_growth_year": null,
            "eps_4q": null,
            "eps_4q_growth_year": null,
            "roe": null,
            "roe_4q": 0,
            "gross_profit": null,
            "gross_margin": null,
            "gross_margin_4q_avg": 0,
            "net_income": null,
            "revenue": null,
            "common_shares": null,
            "book_valuer_per_share": null,
            "book_valuer_per_share_4q_avg": 0,
            "equity": null,
            "current_ratio": null,
            "debt_ratio": null,
            "inventory_turnover_ratio": null,
            "account_receivable_turnover_ratio": null,
            "reinvestment_rate": null,
            "research_to_sale_ratio": null,
            "price_fair": 0,
            "eps_avg_yearly": 0,
            "eps_latest_yearly": 0,
            "eps_growth_yearly": 0
        },
        "20012": {
            "year_quarter": 20012,
            "year": 2001,
            "quarter": 2,
            "eps": null,
            "eps_growth_year": null,
            "eps_4q": null,
            "eps_4q_growth_year": null,
            "roe": null,
            "roe_4q": 0,
            "gross_profit": null,
            "gross_margin": null,
            "gross_margin_4q_avg": 0,
            "net_income": null,
            "revenue": null,
            "common_shares": null,
            "book_valuer_per_share": null,
            "book_valuer_per_share_4q_avg": 0,
            "equity": null,
            "current_ratio": null,
            "debt_ratio": null,
            "inventory_turnover_ratio": null,
            "account_receivable_turnover_ratio": null,
            "reinvestment_rate": null,
            "research_to_sale_ratio": null,
            "price_fair": 0,
            "eps_avg_yearly": 0,
            "eps_latest_yearly": 0,
            "eps_growth_yearly": 0
        },
        "20013": {
            "year_quarter": 20013,
            "year": 2001,
            "quarter": 3,
            "eps": null,
            "eps_growth_year": null,
            "eps_4q": null,
            "eps_4q_growth_year": null,
            "roe": null,
            "roe_4q": 0,
            "gross_profit": null,
            "gross_margin": null,
            "gross_margin_4q_avg": 0,
            "net_income": null,
            "revenue": null,
            "common_shares": null,
            "book_valuer_per_share": null,
            "book_valuer_per_share_4q_avg": 0,
            "equity": null,
            "current_ratio": null,
            "debt_ratio": null,
            "inventory_turnover_ratio": null,
            "account_receivable_turnover_ratio": null,
            "reinvestment_rate": null,
            "research_to_sale_ratio": null,
            "price_fair": 0,
            "eps_avg_yearly": 0,
            "eps_latest_yearly": 0,
            "eps_growth_yearly": 0
        },
        "20014": {
            "year_quarter": 20014,
            "year": 2001,
            "quarter": 4,
            "eps": null,
            "eps_growth_year": null,
            "eps_4q": null,
            "eps_4q_growth_year": null,
            "roe": null,
            "roe_4q": 0,
            "gross_profit": null,
            "gross_margin": null,
            "gross_margin_4q_avg": 0,
            "net_income": null,
            "revenue": null,
            "common_shares": 30000,
            "book_valuer_per_share": 14.3,
            "book_valuer_per_share_4q_avg": 3.58,
            "equity": 42885,
            "current_ratio": 154.58,
            "debt_ratio": 63.55,
            "inventory_turnover_ratio": null,
            "account_receivable_turnover_ratio": null,
            "reinvestment_rate": null,
            "research_to_sale_ratio": null,
            "price_fair": 0,
            "eps_avg_yearly": 0,
            "eps_latest_yearly": 0,
            "eps_growth_yearly": 0
        },
        "20021": {
            "year_quarter": 20021,
            "year": 2002,
            "quarter": 1,
            "eps": null,
            "eps_growth_year": null,
            "eps_4q": null,
            "eps_4q_growth_year": null,
            "roe": null,
            "roe_4q": 0,
            "gross_profit": null,
            "gross_margin": null,
            "gross_margin_4q_avg": 0,
            "net_income": null,
            "revenue": null,
            "common_shares": null,
            "book_valuer_per_share": null,
            "book_valuer_per_share_4q_avg": 3.58,
            "equity": null,
            "current_ratio": null,
            "debt_ratio": null,
            "inventory_turnover_ratio": null,
            "account_receivable_turnover_ratio": null,
            "reinvestment_rate": null,
            "research_to_sale_ratio": null,
            "price_fair": 0,
            "eps_avg_yearly": 0,
            "eps_latest_yearly": 0,
            "eps_growth_yearly": 0
        },
        "20022": {
            "year_quarter": 20022,
            "year": 2002,
            "quarter": 2,
            "eps": null,
            "eps_growth_year": null,
            "eps_4q": null,
            "eps_4q_growth_year": null,
            "roe": null,
            "roe_4q": 0,
            "gross_profit": null,
            "gross_margin": null,
            "gross_margin_4q_avg": 0,
            "net_income": null,
            "revenue": null,
            "common_shares": null,
            "book_valuer_per_share": null,
            "book_valuer_per_share_4q_avg": 3.58,
            "equity": null,
            "current_ratio": null,
            "debt_ratio": null,
            "inventory_turnover_ratio": null,
            "account_receivable_turnover_ratio": null,
            "reinvestment_rate": null,
            "research_to_sale_ratio": null,
            "price_fair": 0,
            "eps_avg_yearly": 0,
            "eps_latest_yearly": 0,
            "eps_growth_yearly": 0
        },
        "20023": {
            "year_quarter": 20023,
            "year": 2002,
            "quarter": 3,
            "eps": null,
            "eps_growth_year": null,
            "eps_4q": null,
            "eps_4q_growth_year": null,
            "roe": null,
            "roe_4q": 0,
            "gross_profit": null,
            "gross_margin": null,
            "gross_margin_4q_avg": 0,
            "net_income": null,
            "revenue": null,
            "common_shares": null,
            "book_valuer_per_share": null,
            "book_valuer_per_share_4q_avg": 3.58,
            "equity": null,
            "current_ratio": null,
            "debt_ratio": null,
            "inventory_turnover_ratio": null,
            "account_receivable_turnover_ratio": null,
            "reinvestment_rate": null,
            "research_to_sale_ratio": null,
            "price_fair": 0,
            "eps_avg_yearly": 0,
            "eps_latest_yearly": 0,
            "eps_growth_yearly": 0
        },
        "20024": {
            "year_quarter": 20024,
            "year": 2002,
            "quarter": 4,
            "eps": null,
            "eps_growth_year": null,
            "eps_4q": null,
            "eps_4q_growth_year": null,
            "roe": null,
            "roe_4q": 0,
            "gross_profit": null,
            "gross_margin": null,
            "gross_margin_4q_avg": 0,
            "net_income": null,
            "revenue": null,
            "common_shares": 79080,
            "book_valuer_per_share": 30.27,
            "book_valuer_per_share_4q_avg": 7.57,
            "equity": 239399,
            "current_ratio": 184.53,
            "debt_ratio": 47.99,
            "inventory_turnover_ratio": null,
            "account_receivable_turnover_ratio": null,
            "reinvestment_rate": null,
            "research_to_sale_ratio": null,
            "price_fair": 0,
            "eps_avg_yearly": 0,
            "eps_latest_yearly": 0,
            "eps_growth_yearly": 0
        },
        "20031": {
            "year_quarter": 20031,
            "year": 2003,
            "quarter": 1,
            "eps": 2.59,
            "eps_growth_year": null,
            "eps_4q": null,
            "eps_4q_growth_year": null,
            "roe": 17.21,
            "roe_4q": 17.21,
            "gross_profit": 70782,
            "gross_margin": 20.56,
            "gross_margin_4q_avg": 5.14,
            "net_income": 44947,
            "revenue": 344189,
            "common_shares": 79080,
            "book_valuer_per_share": 35.79,
            "book_valuer_per_share_4q_avg": 16.52,
            "equity": 282988,
            "current_ratio": 184.32,
            "debt_ratio": 48.66,
            "inventory_turnover_ratio": 3.03,
            "account_receivable_turnover_ratio": null,
            "reinvestment_rate": null,
            "research_to_sale_ratio": null,
            "price_fair": 0,
            "eps_avg_yearly": 0,
            "eps_latest_yearly": 0,
            "eps_growth_yearly": 0
        },
        "20032": {
            "year_quarter": 20032,
            "year": 2003,
            "quarter": 2,
            "eps": 3.61,
            "eps_growth_year": null,
            "eps_4q": null,
            "eps_4q_growth_year": null,
            "roe": 19.58,
            "roe_4q": 36.79,
            "gross_profit": 81500,
            "gross_margin": 17.96,
            "gross_margin_4q_avg": 9.63,
            "net_income": 62527,
            "revenue": 453703,
            "common_shares": 173291,
            "book_valuer_per_share": 20.53,
            "book_valuer_per_share_4q_avg": 21.65,
            "equity": 355763,
            "current_ratio": 227.96,
            "debt_ratio": 39.55,
            "inventory_turnover_ratio": 4.37,
            "account_receivable_turnover_ratio": null,
            "reinvestment_rate": null,
            "research_to_sale_ratio": null,
            "price_fair": 505.4,
            "eps_avg_yearly": 14.44,
            "eps_latest_yearly": 14.44,
            "eps_growth_yearly": 157.53
        },
        "20033": {
            "year_quarter": 20033,
            "year": 2003,
            "quarter": 3,
            "eps": null,
            "eps_growth_year": null,
            "eps_4q": null,
            "eps_4q_growth_year": null,
            "roe": null,
            "roe_4q": 36.79,
            "gross_profit": null,
            "gross_margin": null,
            "gross_margin_4q_avg": 9.63,
            "net_income": null,
            "revenue": null,
            "common_shares": null,
            "book_valuer_per_share": null,
            "book_valuer_per_share_4q_avg": 21.65,
            "equity": null,
            "current_ratio": null,
            "debt_ratio": null,
            "inventory_turnover_ratio": null,
            "account_receivable_turnover_ratio": null,
            "reinvestment_rate": null,
            "research_to_sale_ratio": null,
            "price_fair": 505.4,
            "eps_avg_yearly": 14.44,
            "eps_latest_yearly": 14.44,
            "eps_growth_yearly": 157.53
        },
        "20034": {
            "year_quarter": 20034,
            "year": 2003,
            "quarter": 4,
            "eps": null,
            "eps_growth_year": null,
            "eps_4q": null,
            "eps_4q_growth_year": null,
            "roe": null,
            "roe_4q": 36.79,
            "gross_profit": null,
            "gross_margin": null,
            "gross_margin_4q_avg": 9.63,
            "net_income": null,
            "revenue": null,
            "common_shares": 176951,
            "book_valuer_per_share": 28.08,
            "book_valuer_per_share_4q_avg": 21.1,
            "equity": 496857,
            "current_ratio": 161.92,
            "debt_ratio": 57.7,
            "inventory_turnover_ratio": null,
            "account_receivable_turnover_ratio": null,
            "reinvestment_rate": null,
            "research_to_sale_ratio": null,
            "price_fair": 505.4,
            "eps_avg_yearly": 14.44,
            "eps_latest_yearly": 14.44,
            "eps_growth_yearly": 157.53
        },
        "20041": {
            "year_quarter": 20041,
            "year": 2004,
            "quarter": 1,
            "eps": 6.08,
            "eps_growth_year": 134.75,
            "eps_4q": null,
            "eps_4q_growth_year": null,
            "roe": 19.52,
            "roe_4q": 39.099999999999994,
            "gross_profit": 153215,
            "gross_margin": 14.84,
            "gross_margin_4q_avg": 8.2,
            "net_income": 107505,
            "revenue": 1032509,
            "common_shares": 176951,
            "book_valuer_per_share": 34.15,
            "book_valuer_per_share_4q_avg": 20.69,
            "equity": 604362,
            "current_ratio": 192.77,
            "debt_ratio": 48.1,
            "inventory_turnover_ratio": 3.6,
            "account_receivable_turnover_ratio": null,
            "reinvestment_rate": null,
            "research_to_sale_ratio": null,
            "price_fair": 505.4,
            "eps_avg_yearly": 14.44,
            "eps_latest_yearly": 14.44,
            "eps_growth_yearly": 157.53
        },
        "20042": {
            "year_quarter": 20042,
            "year": 2004,
            "quarter": 2,
            "eps": 3.03,
            "eps_growth_year": -16.07,
            "eps_4q": null,
            "eps_4q_growth_year": null,
            "roe": 8.65,
            "roe_4q": 28.17,
            "gross_profit": 73252,
            "gross_margin": 11.18,
            "gross_margin_4q_avg": 6.51,
            "net_income": 53651,
            "revenue": 654983,
            "common_shares": 176951,
            "book_valuer_per_share": 35.96,
            "book_valuer_per_share_4q_avg": 24.55,
            "equity": 636272,
            "current_ratio": 242.16,
            "debt_ratio": 38.1,
            "inventory_turnover_ratio": 2.85,
            "account_receivable_turnover_ratio": null,
            "reinvestment_rate": null,
            "research_to_sale_ratio": null,
            "price_fair": 39.84,
            "eps_avg_yearly": 13.28,
            "eps_latest_yearly": 12.12,
            "eps_growth_yearly": -21.56
        },
        "20043": {
            "year_quarter": 20043,
            "year": 2004,
            "quarter": 3,
            "eps": 1.92,
            "eps_growth_year": null,
            "eps_4q": null,
            "eps_4q_growth_year": null,
            "roe": 13.08,
            "roe_4q": 41.25,
            "gross_profit": 128910,
            "gross_margin": 14.07,
            "gross_margin_4q_avg": 10.02,
            "net_income": 89219,
            "revenue": 916273,
            "common_shares": 357511,
            "book_valuer_per_share": 20.36,
            "book_valuer_per_share_4q_avg": 29.64,
            "equity": 727981,
            "current_ratio": 211.96,
            "debt_ratio": 44.14,
            "inventory_turnover_ratio": 4.37,
            "account_receivable_turnover_ratio": null,
            "reinvestment_rate": null,
            "research_to_sale_ratio": null,
            "price_fair": 34.24,
            "eps_avg_yearly": 11.41,
            "eps_latest_yearly": 7.68,
            "eps_growth_yearly": -63.22
        },
        "20044": {
            "year_quarter": 20044,
            "year": 2004,
            "quarter": 4,
            "eps": 2.73,
            "eps_growth_year": null,
            "eps_4q": 9.71,
            "eps_4q_growth_year": null,
            "roe": 12.59,
            "roe_4q": 53.84,
            "gross_profit": 209960,
            "gross_margin": 15.13,
            "gross_margin_4q_avg": 13.81,
            "net_income": 97954,
            "revenue": 1387567,
            "common_shares": 362321,
            "book_valuer_per_share": 22.86,
            "book_valuer_per_share_4q_avg": 28.33,
            "equity": 828255,
            "current_ratio": 193.8,
            "debt_ratio": 47.34,
            "inventory_turnover_ratio": 5.5,
            "account_receivable_turnover_ratio": null,
            "reinvestment_rate": null,
            "research_to_sale_ratio": null,
            "price_fair": 33.87,
            "eps_avg_yearly": 11.29,
            "eps_latest_yearly": 10.92,
            "eps_growth_yearly": -5.23
        },
        "20051": {
            "year_quarter": 20051,
            "year": 2005,
            "quarter": 1,
            "eps": 3,
            "eps_growth_year": -50.66,
            "eps_4q": 9.64,
            "eps_4q_growth_year": null,
            "roe": 12.33,
            "roe_4q": 46.65,
            "gross_profit": 168909,
            "gross_margin": 13.11,
            "gross_margin_4q_avg": 13.37,
            "net_income": 108833,
            "revenue": 1288093,
            "common_shares": 362551,
            "book_valuer_per_share": 25.86,
            "book_valuer_per_share_4q_avg": 26.26,
            "equity": 937379,
            "current_ratio": 195.51,
            "debt_ratio": 48.66,
            "inventory_turnover_ratio": 3.47,
            "account_receivable_turnover_ratio": null,
            "reinvestment_rate": null,
            "research_to_sale_ratio": null,
            "price_fair": 156.95,
            "eps_avg_yearly": 11.43,
            "eps_latest_yearly": 12,
            "eps_growth_yearly": 3.73
        },
        "20052": {
            "year_quarter": 20052,
            "year": 2005,
            "quarter": 2,
            "eps": 2.75,
            "eps_growth_year": -9.24,
            "eps_4q": 10.92,
            "eps_4q_growth_year": null,
            "roe": 10.92,
            "roe_4q": 48.92,
            "gross_profit": 169044,
            "gross_margin": 13.38,
            "gross_margin_4q_avg": 13.92,
            "net_income": 99633,
            "revenue": 1263856,
            "common_shares": 362551,
            "book_valuer_per_share": 24.48,
            "book_valuer_per_share_4q_avg": 23.39,
            "equity": 887388,
            "current_ratio": 178.98,
            "debt_ratio": 51.98,
            "inventory_turnover_ratio": 2.71,
            "account_receivable_turnover_ratio": null,
            "reinvestment_rate": null,
            "research_to_sale_ratio": null,
            "price_fair": 34.08,
            "eps_avg_yearly": 11.36,
            "eps_latest_yearly": 11,
            "eps_growth_yearly": -2.45
        },
        "20053": {
            "year_quarter": 20053,
            "year": 2005,
            "quarter": 3,
            "eps": 3.32,
            "eps_growth_year": 72.92,
            "eps_4q": 9.82,
            "eps_4q_growth_year": null,
            "roe": 16.16,
            "roe_4q": 52,
            "gross_profit": 221427,
            "gross_margin": 14.34,
            "gross_margin_4q_avg": 13.99,
            "net_income": 156458,
            "revenue": 1544071,
            "common_shares": 471801,
            "book_valuer_per_share": 22.22,
            "book_valuer_per_share_4q_avg": 23.86,
            "equity": 1048383,
            "current_ratio": 182.83,
            "debt_ratio": 50.77,
            "inventory_turnover_ratio": 3,
            "account_receivable_turnover_ratio": null,
            "reinvestment_rate": null,
            "research_to_sale_ratio": null,
            "price_fair": 229.73,
            "eps_avg_yearly": 11.63,
            "eps_latest_yearly": 13.28,
            "eps_growth_yearly": 9.75
        },
        "20054": {
            "year_quarter": 20054,
            "year": 2005,
            "quarter": 4,
            "eps": 4.67,
            "eps_growth_year": 71.06,
            "eps_4q": 12.24,
            "eps_4q_growth_year": 26.07,
            "roe": 15.98,
            "roe_4q": 55.39,
            "gross_profit": 429847,
            "gross_margin": 19.43,
            "gross_margin_4q_avg": 15.07,
            "net_income": 225162,
            "revenue": 2212269,
            "common_shares": 522121,
            "book_valuer_per_share": 33.89,
            "book_valuer_per_share_4q_avg": 26.61,
            "equity": 1769578,
            "current_ratio": 246.08,
            "debt_ratio": 38.38,
            "inventory_turnover_ratio": 3.17,
            "account_receivable_turnover_ratio": null,
            "reinvestment_rate": null,
            "research_to_sale_ratio": null,
            "price_fair": 438.03,
            "eps_avg_yearly": 12.52,
            "eps_latest_yearly": 18.68,
            "eps_growth_yearly": 28.86
        },
        "20061": {
            "year_quarter": 20061,
            "year": 2006,
            "quarter": 1,
            "eps": 2.85,
            "eps_growth_year": -5,
            "eps_4q": 12.03,
            "eps_4q_growth_year": 24.8,
            "roe": 8.09,
            "roe_4q": 51.150000000000006,
            "gross_profit": 270430,
            "gross_margin": 14.74,
            "gross_margin_4q_avg": 15.47,
            "net_income": 149429,
            "revenue": 1834954,
            "common_shares": 527081,
            "book_valuer_per_share": 36.5,
            "book_valuer_per_share_4q_avg": 29.27,
            "equity": 1923966,
            "current_ratio": 235.04,
            "debt_ratio": 40.05,
            "inventory_turnover_ratio": 1.92,
            "account_receivable_turnover_ratio": null,
            "reinvestment_rate": null,
            "research_to_sale_ratio": null,
            "price_fair": 227.15,
            "eps_avg_yearly": 12.39,
            "eps_latest_yearly": 11.4,
            "eps_growth_yearly": 8.33
        },
        "20062": {
            "year_quarter": 20062,
            "year": 2006,
            "quarter": 2,
            "eps": 3.73,
            "eps_growth_year": 35.64,
            "eps_4q": 13.82,
            "eps_4q_growth_year": 26.56,
            "roe": 10.32,
            "roe_4q": 50.55,
            "gross_profit": 365779,
            "gross_margin": 14.12,
            "gross_margin_4q_avg": 15.66,
            "net_income": 196309,
            "revenue": 2590504,
            "common_shares": 527081,
            "book_valuer_per_share": 35.67,
            "book_valuer_per_share_4q_avg": 32.07,
            "equity": 1880089,
            "current_ratio": 200.8,
            "debt_ratio": 46.45,
            "inventory_turnover_ratio": 2.35,
            "account_receivable_turnover_ratio": null,
            "reinvestment_rate": null,
            "research_to_sale_ratio": null,
            "price_fair": 377.41,
            "eps_avg_yearly": 12.64,
            "eps_latest_yearly": 14.92,
            "eps_growth_yearly": 19.85
        },
        "20063": {
            "year_quarter": 20063,
            "year": 2006,
            "quarter": 3,
            "eps": 4.31,
            "eps_growth_year": 29.82,
            "eps_4q": 12.41,
            "eps_4q_growth_year": 26.31,
            "roe": 14.95,
            "roe_4q": 49.34,
            "gross_profit": 398991,
            "gross_margin": 12.96,
            "gross_margin_4q_avg": 15.31,
            "net_income": 303918,
            "revenue": 3077558,
            "common_shares": 705771,
            "book_valuer_per_share": 30.95,
            "book_valuer_per_share_4q_avg": 34.25,
            "equity": 2184567,
            "current_ratio": 177.61,
            "debt_ratio": 53.1,
            "inventory_turnover_ratio": 2.32,
            "account_receivable_turnover_ratio": null,
            "reinvestment_rate": null,
            "research_to_sale_ratio": null,
            "price_fair": 440.17,
            "eps_avg_yearly": 13.06,
            "eps_latest_yearly": 17.24,
            "eps_growth_yearly": 23.7
        },
        "20064": {
            "year_quarter": 20064,
            "year": 2006,
            "quarter": 4,
            "eps": 5.96,
            "eps_growth_year": 27.62,
            "eps_4q": 15.14,
            "eps_4q_growth_year": 23.75,
            "roe": 16.76,
            "roe_4q": 50.120000000000005,
            "gross_profit": 670156,
            "gross_margin": 13.54,
            "gross_margin_4q_avg": 13.84,
            "net_income": 421556,
            "revenue": 4948958,
            "common_shares": 725771,
            "book_valuer_per_share": 39.23,
            "book_valuer_per_share_4q_avg": 35.59,
            "equity": 2847125,
            "current_ratio": 187.19,
            "debt_ratio": 50.82,
            "inventory_turnover_ratio": 2.94,
            "account_receivable_turnover_ratio": null,
            "reinvestment_rate": null,
            "research_to_sale_ratio": null,
            "price_fair": 488.6,
            "eps_avg_yearly": 13.96,
            "eps_latest_yearly": 23.84,
            "eps_growth_yearly": 34.49
        },
        "20071": {
            "year_quarter": 20071,
            "year": 2007,
            "quarter": 1,
            "eps": 3.8,
            "eps_growth_year": 33.33,
            "eps_4q": 16.51,
            "eps_4q_growth_year": 37.25,
            "roe": 9.24,
            "roe_4q": 51.27,
            "gross_profit": 401956,
            "gross_margin": 9.75,
            "gross_margin_4q_avg": 12.59,
            "net_income": 275594,
            "revenue": 4123192,
            "common_shares": 725771,
            "book_valuer_per_share": 42.99,
            "book_valuer_per_share_4q_avg": 37.21,
            "equity": 3119989,
            "current_ratio": 231.73,
            "debt_ratio": 39.2,
            "inventory_turnover_ratio": 2.91,
            "account_receivable_turnover_ratio": null,
            "reinvestment_rate": null,
            "research_to_sale_ratio": null,
            "price_fair": 431.24,
            "eps_avg_yearly": 14.06,
            "eps_latest_yearly": 15.2,
            "eps_growth_yearly": 20.68
        },
        "20072": {
            "year_quarter": 20072,
            "year": 2007,
            "quarter": 2,
            "eps": 5.51,
            "eps_growth_year": 47.72,
            "eps_4q": 19.22,
            "eps_4q_growth_year": 39.08,
            "roe": 11.24,
            "roe_4q": 52.19,
            "gross_profit": 651739,
            "gross_margin": 14.97,
            "gross_margin_4q_avg": 12.81,
            "net_income": 402285,
            "revenue": 4353790,
            "common_shares": 765771,
            "book_valuer_per_share": 52.71,
            "book_valuer_per_share_4q_avg": 41.47,
            "equity": 4036406,
            "current_ratio": 228.22,
            "debt_ratio": 39.97,
            "inventory_turnover_ratio": 2.58,
            "account_receivable_turnover_ratio": null,
            "reinvestment_rate": null,
            "research_to_sale_ratio": null,
            "price_fair": 474.48,
            "eps_avg_yearly": 14.64,
            "eps_latest_yearly": 22.04,
            "eps_growth_yearly": 22.41
        },
        "20073": {
            "year_quarter": 20073,
            "year": 2007,
            "quarter": 3,
            "eps": 5.24,
            "eps_growth_year": 21.58,
            "eps_4q": 16.49,
            "eps_4q_growth_year": 32.94,
            "roe": 11.92,
            "roe_4q": 49.16,
            "gross_profit": 802312,
            "gross_margin": 13.5,
            "gross_margin_4q_avg": 12.94,
            "net_income": 511949,
            "revenue": 5941436,
            "common_shares": 1001803,
            "book_valuer_per_share": 45.45,
            "book_valuer_per_share_4q_avg": 45.1,
            "equity": 4552872,
            "current_ratio": 197.46,
            "debt_ratio": 46.08,
            "inventory_turnover_ratio": 2.27,
            "account_receivable_turnover_ratio": null,
            "reinvestment_rate": null,
            "research_to_sale_ratio": null,
            "price_fair": 443.83,
            "eps_avg_yearly": 15.09,
            "eps_latest_yearly": 20.96,
            "eps_growth_yearly": 19.41
        },
        "20074": {
            "year_quarter": 20074,
            "year": 2007,
            "quarter": 4,
            "eps": 2.08,
            "eps_growth_year": -65.1,
            "eps_4q": 14.17,
            "eps_4q_growth_year": -6.45,
            "roe": 4.29,
            "roe_4q": 36.690000000000005,
            "gross_profit": 445356,
            "gross_margin": 7.63,
            "gross_margin_4q_avg": 11.46,
            "net_income": 204725,
            "revenue": 5839773,
            "common_shares": 1011802,
            "book_valuer_per_share": 49.38,
            "book_valuer_per_share_4q_avg": 47.63,
            "equity": 4996597,
            "current_ratio": 247.01,
            "debt_ratio": 35.71,
            "inventory_turnover_ratio": 2.4,
            "account_receivable_turnover_ratio": null,
            "reinvestment_rate": 15.37,
            "research_to_sale_ratio": null,
            "price_fair": 176.17,
            "eps_avg_yearly": 14.64,
            "eps_latest_yearly": 8.32,
            "eps_growth_yearly": 2.03
        },
        "20081": {
            "year_quarter": 20081,
            "year": 2008,
            "quarter": 1,
            "eps": 2.01,
            "eps_growth_year": -47.11,
            "eps_4q": 13.6,
            "eps_4q_growth_year": -17.61,
            "roe": 3.88,
            "roe_4q": 31.33,
            "gross_profit": 391225,
            "gross_margin": 8.77,
            "gross_margin_4q_avg": 11.22,
            "net_income": 195227,
            "revenue": 4461017,
            "common_shares": 1011802,
            "book_valuer_per_share": 49.81,
            "book_valuer_per_share_4q_avg": 49.34,
            "equity": 5066358,
            "current_ratio": 200.05,
            "debt_ratio": 43.66,
            "inventory_turnover_ratio": 1.68,
            "account_receivable_turnover_ratio": null,
            "reinvestment_rate": 18.52,
            "research_to_sale_ratio": null,
            "price_fair": 157.43,
            "eps_avg_yearly": 14.23,
            "eps_latest_yearly": 8.04,
            "eps_growth_yearly": 1.07
        },
        "20082": {
            "year_quarter": 20082,
            "year": 2008,
            "quarter": 2,
            "eps": 1.05,
            "eps_growth_year": -80.94,
            "eps_4q": 8.67,
            "eps_4q_growth_year": -54.92,
            "roe": 2.45,
            "roe_4q": 22.54,
            "gross_profit": 509018,
            "gross_margin": 9.91,
            "gross_margin_4q_avg": 9.95,
            "net_income": 124216,
            "revenue": 5135472,
            "common_shares": 1044802,
            "book_valuer_per_share": 48.03,
            "book_valuer_per_share_4q_avg": 48.17,
            "equity": 5062566,
            "current_ratio": 207.41,
            "debt_ratio": 41.09,
            "inventory_turnover_ratio": 1.63,
            "account_receivable_turnover_ratio": null,
            "reinvestment_rate": 20.34,
            "research_to_sale_ratio": null,
            "price_fair": 160.21,
            "eps_avg_yearly": 13.73,
            "eps_latest_yearly": 4.2,
            "eps_growth_yearly": 1.67
        },
        "20083": {
            "year_quarter": 20083,
            "year": 2008,
            "quarter": 3,
            "eps": 0.57,
            "eps_growth_year": -89.12,
            "eps_4q": 4.72,
            "eps_4q_growth_year": -71.38,
            "roe": 1.38,
            "roe_4q": 12,
            "gross_profit": 160972,
            "gross_margin": 3.04,
            "gross_margin_4q_avg": 7.34,
            "net_income": 70514,
            "revenue": 5295158,
            "common_shares": 1267662,
            "book_valuer_per_share": 40.14,
            "book_valuer_per_share_4q_avg": 46.84,
            "equity": 5133080,
            "current_ratio": 250.55,
            "debt_ratio": 32.92,
            "inventory_turnover_ratio": 2.5,
            "account_receivable_turnover_ratio": null,
            "reinvestment_rate": 21.89,
            "research_to_sale_ratio": null,
            "price_fair": 40.19,
            "eps_avg_yearly": 13.4,
            "eps_latest_yearly": 2.28,
            "eps_growth_yearly": -0.6
        },
        "20084": {
            "year_quarter": 20084,
            "year": 2008,
            "quarter": 4,
            "eps": 1.4,
            "eps_growth_year": -32.69,
            "eps_4q": 4.05,
            "eps_4q_growth_year": -71.43,
            "roe": 3.66,
            "roe_4q": 11.370000000000001,
            "gross_profit": 254863,
            "gross_margin": 5.78,
            "gross_margin_4q_avg": 6.88,
            "net_income": 191587,
            "revenue": 4407676,
            "common_shares": 1267662,
            "book_valuer_per_share": 41.52,
            "book_valuer_per_share_4q_avg": 44.88,
            "equity": 5324988,
            "current_ratio": 267.1,
            "debt_ratio": 30.83,
            "inventory_turnover_ratio": 2.95,
            "account_receivable_turnover_ratio": 5.69,
            "reinvestment_rate": 22.28,
            "research_to_sale_ratio": null,
            "price_fair": 457.19,
            "eps_avg_yearly": 13.06,
            "eps_latest_yearly": 5.6,
            "eps_growth_yearly": 25.25
        },
        "20091": {
            "year_quarter": 20091,
            "year": 2009,
            "quarter": 1,
            "eps": 3.56,
            "eps_growth_year": 77.11,
            "eps_4q": 4.84,
            "eps_4q_growth_year": -64.45,
            "roe": 10.4,
            "roe_4q": 17.89,
            "gross_profit": 930153,
            "gross_margin": 21.37,
            "gross_margin_4q_avg": 10.03,
            "net_income": 589388,
            "revenue": 4353187,
            "common_shares": 1284662,
            "book_valuer_per_share": 45.23,
            "book_valuer_per_share_4q_avg": 43.73,
            "equity": 6012351,
            "current_ratio": 225.5,
            "debt_ratio": 35.5,
            "inventory_turnover_ratio": 1.82,
            "account_receivable_turnover_ratio": 2.42,
            "reinvestment_rate": 19.53,
            "research_to_sale_ratio": null,
            "price_fair": 462.09,
            "eps_avg_yearly": 13.2,
            "eps_latest_yearly": 14.24,
            "eps_growth_yearly": 61.35
        },
        "20092": {
            "year_quarter": 20092,
            "year": 2009,
            "quarter": 2,
            "eps": 3.1,
            "eps_growth_year": 195.24,
            "eps_4q": 7.41,
            "eps_4q_growth_year": -14.48,
            "roe": 7.27,
            "roe_4q": 22.71,
            "gross_profit": 851418,
            "gross_margin": 15.69,
            "gross_margin_4q_avg": 11.47,
            "net_income": 472573,
            "revenue": 5426182,
            "common_shares": 1340662,
            "book_valuer_per_share": 50.4,
            "book_valuer_per_share_4q_avg": 44.32,
            "equity": 6995210,
            "current_ratio": 194.14,
            "debt_ratio": 43.15,
            "inventory_turnover_ratio": 1.64,
            "account_receivable_turnover_ratio": 2.39,
            "reinvestment_rate": 17.87,
            "research_to_sale_ratio": null,
            "price_fair": 465.15,
            "eps_avg_yearly": 13.29,
            "eps_latest_yearly": 12.4,
            "eps_growth_yearly": 60.2
        },
        "20093": {
            "year_quarter": 20093,
            "year": 2009,
            "quarter": 3,
            "eps": 3.15,
            "eps_growth_year": 452.63,
            "eps_4q": 11.15,
            "eps_4q_growth_year": 136.2,
            "roe": 5.91,
            "roe_4q": 27.24,
            "gross_profit": 923239,
            "gross_margin": 13.33,
            "gross_margin_4q_avg": 14.04,
            "net_income": 426206,
            "revenue": 6927551,
            "common_shares": 1467273,
            "book_valuer_per_share": 49.19,
            "book_valuer_per_share_4q_avg": 46.59,
            "equity": 7432745,
            "current_ratio": 213.16,
            "debt_ratio": 41.41,
            "inventory_turnover_ratio": 2.01,
            "account_receivable_turnover_ratio": 2.57,
            "reinvestment_rate": 14.34,
            "research_to_sale_ratio": null,
            "price_fair": 463.66,
            "eps_avg_yearly": 13.25,
            "eps_latest_yearly": 12.6,
            "eps_growth_yearly": 55.43
        },
        "20094": {
            "year_quarter": 20094,
            "year": 2009,
            "quarter": 4,
            "eps": 5.06,
            "eps_growth_year": 261.43,
            "eps_4q": 13.45,
            "eps_4q_growth_year": 232.34,
            "roe": 9.83,
            "roe_4q": 33.41,
            "gross_profit": 1291878,
            "gross_margin": 15.65,
            "gross_margin_4q_avg": 16.51,
            "net_income": 759821,
            "revenue": 8254794,
            "common_shares": 1467273,
            "book_valuer_per_share": 54.49,
            "book_valuer_per_share_4q_avg": 49.83,
            "equity": 8024695,
            "current_ratio": 229.3,
            "debt_ratio": 39.73,
            "inventory_turnover_ratio": 2.45,
            "account_receivable_turnover_ratio": 5.05,
            "reinvestment_rate": 21.04,
            "research_to_sale_ratio": null,
            "price_fair": 467.08,
            "eps_avg_yearly": 13.35,
            "eps_latest_yearly": 20.24,
            "eps_growth_yearly": 60.42
        },
        "20101": {
            "year_quarter": 20101,
            "year": 2010,
            "quarter": 1,
            "eps": 2.85,
            "eps_growth_year": -19.94,
            "eps_4q": 13.57,
            "eps_4q_growth_year": 180.53,
            "roe": 5.08,
            "roe_4q": 28.09,
            "gross_profit": 804817,
            "gross_margin": 10.08,
            "gross_margin_4q_avg": 13.69,
            "net_income": 419370,
            "revenue": 7985078,
            "common_shares": 1472648,
            "book_valuer_per_share": 57.5,
            "book_valuer_per_share_4q_avg": 52.9,
            "equity": 8479451,
            "current_ratio": 214.48,
            "debt_ratio": 40.01,
            "inventory_turnover_ratio": 2.49,
            "account_receivable_turnover_ratio": 2.48,
            "reinvestment_rate": 20.36,
            "research_to_sale_ratio": 2.33,
            "price_fair": 467.08,
            "eps_avg_yearly": 13.35,
            "eps_latest_yearly": 11.4,
            "eps_growth_yearly": 59.24
        },
        "20102": {
            "year_quarter": 20102,
            "year": 2010,
            "quarter": 2,
            "eps": 1.81,
            "eps_growth_year": -41.65,
            "eps_4q": 10.82,
            "eps_4q_growth_year": 46.07,
            "roe": 3.87,
            "roe_4q": 24.69,
            "gross_profit": 824385,
            "gross_margin": 10.97,
            "gross_margin_4q_avg": 12.51,
            "net_income": 320645,
            "revenue": 7516902,
            "common_shares": 1475173,
            "book_valuer_per_share": 54.76,
            "book_valuer_per_share_4q_avg": 53.99,
            "equity": 8078981,
            "current_ratio": 198.27,
            "debt_ratio": 44.24,
            "inventory_turnover_ratio": 2.26,
            "account_receivable_turnover_ratio": 2.39,
            "reinvestment_rate": 20.31,
            "research_to_sale_ratio": 2.9,
            "price_fair": 450.28,
            "eps_avg_yearly": 12.87,
            "eps_latest_yearly": 7.24,
            "eps_growth_yearly": 42.4
        },
        "20103": {
            "year_quarter": 20103,
            "year": 2010,
            "quarter": 3,
            "eps": 2.72,
            "eps_growth_year": -13.7,
            "eps_4q": 11,
            "eps_4q_growth_year": -1.4,
            "roe": 5.79,
            "roe_4q": 24.57,
            "gross_profit": 905564,
            "gross_margin": 10.73,
            "gross_margin_4q_avg": 11.86,
            "net_income": 482452,
            "revenue": 8435728,
            "common_shares": 1770408,
            "book_valuer_per_share": 48.46,
            "book_valuer_per_share_4q_avg": 53.8,
            "equity": 8581143,
            "current_ratio": 237.6,
            "debt_ratio": 37.48,
            "inventory_turnover_ratio": 2.63,
            "account_receivable_turnover_ratio": 2.55,
            "reinvestment_rate": 19.79,
            "research_to_sale_ratio": 2.08,
            "price_fair": 436.36,
            "eps_avg_yearly": 12.47,
            "eps_latest_yearly": 10.88,
            "eps_growth_yearly": 51.08
        },
        "20104": {
            "year_quarter": 20104,
            "year": 2010,
            "quarter": 4,
            "eps": 1.64,
            "eps_growth_year": -67.5,
            "eps_4q": 8.5,
            "eps_4q_growth_year": -36.81,
            "roe": 3.36,
            "roe_4q": 18.1,
            "gross_profit": 795607,
            "gross_margin": 10.12,
            "gross_margin_4q_avg": 10.48,
            "net_income": 293256,
            "revenue": 7858547,
            "common_shares": 1770788,
            "book_valuer_per_share": 50.09,
            "book_valuer_per_share_4q_avg": 52.7,
            "equity": 8884221,
            "current_ratio": 258.81,
            "debt_ratio": 35,
            "inventory_turnover_ratio": 2.86,
            "account_receivable_turnover_ratio": 2.42,
            "reinvestment_rate": 20.37,
            "research_to_sale_ratio": 2.72,
            "price_fair": 398.56,
            "eps_avg_yearly": 11.39,
            "eps_latest_yearly": 6.56,
            "eps_growth_yearly": 31.59
        },
        "20111": {
            "year_quarter": 20111,
            "year": 2011,
            "quarter": 1,
            "eps": 3.66,
            "eps_growth_year": 28.42,
            "eps_4q": 9.52,
            "eps_4q_growth_year": -29.79,
            "roe": 7.02,
            "roe_4q": 20.04,
            "gross_profit": 1138679,
            "gross_margin": 14.76,
            "gross_margin_4q_avg": 11.65,
            "net_income": 649222,
            "revenue": 7712084,
            "common_shares": 1773603,
            "book_valuer_per_share": 53.8,
            "book_valuer_per_share_4q_avg": 51.78,
            "equity": 9605076,
            "current_ratio": 243.1,
            "debt_ratio": 37.17,
            "inventory_turnover_ratio": 2.19,
            "account_receivable_turnover_ratio": 2.29,
            "reinvestment_rate": 20.04,
            "research_to_sale_ratio": 3.47,
            "price_fair": 397.34,
            "eps_avg_yearly": 11.35,
            "eps_latest_yearly": 14.64,
            "eps_growth_yearly": 71.44
        },
        "20112": {
            "year_quarter": 20112,
            "year": 2011,
            "quarter": 2,
            "eps": 2.5,
            "eps_growth_year": 38.19,
            "eps_4q": 10.46,
            "eps_4q_growth_year": -3.39,
            "roe": 4.74,
            "roe_4q": 20.91,
            "gross_profit": 899376,
            "gross_margin": 11.91,
            "gross_margin_4q_avg": 11.88,
            "net_income": 447579,
            "revenue": 7551076,
            "common_shares": 1785263,
            "book_valuer_per_share": 51.99,
            "book_valuer_per_share_4q_avg": 51.09,
            "equity": 9287863,
            "current_ratio": 231.61,
            "debt_ratio": 38.41,
            "inventory_turnover_ratio": 1.88,
            "account_receivable_turnover_ratio": 2.05,
            "reinvestment_rate": 21.17,
            "research_to_sale_ratio": 3,
            "price_fair": 371,
            "eps_avg_yearly": 10.6,
            "eps_latest_yearly": 10,
            "eps_growth_yearly": 52.26
        },
        "20113": {
            "year_quarter": 20113,
            "year": 2011,
            "quarter": 3,
            "eps": 3.88,
            "eps_growth_year": 42.6,
            "eps_4q": 11.63,
            "eps_4q_growth_year": 5.8,
            "roe": 7.2,
            "roe_4q": 22.32,
            "gross_profit": 1092360,
            "gross_margin": 13.15,
            "gross_margin_4q_avg": 12.49,
            "net_income": 694694,
            "revenue": 8303844,
            "common_shares": 1786338,
            "book_valuer_per_share": 55.93,
            "book_valuer_per_share_4q_avg": 52.95,
            "equity": 9997016,
            "current_ratio": 274.26,
            "debt_ratio": 32.06,
            "inventory_turnover_ratio": 2.48,
            "account_receivable_turnover_ratio": 2.18,
            "reinvestment_rate": 20.22,
            "research_to_sale_ratio": 3.99,
            "price_fair": 359.1,
            "eps_avg_yearly": 10.26,
            "eps_latest_yearly": 15.52,
            "eps_growth_yearly": 67.29
        },
        "20114": {
            "year_quarter": 20114,
            "year": 2011,
            "quarter": 4,
            "eps": 4.61,
            "eps_growth_year": 179.99,
            "eps_4q": 14.61,
            "eps_4q_growth_year": 71.82,
            "roe": 7.93,
            "roe_4q": 26.889999999999997,
            "gross_profit": 1403690,
            "gross_margin": 15.99,
            "gross_margin_4q_avg": 13.95,
            "net_income": 824903,
            "revenue": 8778857,
            "common_shares": 1787532,
            "book_valuer_per_share": 60.41,
            "book_valuer_per_share_4q_avg": 55.53,
            "equity": 10804058,
            "current_ratio": 294.76,
            "debt_ratio": 30.36,
            "inventory_turnover_ratio": 3.28,
            "account_receivable_turnover_ratio": 2.1,
            "reinvestment_rate": 14.63,
            "research_to_sale_ratio": 3.97,
            "price_fair": 381.24,
            "eps_avg_yearly": 10.89,
            "eps_latest_yearly": 18.44,
            "eps_growth_yearly": 87.07
        },
        "20121": {
            "year_quarter": 20121,
            "year": 2012,
            "quarter": 1,
            "eps": 3.84,
            "eps_growth_year": 4.92,
            "eps_4q": 14.34,
            "eps_4q_growth_year": 50.53,
            "roe": 6.15,
            "roe_4q": 26.020000000000003,
            "gross_profit": 1185930,
            "gross_margin": 14.42,
            "gross_margin_4q_avg": 13.87,
            "net_income": 687241,
            "revenue": 8225712,
            "common_shares": 1788327,
            "book_valuer_per_share": 64.18,
            "book_valuer_per_share_4q_avg": 58.13,
            "equity": 11554247,
            "current_ratio": 259.53,
            "debt_ratio": 34.87,
            "inventory_turnover_ratio": 2.6,
            "account_receivable_turnover_ratio": 1.94,
            "reinvestment_rate": 12.62,
            "research_to_sale_ratio": 2.95,
            "price_fair": 397.25,
            "eps_avg_yearly": 11.35,
            "eps_latest_yearly": 15.36,
            "eps_growth_yearly": 83.74
        },
        "20122": {
            "year_quarter": 20122,
            "year": 2012,
            "quarter": 2,
            "eps": 3.26,
            "eps_growth_year": 30.57,
            "eps_4q": 15.52,
            "eps_4q_growth_year": 48.42,
            "roe": 5.24,
            "roe_4q": 26.52,
            "gross_profit": 1095808,
            "gross_margin": 13.63,
            "gross_margin_4q_avg": 14.3,
            "net_income": 587606,
            "revenue": 8038219,
            "common_shares": 1800217,
            "book_valuer_per_share": 60.42,
            "book_valuer_per_share_4q_avg": 60.24,
            "equity": 10877754,
            "current_ratio": 242.93,
            "debt_ratio": 37.06,
            "inventory_turnover_ratio": 2.18,
            "account_receivable_turnover_ratio": 1.98,
            "reinvestment_rate": 11.56,
            "research_to_sale_ratio": 3.59,
            "price_fair": 416.59,
            "eps_avg_yearly": 11.9,
            "eps_latest_yearly": 13.04,
            "eps_growth_yearly": 91.9
        },
        "20123": {
            "year_quarter": 20123,
            "year": 2012,
            "quarter": 3,
            "eps": 4.55,
            "eps_growth_year": 17.45,
            "eps_4q": 16.17,
            "eps_4q_growth_year": 39,
            "roe": 7.29,
            "roe_4q": 26.61,
            "gross_profit": 1519048,
            "gross_margin": 17.47,
            "gross_margin_4q_avg": 15.38,
            "net_income": 822835,
            "revenue": 8695871,
            "common_shares": 1800257,
            "book_valuer_per_share": 64.99,
            "book_valuer_per_share_4q_avg": 62.5,
            "equity": 11709282,
            "current_ratio": 247.99,
            "debt_ratio": 36.57,
            "inventory_turnover_ratio": 2.27,
            "account_receivable_turnover_ratio": 2.13,
            "reinvestment_rate": 9.59,
            "research_to_sale_ratio": 4.18,
            "price_fair": 451.41,
            "eps_avg_yearly": 12.9,
            "eps_latest_yearly": 18.2,
            "eps_growth_yearly": 113.22
        },
        "20124": {
            "year_quarter": 20124,
            "year": 2012,
            "quarter": 4,
            "eps": 3.3,
            "eps_growth_year": -28.32,
            "eps_4q": 14.89,
            "eps_4q_growth_year": 1.92,
            "roe": 4.98,
            "roe_4q": 23.659999999999997,
            "gross_profit": 1227130,
            "gross_margin": 15.09,
            "gross_margin_4q_avg": 15.15,
            "net_income": 597702,
            "revenue": 8131267,
            "common_shares": 1801622,
            "book_valuer_per_share": 68.29,
            "book_valuer_per_share_4q_avg": 64.47,
            "equity": 12315422,
            "current_ratio": 313.21,
            "debt_ratio": 28.76,
            "inventory_turnover_ratio": 2.45,
            "account_receivable_turnover_ratio": 1.99,
            "reinvestment_rate": 8.9,
            "research_to_sale_ratio": 3.85,
            "price_fair": 468.04,
            "eps_avg_yearly": 13.37,
            "eps_latest_yearly": 13.2,
            "eps_growth_yearly": 69.95
        },
        "20131": {
            "year_quarter": 20131,
            "year": 2013,
            "quarter": 1,
            "eps": 4.15,
            "eps_growth_year": 8.07,
            "eps_4q": 15.27,
            "eps_4q_growth_year": 6.52,
            "roe": 5.9,
            "roe_4q": 23.410000000000004,
            "gross_profit": 1301769,
            "gross_margin": 18.3,
            "gross_margin_4q_avg": 16.12,
            "net_income": 747776,
            "revenue": 7113893,
            "common_shares": 1804740,
            "book_valuer_per_share": 72.29,
            "book_valuer_per_share_4q_avg": 66.5,
            "equity": 13046189,
            "current_ratio": 318.49,
            "debt_ratio": 28.26,
            "inventory_turnover_ratio": 2.37,
            "account_receivable_turnover_ratio": 1.73,
            "reinvestment_rate": 10.03,
            "research_to_sale_ratio": 4.83,
            "price_fair": 473.2,
            "eps_avg_yearly": 13.52,
            "eps_latest_yearly": 16.6,
            "eps_growth_yearly": 37.82
        },
        "20132": {
            "year_quarter": 20132,
            "year": 2013,
            "quarter": 2,
            "eps": 4.52,
            "eps_growth_year": 38.49,
            "eps_4q": 16.54,
            "eps_4q_growth_year": 6.54,
            "roe": 6.41,
            "roe_4q": 24.58,
            "gross_profit": 1560871,
            "gross_margin": 18.81,
            "gross_margin_4q_avg": 17.42,
            "net_income": 815987,
            "revenue": 8297850,
            "common_shares": 1804740,
            "book_valuer_per_share": 68.8,
            "book_valuer_per_share_4q_avg": 68.59,
            "equity": 12417047,
            "current_ratio": 240.39,
            "debt_ratio": 37.5,
            "inventory_turnover_ratio": 2.33,
            "account_receivable_turnover_ratio": 1.84,
            "reinvestment_rate": 10.67,
            "research_to_sale_ratio": 5.66,
            "price_fair": 485.63,
            "eps_avg_yearly": 13.88,
            "eps_latest_yearly": 18.08,
            "eps_growth_yearly": 43.28
        },
        "20133": {
            "year_quarter": 20133,
            "year": 2013,
            "quarter": 3,
            "eps": 4.74,
            "eps_growth_year": 4.11,
            "eps_4q": 16.72,
            "eps_4q_growth_year": 3.38,
            "roe": 6.66,
            "roe_4q": 23.95,
            "gross_profit": 1466505,
            "gross_margin": 17.46,
            "gross_margin_4q_avg": 17.42,
            "net_income": 855603,
            "revenue": 8399862,
            "common_shares": 1804740,
            "book_valuer_per_share": 73.53,
            "book_valuer_per_share_4q_avg": 70.73,
            "equity": 13270370,
            "current_ratio": 315.53,
            "debt_ratio": 28.23,
            "inventory_turnover_ratio": 2.05,
            "account_receivable_turnover_ratio": 1.86,
            "reinvestment_rate": 12.09,
            "research_to_sale_ratio": 4.43,
            "price_fair": 499.54,
            "eps_avg_yearly": 14.27,
            "eps_latest_yearly": 18.96,
            "eps_growth_yearly": 44.09
        },
        "20134": {
            "year_quarter": 20134,
            "year": 2013,
            "quarter": 4,
            "eps": 4.16,
            "eps_growth_year": 26.09,
            "eps_4q": 17.57,
            "eps_4q_growth_year": 18.02,
            "roe": 8.21,
            "roe_4q": 27.18,
            "gross_profit": 2005307,
            "gross_margin": 26.44,
            "gross_margin_4q_avg": 20.25,
            "net_income": 1148612,
            "revenue": 7584911,
            "common_shares": 1804740,
            "book_valuer_per_share": 77.7,
            "book_valuer_per_share_4q_avg": 73.08,
            "equity": 14715758,
            "current_ratio": 262.53,
            "debt_ratio": 34.47,
            "inventory_turnover_ratio": 1.2,
            "account_receivable_turnover_ratio": 1.94,
            "reinvestment_rate": 8,
            "research_to_sale_ratio": 6.05,
            "price_fair": 491.66,
            "eps_avg_yearly": 14.05,
            "eps_latest_yearly": 16.64,
            "eps_growth_yearly": 25.87
        },
        "20141": {
            "year_quarter": 20141,
            "year": 2014,
            "quarter": 1,
            "eps": 4.16,
            "eps_growth_year": 0.24,
            "eps_4q": 17.58,
            "eps_4q_growth_year": 15.14,
            "roe": 5.09,
            "roe_4q": 26.37,
            "gross_profit": 1207338,
            "gross_margin": 15.68,
            "gross_margin_4q_avg": 19.6,
            "net_income": 750464,
            "revenue": 7701334,
            "common_shares": 1804740,
            "book_valuer_per_share": 81.87,
            "book_valuer_per_share_4q_avg": 75.48,
            "equity": 14775322,
            "current_ratio": 326.5,
            "debt_ratio": 27.51,
            "inventory_turnover_ratio": 1.28,
            "account_receivable_turnover_ratio": 2.08,
            "reinvestment_rate": 7.7,
            "research_to_sale_ratio": 4.84,
            "price_fair": 503.13,
            "eps_avg_yearly": 14.38,
            "eps_latest_yearly": 16.64,
            "eps_growth_yearly": 36.79
        },
        "20142": {
            "year_quarter": 20142,
            "year": 2014,
            "quarter": 2,
            "eps": 4.35,
            "eps_growth_year": -3.76,
            "eps_4q": 16.95,
            "eps_4q_growth_year": 2.52,
            "roe": 5.36,
            "roe_4q": 25.32,
            "gross_profit": 1461797,
            "gross_margin": 18.07,
            "gross_margin_4q_avg": 19.41,
            "net_income": 786978,
            "revenue": 8087878,
            "common_shares": 1854740,
            "book_valuer_per_share": 78.67,
            "book_valuer_per_share_4q_avg": 77.94,
            "equity": 14590905,
            "current_ratio": 266.56,
            "debt_ratio": 33.74,
            "inventory_turnover_ratio": 1.6,
            "account_receivable_turnover_ratio": 2.02,
            "reinvestment_rate": 8.17,
            "research_to_sale_ratio": 4.14,
            "price_fair": 525.35,
            "eps_avg_yearly": 15.01,
            "eps_latest_yearly": 17.4,
            "eps_growth_yearly": 47.06
        },
        "20143": {
            "year_quarter": 20143,
            "year": 2014,
            "quarter": 3,
            "eps": 4.82,
            "eps_growth_year": 1.69,
            "eps_4q": 17.16,
            "eps_4q_growth_year": 2.66,
            "roe": 5.9,
            "roe_4q": 24.560000000000002,
            "gross_profit": 1616118,
            "gross_margin": 18.97,
            "gross_margin_4q_avg": 19.79,
            "net_income": 894620,
            "revenue": 8517746,
            "common_shares": 1854740,
            "book_valuer_per_share": 84.91,
            "book_valuer_per_share_4q_avg": 80.79,
            "equity": 15748400,
            "current_ratio": 344.9,
            "debt_ratio": 25.52,
            "inventory_turnover_ratio": 1.63,
            "account_receivable_turnover_ratio": 2.11,
            "reinvestment_rate": 10.93,
            "research_to_sale_ratio": 5.86,
            "price_fair": 543.73,
            "eps_avg_yearly": 15.54,
            "eps_latest_yearly": 19.28,
            "eps_growth_yearly": 37.19
        },
        "20144": {
            "year_quarter": 20144,
            "year": 2014,
            "quarter": 4,
            "eps": 4.15,
            "eps_growth_year": -0.38,
            "eps_4q": 17.26,
            "eps_4q_growth_year": -1.76,
            "roe": 4.77,
            "roe_4q": 21.12,
            "gross_profit": 1304319,
            "gross_margin": 14.88,
            "gross_margin_4q_avg": 16.9,
            "net_income": 769087,
            "revenue": 8767740,
            "common_shares": 1854740,
            "book_valuer_per_share": 89.06,
            "book_valuer_per_share_4q_avg": 83.63,
            "equity": 16517480,
            "current_ratio": 319.33,
            "debt_ratio": 27.58,
            "inventory_turnover_ratio": 1.49,
            "account_receivable_turnover_ratio": 2.15,
            "reinvestment_rate": 11.95,
            "research_to_sale_ratio": 5.26,
            "price_fair": 565.69,
            "eps_avg_yearly": 16.16,
            "eps_latest_yearly": 16.6,
            "eps_growth_yearly": 43.64
        },
        "20151": {
            "year_quarter": 20151,
            "year": 2015,
            "quarter": 1,
            "eps": 4.52,
            "eps_growth_year": 8.65,
            "eps_4q": 16.8,
            "eps_4q_growth_year": -4.43,
            "roe": 4.79,
            "roe_4q": 20.82,
            "gross_profit": 1814891,
            "gross_margin": 21.76,
            "gross_margin_4q_avg": 18.42,
            "net_income": 865596,
            "revenue": 8341477,
            "common_shares": 1973740,
            "book_valuer_per_share": 99.26,
            "book_valuer_per_share_4q_avg": 87.98,
            "equity": 19638856,
            "current_ratio": 352.88,
            "debt_ratio": 24.86,
            "inventory_turnover_ratio": 1.19,
            "account_receivable_turnover_ratio": 2,
            "reinvestment_rate": 14.34,
            "research_to_sale_ratio": 6.74,
            "price_fair": 410.68,
            "eps_avg_yearly": 16.38,
            "eps_latest_yearly": 18.08,
            "eps_growth_yearly": 15.08
        },
        "20152": {
            "year_quarter": 20152,
            "year": 2015,
            "quarter": 2,
            "eps": 4.63,
            "eps_growth_year": 6.44,
            "eps_4q": 17.45,
            "eps_4q_growth_year": 2.92,
            "roe": 4.66,
            "roe_4q": 20.119999999999997,
            "gross_profit": 1984066,
            "gross_margin": 23.5,
            "gross_margin_4q_avg": 19.78,
            "net_income": 884517,
            "revenue": 8442157,
            "common_shares": 1973740,
            "book_valuer_per_share": 92.67,
            "book_valuer_per_share_4q_avg": 91.48,
            "equity": 18331487,
            "current_ratio": 255.3,
            "debt_ratio": 34.29,
            "inventory_turnover_ratio": 1.05,
            "account_receivable_turnover_ratio": 2.07,
            "reinvestment_rate": 12.57,
            "research_to_sale_ratio": 7.01,
            "price_fair": 568.3,
            "eps_avg_yearly": 16.91,
            "eps_latest_yearly": 18.52,
            "eps_growth_yearly": 23.61
        },
        "20153": {
            "year_quarter": 20153,
            "year": 2015,
            "quarter": 3,
            "eps": 6,
            "eps_growth_year": 24.48,
            "eps_4q": 18.91,
            "eps_4q_growth_year": 10.21,
            "roe": 6.25,
            "roe_4q": 20.47,
            "gross_profit": 1968116,
            "gross_margin": 19.61,
            "gross_margin_4q_avg": 19.94,
            "net_income": 1178105,
            "revenue": 10033816,
            "common_shares": 1973740,
            "book_valuer_per_share": 98.04,
            "book_valuer_per_share_4q_avg": 94.76,
            "equity": 19385704,
            "current_ratio": 331.83,
            "debt_ratio": 26.41,
            "inventory_turnover_ratio": 1.3,
            "account_receivable_turnover_ratio": 2.21,
            "reinvestment_rate": 11.36,
            "research_to_sale_ratio": 6.12,
            "price_fair": 474.46,
            "eps_avg_yearly": 17.44,
            "eps_latest_yearly": 24,
            "eps_growth_yearly": 17.21
        },
        "20154": {
            "year_quarter": 20154,
            "year": 2015,
            "quarter": 4,
            "eps": 5.25,
            "eps_growth_year": 26.56,
            "eps_4q": 20.27,
            "eps_4q_growth_year": 17.42,
            "roe": 5.18,
            "roe_4q": 20.88,
            "gross_profit": 1869109,
            "gross_margin": 18.04,
            "gross_margin_4q_avg": 20.73,
            "net_income": 1029311,
            "revenue": 10360653,
            "common_shares": 1973740,
            "book_valuer_per_share": 102.99,
            "book_valuer_per_share_4q_avg": 98.24,
            "equity": 20356665,
            "current_ratio": 330.34,
            "debt_ratio": 26.65,
            "inventory_turnover_ratio": 1.54,
            "account_receivable_turnover_ratio": 2.21,
            "reinvestment_rate": 12.39,
            "research_to_sale_ratio": 6.05,
            "price_fair": 341.02,
            "eps_avg_yearly": 17.6,
            "eps_latest_yearly": 21,
            "eps_growth_yearly": 9.38
        },
        "20161": {
            "year_quarter": 20161,
            "year": 2016,
            "quarter": 1,
            "eps": 4.71,
            "eps_growth_year": 4.2,
            "eps_4q": 20.59,
            "eps_4q_growth_year": 22.52,
            "roe": 4.45,
            "roe_4q": 20.54,
            "gross_profit": 1923795,
            "gross_margin": 19.42,
            "gross_margin_4q_avg": 20.14,
            "net_income": 926974,
            "revenue": 9906386,
            "common_shares": 1973740,
            "book_valuer_per_share": 107.89,
            "book_valuer_per_share_4q_avg": 100.4,
            "equity": 21321520,
            "current_ratio": 284.41,
            "debt_ratio": 30.67,
            "inventory_turnover_ratio": 1.1,
            "account_receivable_turnover_ratio": 2.14,
            "reinvestment_rate": 15.96,
            "research_to_sale_ratio": 7.31,
            "price_fair": 373.82,
            "eps_avg_yearly": 17.82,
            "eps_latest_yearly": 18.84,
            "eps_growth_yearly": 10.98
        },
        "20162": {
            "year_quarter": 20162,
            "year": 2016,
            "quarter": 2,
            "eps": 4.87,
            "eps_growth_year": 5.18,
            "eps_4q": 20.82,
            "eps_4q_growth_year": 19.35,
            "roe": 4.63,
            "roe_4q": 20.509999999999998,
            "gross_profit": 2022257,
            "gross_margin": 19.34,
            "gross_margin_4q_avg": 19.1,
            "net_income": 955614,
            "revenue": 10456938,
            "common_shares": 1973740,
            "book_valuer_per_share": 100.79,
            "book_valuer_per_share_4q_avg": 102.43,
            "equity": 19914469,
            "current_ratio": 258.46,
            "debt_ratio": 33.44,
            "inventory_turnover_ratio": 0.98,
            "account_receivable_turnover_ratio": 2.14,
            "reinvestment_rate": 15.86,
            "research_to_sale_ratio": 6.71,
            "price_fair": 466.54,
            "eps_avg_yearly": 18.22,
            "eps_latest_yearly": 19.48,
            "eps_growth_yearly": 15.61
        },
        "20163": {
            "year_quarter": 20163,
            "year": 2016,
            "quarter": 3,
            "eps": 7.61,
            "eps_growth_year": 26.83,
            "eps_4q": 22.46,
            "eps_4q_growth_year": 18.75,
            "roe": 7.17,
            "roe_4q": 21.43,
            "gross_profit": 2629486,
            "gross_margin": 21.31,
            "gross_margin_4q_avg": 19.53,
            "net_income": 1483443,
            "revenue": 12337357,
            "common_shares": 1973740,
            "book_valuer_per_share": 108.97,
            "book_valuer_per_share_4q_avg": 105.16,
            "equity": 21481522,
            "current_ratio": 329.74,
            "debt_ratio": 25.58,
            "inventory_turnover_ratio": 1.39,
            "account_receivable_turnover_ratio": 2.21,
            "reinvestment_rate": 18.46,
            "research_to_sale_ratio": 6.54,
            "price_fair": 565.36,
            "eps_avg_yearly": 18.99,
            "eps_latest_yearly": 30.44,
            "eps_growth_yearly": 19.78
        },
        "20164": {
            "year_quarter": 20164,
            "year": 2016,
            "quarter": 4,
            "eps": 7.49,
            "eps_growth_year": 42.73,
            "eps_4q": 24.7,
            "eps_4q_growth_year": 21.86,
            "roe": 6.64,
            "roe_4q": 22.889999999999997,
            "gross_profit": 2688200,
            "gross_margin": 24.26,
            "gross_margin_4q_avg": 21.08,
            "net_income": 1475928,
            "revenue": 11081831,
            "common_shares": 1970740,
            "book_valuer_per_share": 116.67,
            "book_valuer_per_share_4q_avg": 108.58,
            "equity": 22998225,
            "current_ratio": 300.48,
            "debt_ratio": 28.08,
            "inventory_turnover_ratio": 1.49,
            "account_receivable_turnover_ratio": 2.01,
            "reinvestment_rate": 20.02,
            "research_to_sale_ratio": 8.9,
            "price_fair": 701.14,
            "eps_avg_yearly": 20.03,
            "eps_latest_yearly": 29.96,
            "eps_growth_yearly": 26.25
        },
        "20171": {
            "year_quarter": 20171,
            "year": 2017,
            "quarter": 1,
            "eps": 6.5,
            "eps_growth_year": 38,
            "eps_4q": 26.48,
            "eps_4q_growth_year": 28.61,
            "roe": 5.42,
            "roe_4q": 23.859999999999996,
            "gross_profit": 2932785,
            "gross_margin": 30.69,
            "gross_margin_4q_avg": 23.9,
            "net_income": 1281260,
            "revenue": 9555867,
            "common_shares": 1970740,
            "book_valuer_per_share": 123.22,
            "book_valuer_per_share_4q_avg": 112.41,
            "equity": 24290762,
            "current_ratio": 325.35,
            "debt_ratio": 25.55,
            "inventory_turnover_ratio": 1.07,
            "account_receivable_turnover_ratio": 2.06,
            "reinvestment_rate": 21.57,
            "research_to_sale_ratio": 10.44,
            "price_fair": 546.62,
            "eps_avg_yearly": 20.62,
            "eps_latest_yearly": 26,
            "eps_growth_yearly": 16.51
        },
        "20172": {
            "year_quarter": 20172,
            "year": 2017,
            "quarter": 2,
            "eps": 8.07,
            "eps_growth_year": 65.71,
            "eps_4q": 29.68,
            "eps_4q_growth_year": 42.52,
            "roe": 6.71,
            "roe_4q": 25.939999999999998,
            "gross_profit": 3128238,
            "gross_margin": 29.81,
            "gross_margin_4q_avg": 26.52,
            "net_income": 1591289,
            "revenue": 10492493,
            "common_shares": 1970740,
            "book_valuer_per_share": 117.58,
            "book_valuer_per_share_4q_avg": 116.61,
            "equity": 23171873,
            "current_ratio": 236.8,
            "debt_ratio": 35.15,
            "inventory_turnover_ratio": 0.9,
            "account_receivable_turnover_ratio": 2.24,
            "reinvestment_rate": 22.62,
            "research_to_sale_ratio": 8.87,
            "price_fair": 652.08,
            "eps_avg_yearly": 21.51,
            "eps_latest_yearly": 32.28,
            "eps_growth_yearly": 20.32
        },
        "20173": {
            "year_quarter": 20173,
            "year": 2017,
            "quarter": 3,
            "eps": 8.12,
            "eps_growth_year": 6.7,
            "eps_4q": 30.18,
            "eps_4q_growth_year": 34.37,
            "roe": 6.67,
            "roe_4q": 25.439999999999998,
            "gross_profit": 2969019,
            "gross_margin": 26.57,
            "gross_margin_4q_avg": 27.83,
            "net_income": 1599742,
            "revenue": 11173627,
            "common_shares": 1970740,
            "book_valuer_per_share": 125.73,
            "book_valuer_per_share_4q_avg": 120.8,
            "equity": 24779090,
            "current_ratio": 275.13,
            "debt_ratio": 30.16,
            "inventory_turnover_ratio": 0.88,
            "account_receivable_turnover_ratio": 2.2,
            "reinvestment_rate": 21.66,
            "research_to_sale_ratio": 8.38,
            "price_fair": 653.96,
            "eps_avg_yearly": 22.35,
            "eps_latest_yearly": 32.48,
            "eps_growth_yearly": 19.26
        },
        "20174": {
            "year_quarter": 20174,
            "year": 2017,
            "quarter": 4,
            "eps": 6.54,
            "eps_growth_year": -12.68,
            "eps_4q": 29.23,
            "eps_4q_growth_year": 18.37,
            "roe": 5.07,
            "roe_4q": 23.869999999999997,
            "gross_profit": 2469580,
            "gross_margin": 23.2,
            "gross_margin_4q_avg": 27.57,
            "net_income": 1288999,
            "revenue": 10642772,
            "common_shares": 1970740,
            "book_valuer_per_share": 132.23,
            "book_valuer_per_share_4q_avg": 124.69,
            "equity": 26058315,
            "current_ratio": 321.41,
            "debt_ratio": 25.82,
            "inventory_turnover_ratio": 0.98,
            "account_receivable_turnover_ratio": 1.94,
            "reinvestment_rate": 21.37,
            "research_to_sale_ratio": 7.98,
            "price_fair": 629.94,
            "eps_avg_yearly": 22.95,
            "eps_latest_yearly": 26.16,
            "eps_growth_yearly": 17.45
        },
        "20181": {
            "year_quarter": 20181,
            "year": 2018,
            "quarter": 1,
            "eps": 4.48,
            "eps_growth_year": -31.08,
            "eps_4q": 27.21,
            "eps_4q_growth_year": 2.76,
            "roe": 3.32,
            "roe_4q": 21.77,
            "gross_profit": 1813416,
            "gross_margin": 19.5,
            "gross_margin_4q_avg": 24.77,
            "net_income": 882304,
            "revenue": 9299553,
            "common_shares": 1970740,
            "book_valuer_per_share": 137.22,
            "book_valuer_per_share_4q_avg": 128.19,
            "equity": 27043098,
            "current_ratio": 309.18,
            "debt_ratio": 26.9,
            "inventory_turnover_ratio": 1.04,
            "account_receivable_turnover_ratio": 1.71,
            "reinvestment_rate": 18.86,
            "research_to_sale_ratio": 6.77,
            "price_fair": 450.8,
            "eps_avg_yearly": 23.03,
            "eps_latest_yearly": 17.92,
            "eps_growth_yearly": 9.58
        },
        "20182": {
            "year_quarter": 20182,
            "year": 2018,
            "quarter": 2,
            "eps": 6.27,
            "eps_growth_year": -22.3,
            "eps_4q": 25.41,
            "eps_4q_growth_year": -14.39,
            "roe": 4.77,
            "roe_4q": 19.83,
            "gross_profit": 2328468,
            "gross_margin": 22.54,
            "gross_margin_4q_avg": 22.95,
            "net_income": 1236195,
            "revenue": 10329146,
            "common_shares": 1970740,
            "book_valuer_per_share": 125.96,
            "book_valuer_per_share_4q_avg": 130.29,
            "equity": 24822848,
            "current_ratio": 253.25,
            "debt_ratio": 33.32,
            "inventory_turnover_ratio": 1.08,
            "account_receivable_turnover_ratio": 1.88,
            "reinvestment_rate": 16.18,
            "research_to_sale_ratio": 7.82,
            "price_fair": 668.17,
            "eps_avg_yearly": 23.51,
            "eps_latest_yearly": 25.08,
            "eps_growth_yearly": 18.42
        },
        "20183": {
            "year_quarter": 20183,
            "year": 2018,
            "quarter": 3,
            "eps": 7.12,
            "eps_growth_year": -12.32,
            "eps_4q": 24.41,
            "eps_4q_growth_year": -19.12,
            "roe": 5.51,
            "roe_4q": 18.67,
            "gross_profit": 2844077,
            "gross_margin": 25.77,
            "gross_margin_4q_avg": 22.75,
            "net_income": 1403078,
            "revenue": 11036833,
            "common_shares": 1970740,
            "book_valuer_per_share": 132.54,
            "book_valuer_per_share_4q_avg": 131.99,
            "equity": 26120495,
            "current_ratio": 317.95,
            "debt_ratio": 26.3,
            "inventory_turnover_ratio": 1.08,
            "account_receivable_turnover_ratio": 1.93,
            "reinvestment_rate": 14.41,
            "research_to_sale_ratio": 9.36,
            "price_fair": 701.08,
            "eps_avg_yearly": 24.08,
            "eps_latest_yearly": 28.48,
            "eps_growth_yearly": 19.11
        },
        "20184": {
            "year_quarter": 20184,
            "year": 2018,
            "quarter": 4,
            "eps": 4.04,
            "eps_growth_year": -38.2,
            "eps_4q": 21.91,
            "eps_4q_growth_year": -25.05,
            "roe": 3,
            "roe_4q": 16.599999999999998,
            "gross_profit": 2145993,
            "gross_margin": 21.2,
            "gross_margin_4q_avg": 22.25,
            "net_income": 796542,
            "revenue": 10122573,
            "common_shares": 1970740,
            "book_valuer_per_share": 136.56,
            "book_valuer_per_share_4q_avg": 133.07,
            "equity": 26911870,
            "current_ratio": 324.92,
            "debt_ratio": 26.14,
            "inventory_turnover_ratio": 1.05,
            "account_receivable_turnover_ratio": 1.87,
            "reinvestment_rate": 11.72,
            "research_to_sale_ratio": 10.13,
            "price_fair": 523.73,
            "eps_avg_yearly": 24.06,
            "eps_latest_yearly": 16.16,
            "eps_growth_yearly": 11.77
        },
        "20191": {
            "year_quarter": 20191,
            "year": 2019,
            "quarter": 1,
            "eps": 4.47,
            "eps_growth_year": -0.22,
            "eps_4q": 21.91,
            "eps_4q_growth_year": -19.48,
            "roe": 3.22,
            "roe_4q": 16.5,
            "gross_profit": 2094693,
            "gross_margin": 22.42,
            "gross_margin_4q_avg": 22.98,
            "net_income": 881823,
            "revenue": 9343016,
            "common_shares": 1970740,
            "book_valuer_per_share": 141.51,
            "book_valuer_per_share_4q_avg": 134.14,
            "equity": 27913812,
            "current_ratio": 299.23,
            "debt_ratio": 28.67,
            "inventory_turnover_ratio": 0.8,
            "account_receivable_turnover_ratio": 1.91,
            "reinvestment_rate": 9.21,
            "research_to_sale_ratio": 9.25,
            "price_fair": 533.84,
            "eps_avg_yearly": 24.04,
            "eps_latest_yearly": 17.88,
            "eps_growth_yearly": 12.2
        },
        "20192": {
            "year_quarter": 20192,
            "year": 2019,
            "quarter": 2,
            "eps": 3.96,
            "eps_growth_year": -36.84,
            "eps_4q": 19.59,
            "eps_4q_growth_year": -22.9,
            "roe": 2.89,
            "roe_4q": 14.62,
            "gross_profit": 2176077,
            "gross_margin": 22.24,
            "gross_margin_4q_avg": 22.91,
            "net_income": 781066,
            "revenue": 9783128,
            "common_shares": 1970740,
            "book_valuer_per_share": 132.57,
            "book_valuer_per_share_4q_avg": 135.8,
            "equity": 26153197,
            "current_ratio": 276.28,
            "debt_ratio": 30.85,
            "inventory_turnover_ratio": 0.71,
            "account_receivable_turnover_ratio": 2.06,
            "reinvestment_rate": 8.92,
            "research_to_sale_ratio": 8.79,
            "price_fair": 447.5,
            "eps_avg_yearly": 23.88,
            "eps_latest_yearly": 15.84,
            "eps_growth_yearly": 8.74
        },
        "20193": {
            "year_quarter": 20193,
            "year": 2019,
            "quarter": 3,
            "eps": 8.28,
            "eps_growth_year": 16.29,
            "eps_4q": 20.75,
            "eps_4q_growth_year": -15,
            "roe": 6.04,
            "roe_4q": 15.15,
            "gross_profit": 3398235,
            "gross_margin": 27.42,
            "gross_margin_4q_avg": 23.32,
            "net_income": 1632528,
            "revenue": 12393903,
            "common_shares": 1970740,
            "book_valuer_per_share": 141.52,
            "book_valuer_per_share_4q_avg": 138.04,
            "equity": 27916671,
            "current_ratio": 378.11,
            "debt_ratio": 22.12,
            "inventory_turnover_ratio": 0.87,
            "account_receivable_turnover_ratio": 2.16,
            "reinvestment_rate": 9.34,
            "research_to_sale_ratio": 10.64,
            "price_fair": 855.58,
            "eps_avg_yearly": 24.45,
            "eps_latest_yearly": 33.12,
            "eps_growth_yearly": 28.62
        },
        "20194": {
            "year_quarter": 20194,
            "year": 2019,
            "quarter": 4,
            "eps": 6.35,
            "eps_growth_year": 57.08,
            "eps_4q": 23.05,
            "eps_4q_growth_year": 5.22,
            "roe": 4.38,
            "roe_4q": 16.53,
            "gross_profit": 3480270,
            "gross_margin": 26.42,
            "gross_margin_4q_avg": 24.63,
            "net_income": 1250420,
            "revenue": 13173394,
            "common_shares": 1970740,
            "book_valuer_per_share": 147.98,
            "book_valuer_per_share_4q_avg": 140.9,
            "equity": 29188628,
            "current_ratio": 343.42,
            "debt_ratio": 24.45,
            "inventory_turnover_ratio": 0.92,
            "account_receivable_turnover_ratio": 2.12,
            "reinvestment_rate": 11.1,
            "research_to_sale_ratio": 12.68,
            "price_fair": 865.2,
            "eps_avg_yearly": 24.72,
            "eps_latest_yearly": 25.4,
            "eps_growth_yearly": 25.92
        },
        "20201": {
            "year_quarter": 20201,
            "year": 2020,
            "quarter": 1,
            "eps": 9.63,
            "eps_growth_year": 115.44,
            "eps_4q": 28.21,
            "eps_4q_growth_year": 28.77,
            "roe": 6.29,
            "roe_4q": 19.6,
            "gross_profit": 3914718,
            "gross_margin": 30.43,
            "gross_margin_4q_avg": 26.63,
            "net_income": 1898152,
            "revenue": 12866703,
            "common_shares": 1970740,
            "book_valuer_per_share": 157.68,
            "book_valuer_per_share_4q_avg": 144.94,
            "equity": 31127894,
            "current_ratio": 326.95,
            "debt_ratio": 25.75,
            "inventory_turnover_ratio": 0.72,
            "account_receivable_turnover_ratio": 1.99,
            "reinvestment_rate": 11.18,
            "research_to_sale_ratio": 13.58,
            "price_fair": 908.25,
            "eps_avg_yearly": 25.95,
            "eps_latest_yearly": 38.52,
            "eps_growth_yearly": 41.4
        },
        "20202": {
            "year_quarter": 20202,
            "year": 2020,
            "quarter": 2,
            "eps": 6,
            "eps_growth_year": 51.52,
            "eps_4q": 30.26,
            "eps_4q_growth_year": 54.47,
            "roe": 3.89,
            "roe_4q": 20.599999999999998,
            "gross_profit": 2687453,
            "gross_margin": 24.76,
            "gross_margin_4q_avg": 27.26,
            "net_income": 1184758,
            "revenue": 10854849,
            "common_shares": 1970740,
            "book_valuer_per_share": 151.19,
            "book_valuer_per_share_4q_avg": 149.59,
            "equity": 29848757,
            "current_ratio": 299.48,
            "debt_ratio": 27.74,
            "inventory_turnover_ratio": 0.62,
            "account_receivable_turnover_ratio": 1.79,
            "reinvestment_rate": 11.8,
            "research_to_sale_ratio": 11.41,
            "price_fair": 918.14,
            "eps_avg_yearly": 26.23,
            "eps_latest_yearly": 24,
            "eps_growth_yearly": 31.13
        },
        "20203": {
            "year_quarter": 20203,
            "year": 2020,
            "quarter": 3,
            "eps": 9.3,
            "eps_growth_year": 12.32,
            "eps_4q": 31.29,
            "eps_4q_growth_year": 50.81,
            "roe": 6,
            "roe_4q": 20.56,
            "gross_profit": 2697699,
            "gross_margin": 22.61,
            "gross_margin_4q_avg": 26.06,
            "net_income": 1839581,
            "revenue": 11933997,
            "common_shares": 1970740,
            "book_valuer_per_share": 159.31,
            "book_valuer_per_share_4q_avg": 154.04,
            "equity": 31456532,
            "current_ratio": 363.99,
            "debt_ratio": 23.66,
            "inventory_turnover_ratio": 0.76,
            "account_receivable_turnover_ratio": 2.23,
            "reinvestment_rate": 8.36,
            "research_to_sale_ratio": 11.15,
            "price_fair": 932.93,
            "eps_avg_yearly": 26.66,
            "eps_latest_yearly": 37.2,
            "eps_growth_yearly": 30.81
        },
        "20204": {
            "year_quarter": 20204,
            "year": 2020,
            "quarter": 4,
            "eps": 19.2,
            "eps_growth_year": 202.42,
            "eps_4q": 44.14,
            "eps_4q_growth_year": 91.46,
            "roe": 11.36,
            "roe_4q": 27.54,
            "gross_profit": 2959936,
            "gross_margin": 23.05,
            "gross_margin_4q_avg": 25.21,
            "net_income": 3784260,
            "revenue": 12840973,
            "common_shares": 1970740,
            "book_valuer_per_share": 178.39,
            "book_valuer_per_share_4q_avg": 161.64,
            "equity": 35155467,
            "current_ratio": 317.33,
            "debt_ratio": 26.09,
            "inventory_turnover_ratio": 0.92,
            "account_receivable_turnover_ratio": 2.22,
            "reinvestment_rate": 18.54,
            "research_to_sale_ratio": 18.96,
            "price_fair": 1035.39,
            "eps_avg_yearly": 29.58,
            "eps_latest_yearly": 76.8,
            "eps_growth_yearly": 57.82
        },
        "20211": {
            "year_quarter": 20211,
            "year": 2021,
            "quarter": 1,
            "eps": 8.56,
            "eps_growth_year": -11.11,
            "eps_4q": 43.07,
            "eps_4q_growth_year": 52.68,
            "roe": 4.71,
            "roe_4q": 25.96,
            "gross_profit": 3828838,
            "gross_margin": 29.71,
            "gross_margin_4q_avg": 25.03,
            "net_income": 1687540,
            "revenue": 12887950,
            "common_shares": 1970740,
            "book_valuer_per_share": 185.49,
            "book_valuer_per_share_4q_avg": 168.6,
            "equity": 36554821,
            "current_ratio": 281.91,
            "debt_ratio": 29.32,
            "inventory_turnover_ratio": 0.78,
            "account_receivable_turnover_ratio": 1.95,
            "reinvestment_rate": 16.12,
            "research_to_sale_ratio": 12.15,
            "price_fair": 1053.41,
            "eps_avg_yearly": 30.1,
            "eps_latest_yearly": 34.24,
            "eps_growth_yearly": 47.27
        },
        "20212": {
            "year_quarter": 20212,
            "year": 2021,
            "quarter": 2,
            "eps": 11.49,
            "eps_growth_year": 91.5,
            "eps_4q": 48.56,
            "eps_4q_growth_year": 60.46,
            "roe": 6.39,
            "roe_4q": 28.46,
            "gross_profit": 5186681,
            "gross_margin": 32.6,
            "gross_margin_4q_avg": 26.99,
            "net_income": 2264081,
            "revenue": 15909976,
            "common_shares": 1970740,
            "book_valuer_per_share": 174.07,
            "book_valuer_per_share_4q_avg": 174.32,
            "equity": 34304007,
            "current_ratio": 211.42,
            "debt_ratio": 38.88,
            "inventory_turnover_ratio": 0.75,
            "account_receivable_turnover_ratio": 2.07,
            "reinvestment_rate": 15.84,
            "research_to_sale_ratio": 13.12,
            "price_fair": 1083.34,
            "eps_avg_yearly": 30.95,
            "eps_latest_yearly": 45.96,
            "eps_growth_yearly": 49.79
        },
        "20213": {
            "year_quarter": 20213,
            "year": 2021,
            "quarter": 3,
            "eps": 12.1,
            "eps_growth_year": 30.11,
            "eps_4q": 51.35,
            "eps_4q_growth_year": 64.11,
            "roe": 6.88,
            "roe_4q": 29.34,
            "gross_profit": 5375600,
            "gross_margin": 31.76,
            "gross_margin_4q_avg": 29.28,
            "net_income": 2383847,
            "revenue": 16926546,
            "common_shares": 1970740,
            "book_valuer_per_share": 177.51,
            "book_valuer_per_share_4q_avg": 178.87,
            "equity": 34981988,
            "current_ratio": 234.15,
            "debt_ratio": 33.93,
            "inventory_turnover_ratio": 0.7,
            "account_receivable_turnover_ratio": 1.92,
            "reinvestment_rate": 16.81,
            "research_to_sale_ratio": 12.32,
            "price_fair": 1118.16,
            "eps_avg_yearly": 31.95,
            "eps_latest_yearly": 48.4,
            "eps_growth_yearly": 50.96
        },
        "20214": {
            "year_quarter": 20214,
            "year": 2021,
            "quarter": 4,
            "eps": 9.19,
            "eps_growth_year": -52.12,
            "eps_4q": 41.34,
            "eps_4q_growth_year": -6.34,
            "roe": 5.01,
            "roe_4q": 22.990000000000002,
            "gross_profit": 4763261,
            "gross_margin": 28.3,
            "gross_margin_4q_avg": 30.59,
            "net_income": 1811747,
            "revenue": 16832720,
            "common_shares": 1970740,
            "book_valuer_per_share": 189.31,
            "book_valuer_per_share_4q_avg": 181.6,
            "equity": 37308434,
            "current_ratio": 227.68,
            "debt_ratio": 40.8,
            "inventory_turnover_ratio": 0.65,
            "account_receivable_turnover_ratio": 1.85,
            "reinvestment_rate": 21.29,
            "research_to_sale_ratio": 14.2,
            "price_fair": 1141.35,
            "eps_avg_yearly": 32.61,
            "eps_latest_yearly": 36.76,
            "eps_growth_yearly": 49.81
        },
        "20221": {
            "year_quarter": 20221,
            "year": 2022,
            "quarter": 1,
            "eps": 11.09,
            "eps_growth_year": 29.56,
            "eps_4q": 43.87,
            "eps_4q_growth_year": 1.84,
            "roe": 5.86,
            "roe_4q": 24.14,
            "gross_profit": 5389499,
            "gross_margin": 31.51,
            "gross_margin_4q_avg": 31.04,
            "net_income": 2185061,
            "revenue": 17105859,
            "common_shares": 1970740,
            "book_valuer_per_share": 189.28,
            "book_valuer_per_share_4q_avg": 182.54,
            "equity": 37302065,
            "current_ratio": 242.62,
            "debt_ratio": 40.94,
            "inventory_turnover_ratio": 0.54,
            "account_receivable_turnover_ratio": 1.83,
            "reinvestment_rate": 22.54,
            "research_to_sale_ratio": 13.51,
            "price_fair": 1199.19,
            "eps_avg_yearly": 34.26,
            "eps_latest_yearly": 44.36,
            "eps_growth_yearly": 62.86
        },
        "20222": {
            "year_quarter": 20222,
            "year": 2022,
            "quarter": 2,
            "eps": 9.17,
            "eps_growth_year": -20.19,
            "eps_4q": 41.55,
            "eps_4q_growth_year": -14.44,
            "roe": 4.74,
            "roe_4q": 22.490000000000002,
            "gross_profit": 4991058,
            "gross_margin": 30.65,
            "gross_margin_4q_avg": 30.56,
            "net_income": 1806854,
            "revenue": 16285415,
            "common_shares": 1970740,
            "book_valuer_per_share": 197.83,
            "book_valuer_per_share_4q_avg": 188.48,
            "equity": 38987722,
            "current_ratio": 262.81,
            "debt_ratio": 38.54,
            "inventory_turnover_ratio": 0.48,
            "account_receivable_turnover_ratio": 1.76,
            "reinvestment_rate": 24.91,
            "research_to_sale_ratio": 14.67,
            "price_fair": 1224.56,
            "eps_avg_yearly": 34.99,
            "eps_latest_yearly": 36.68,
            "eps_growth_yearly": 48.54
        },
        "20223": {
            "year_quarter": 20223,
            "year": 2022,
            "quarter": 3,
            "eps": 6.13,
            "eps_growth_year": -49.34,
            "eps_4q": 36.78,
            "eps_4q_growth_year": -28.38,
            "roe": 3.15,
            "roe_4q": 18.759999999999998,
            "gross_profit": 3532661,
            "gross_margin": 24.24,
            "gross_margin_4q_avg": 28.68,
            "net_income": 1192014,
            "revenue": 14574608,
            "common_shares": 1970740,
            "book_valuer_per_share": 192.83,
            "book_valuer_per_share_4q_avg": 192.31,
            "equity": 36678520,
            "current_ratio": 270.73,
            "debt_ratio": 37.97,
            "inventory_turnover_ratio": 0.5,
            "account_receivable_turnover_ratio": 1.68,
            "reinvestment_rate": 25.53,
            "research_to_sale_ratio": 12.25,
            "price_fair": 1215.9,
            "eps_avg_yearly": 34.74,
            "eps_latest_yearly": 24.52,
            "eps_growth_yearly": 36.86
        },
        "20224": {
            "year_quarter": 20224,
            "year": 2022,
            "quarter": 4,
            "eps": 1.13,
            "eps_growth_year": -87.68,
            "eps_4q": 28.16,
            "eps_4q_growth_year": -31.89,
            "roe": 0.58,
            "roe_4q": 14.330000000000002,
            "gross_profit": 3419397,
            "gross_margin": 27.82,
            "gross_margin_4q_avg": 28.56,
            "net_income": 217217,
            "revenue": 12290260,
            "common_shares": 1970740,
            "book_valuer_per_share": 196.19,
            "book_valuer_per_share_4q_avg": 194.03,
            "equity": 37631822,
            "current_ratio": 260.78,
            "debt_ratio": 37.27,
            "inventory_turnover_ratio": 0.43,
            "account_receivable_turnover_ratio": 1.53,
            "reinvestment_rate": 25,
            "research_to_sale_ratio": 13.37,
            "price_fair": 1190.44,
            "eps_avg_yearly": 34.01,
            "eps_latest_yearly": 4.52,
            "eps_growth_yearly": 27.29
        },
        "20231": {
            "year_quarter": 20231,
            "year": 2023,
            "quarter": 1,
            "eps": 1.26,
            "eps_growth_year": -88.64,
            "eps_4q": 17.94,
            "eps_4q_growth_year": -59.1,
            "roe": 0.65,
            "roe_4q": 9.120000000000001,
            "gross_profit": 3213110,
            "gross_margin": 31.88,
            "gross_margin_4q_avg": 28.65,
            "net_income": 242103,
            "revenue": 10078421,
            "common_shares": 1986585,
            "book_valuer_per_share": 194.03,
            "book_valuer_per_share_4q_avg": 195.22,
            "equity": 37401417,
            "current_ratio": 401.89,
            "debt_ratio": 27.62,
            "inventory_turnover_ratio": 0.33,
            "account_receivable_turnover_ratio": 1.52,
            "reinvestment_rate": 22.92,
            "research_to_sale_ratio": 19.85,
            "price_fair": 1162.35,
            "eps_avg_yearly": 33.21,
            "eps_latest_yearly": 5.04,
            "eps_growth_yearly": 27.5
        }
    },
    "months": {
        "2004-01": {
            "month": "2004-01",
            "price": "230.51",
            "revenue": 346596
        },
        "2004-02": {
            "month": "2004-02",
            "price": "285.20",
            "revenue": 326878
        },
        "2004-03": {
            "month": "2004-03",
            "price": "239.55",
            "revenue": 358594
        },
        "2004-04": {
            "month": "2004-04",
            "price": "257.29",
            "revenue": 227888
        },
        "2004-05": {
            "month": "2004-05",
            "price": "204.72",
            "revenue": 227215
        },
        "2004-06": {
            "month": "2004-06",
            "price": "183.31",
            "revenue": 200068
        },
        "2004-07": {
            "month": "2004-07",
            "price": "143.81",
            "revenue": 306167
        },
        "2004-08": {
            "month": "2004-08",
            "price": "86.09",
            "revenue": 288883
        },
        "2004-09": {
            "month": "2004-09",
            "price": "85.33",
            "revenue": 321477
        },
        "2004-10": {
            "month": "2004-10",
            "price": "79.67",
            "revenue": 421439
        },
        "2004-11": {
            "month": "2004-11",
            "price": "79.66",
            "revenue": 508910
        },
        "2004-12": {
            "month": "2004-12",
            "price": "83.12",
            "revenue": 457217
        },
        "2005-01": {
            "month": "2005-01",
            "price": "77.10",
            "revenue": 419428
        },
        "2005-02": {
            "month": "2005-02",
            "price": "99.50",
            "revenue": 358257
        },
        "2005-03": {
            "month": "2005-03",
            "price": "146.91",
            "revenue": 510076
        },
        "2005-04": {
            "month": "2005-04",
            "price": "140.62",
            "revenue": 439148
        },
        "2005-05": {
            "month": "2005-05",
            "price": "127.26",
            "revenue": 449312
        },
        "2005-06": {
            "month": "2005-06",
            "price": "137.27",
            "revenue": 375729
        },
        "2005-07": {
            "month": "2005-07",
            "price": "143.48",
            "revenue": 435339
        },
        "2005-08": {
            "month": "2005-08",
            "price": "129.39",
            "revenue": 528561
        },
        "2005-09": {
            "month": "2005-09",
            "price": "126.10",
            "revenue": 580172
        },
        "2005-10": {
            "month": "2005-10",
            "price": "120.83",
            "revenue": 666608
        },
        "2005-11": {
            "month": "2005-11",
            "price": "114.11",
            "revenue": 798368
        },
        "2005-12": {
            "month": "2005-12",
            "price": "135.34",
            "revenue": 747328
        },
        "2006-01": {
            "month": "2006-01",
            "price": "151.86",
            "revenue": 599940
        },
        "2006-02": {
            "month": "2006-02",
            "price": "152.91",
            "revenue": 474002
        },
        "2006-03": {
            "month": "2006-03",
            "price": "158.09",
            "revenue": 761012
        },
        "2006-04": {
            "month": "2006-04",
            "price": "158.71",
            "revenue": 907975
        },
        "2006-05": {
            "month": "2006-05",
            "price": "176.57",
            "revenue": 844582
        },
        "2006-06": {
            "month": "2006-06",
            "price": "154.82",
            "revenue": 837947
        },
        "2006-07": {
            "month": "2006-07",
            "price": "138.71",
            "revenue": 810409
        },
        "2006-08": {
            "month": "2006-08",
            "price": "127.74",
            "revenue": 1010081
        },
        "2006-09": {
            "month": "2006-09",
            "price": "157.64",
            "revenue": 1257069
        },
        "2006-10": {
            "month": "2006-10",
            "price": "169.32",
            "revenue": 1727098
        },
        "2006-11": {
            "month": "2006-11",
            "price": "222.59",
            "revenue": 1762844
        },
        "2006-12": {
            "month": "2006-12",
            "price": "267.55",
            "revenue": 1459016
        },
        "2007-01": {
            "month": "2007-01",
            "price": "306.61",
            "revenue": 1413187
        },
        "2007-02": {
            "month": "2007-02",
            "price": "282.58",
            "revenue": 1173715
        },
        "2007-03": {
            "month": "2007-03",
            "price": "308.78",
            "revenue": 1536487
        },
        "2007-04": {
            "month": "2007-04",
            "price": "320.80",
            "revenue": 1508709
        },
        "2007-05": {
            "month": "2007-05",
            "price": "343.70",
            "revenue": 1563494
        },
        "2007-06": {
            "month": "2007-06",
            "price": "419.48",
            "revenue": 1281389
        },
        "2007-07": {
            "month": "2007-07",
            "price": "547.75",
            "revenue": 1957708
        },
        "2007-08": {
            "month": "2007-08",
            "price": "476.52",
            "revenue": 2124670
        },
        "2007-09": {
            "month": "2007-09",
            "price": "362.22",
            "revenue": 1859058
        },
        "2007-10": {
            "month": "2007-10",
            "price": "329.45",
            "revenue": 2206305
        },
        "2007-11": {
            "month": "2007-11",
            "price": "254.59",
            "revenue": 2166059
        },
        "2007-12": {
            "month": "2007-12",
            "price": "220.00",
            "revenue": 1467410
        },
        "2008-01": {
            "month": "2008-01",
            "price": "200.52",
            "revenue": 1447874
        },
        "2008-02": {
            "month": "2008-02",
            "price": "173.89",
            "revenue": 1366110
        },
        "2008-03": {
            "month": "2008-03",
            "price": "189.88",
            "revenue": 1641371
        },
        "2008-04": {
            "month": "2008-04",
            "price": "244.69",
            "revenue": 1955582
        },
        "2008-05": {
            "month": "2008-05",
            "price": "263.21",
            "revenue": 1519253
        },
        "2008-06": {
            "month": "2008-06",
            "price": "207.71",
            "revenue": 1427214
        },
        "2008-07": {
            "month": "2008-07",
            "price": "182.20",
            "revenue": 1814837
        },
        "2008-08": {
            "month": "2008-08",
            "price": "137.29",
            "revenue": 1951289
        },
        "2008-09": {
            "month": "2008-09",
            "price": "92.97",
            "revenue": 1405209
        },
        "2008-10": {
            "month": "2008-10",
            "price": "72.45",
            "revenue": 1713452
        },
        "2008-11": {
            "month": "2008-11",
            "price": "48.34",
            "revenue": 1366803
        },
        "2008-12": {
            "month": "2008-12",
            "price": "56.70",
            "revenue": 1247320
        },
        "2009-01": {
            "month": "2009-01",
            "price": "73.32",
            "revenue": 1335036
        },
        "2009-02": {
            "month": "2009-02",
            "price": "87.14",
            "revenue": 1334275
        },
        "2009-03": {
            "month": "2009-03",
            "price": "103.05",
            "revenue": 1652030
        },
        "2009-04": {
            "month": "2009-04",
            "price": "131.55",
            "revenue": 1924838
        },
        "2009-05": {
            "month": "2009-05",
            "price": "224.25",
            "revenue": 1813416
        },
        "2009-06": {
            "month": "2009-06",
            "price": "216.76",
            "revenue": 1646826
        },
        "2009-07": {
            "month": "2009-07",
            "price": "240.87",
            "revenue": 1954950
        },
        "2009-08": {
            "month": "2009-08",
            "price": "234.42",
            "revenue": 2273516
        },
        "2009-09": {
            "month": "2009-09",
            "price": "252.91",
            "revenue": 2627526
        },
        "2009-10": {
            "month": "2009-10",
            "price": "258.36",
            "revenue": 2955534
        },
        "2009-11": {
            "month": "2009-11",
            "price": "232.69",
            "revenue": 2666888
        },
        "2009-12": {
            "month": "2009-12",
            "price": "241.63",
            "revenue": 2275633
        },
        "2010-01": {
            "month": "2010-01",
            "price": "249.62",
            "revenue": 2694276
        },
        "2010-02": {
            "month": "2010-02",
            "price": "210.64",
            "revenue": 2041136
        },
        "2010-03": {
            "month": "2010-03",
            "price": "229.87",
            "revenue": 3224559
        },
        "2010-04": {
            "month": "2010-04",
            "price": "238.81",
            "revenue": 2846887
        },
        "2010-05": {
            "month": "2010-05",
            "price": "196.29",
            "revenue": 2289009
        },
        "2010-06": {
            "month": "2010-06",
            "price": "199.81",
            "revenue": 2406113
        },
        "2010-07": {
            "month": "2010-07",
            "price": "193.05",
            "revenue": 2824753
        },
        "2010-08": {
            "month": "2010-08",
            "price": "159.70",
            "revenue": 2793667
        },
        "2010-09": {
            "month": "2010-09",
            "price": "149.88",
            "revenue": 2817308
        },
        "2010-10": {
            "month": "2010-10",
            "price": "143.76",
            "revenue": 2905067
        },
        "2010-11": {
            "month": "2010-11",
            "price": "155.32",
            "revenue": 2668242
        },
        "2010-12": {
            "month": "2010-12",
            "price": "166.43",
            "revenue": 2285239
        },
        "2011-01": {
            "month": "2011-01",
            "price": "177.40",
            "revenue": 2524630
        },
        "2011-02": {
            "month": "2011-02",
            "price": "181.00",
            "revenue": 2051734
        },
        "2011-03": {
            "month": "2011-03",
            "price": "176.15",
            "revenue": 3135720
        },
        "2011-04": {
            "month": "2011-04",
            "price": "159.82",
            "revenue": 2730051
        },
        "2011-05": {
            "month": "2011-05",
            "price": "166.50",
            "revenue": 2253380
        },
        "2011-06": {
            "month": "2011-06",
            "price": "168.24",
            "revenue": 2567620
        },
        "2011-07": {
            "month": "2011-07",
            "price": "147.55",
            "revenue": 2873466
        },
        "2011-08": {
            "month": "2011-08",
            "price": "135.24",
            "revenue": 2673622
        },
        "2011-09": {
            "month": "2011-09",
            "price": "138.86",
            "revenue": 2756604
        },
        "2011-10": {
            "month": "2011-10",
            "price": "150.05",
            "revenue": 3126121
        },
        "2011-11": {
            "month": "2011-11",
            "price": "165.34",
            "revenue": 2929316
        },
        "2011-12": {
            "month": "2011-12",
            "price": "176.59",
            "revenue": 2720962
        },
        "2012-01": {
            "month": "2012-01",
            "price": "188.83",
            "revenue": 2349266
        },
        "2012-02": {
            "month": "2012-02",
            "price": "241.95",
            "revenue": 2799550
        },
        "2012-03": {
            "month": "2012-03",
            "price": "253.50",
            "revenue": 3073059
        },
        "2012-04": {
            "month": "2012-04",
            "price": "225.42",
            "revenue": 2655177
        },
        "2012-05": {
            "month": "2012-05",
            "price": "215.07",
            "revenue": 2611003
        },
        "2012-06": {
            "month": "2012-06",
            "price": "227.67",
            "revenue": 2770748
        },
        "2012-07": {
            "month": "2012-07",
            "price": "230.36",
            "revenue": 3051223
        },
        "2012-08": {
            "month": "2012-08",
            "price": "235.45",
            "revenue": 2879419
        },
        "2012-09": {
            "month": "2012-09",
            "price": "229.55",
            "revenue": 2763723
        },
        "2012-10": {
            "month": "2012-10",
            "price": "228.18",
            "revenue": 2860391
        },
        "2012-11": {
            "month": "2012-11",
            "price": "200.70",
            "revenue": 2831916
        },
        "2012-12": {
            "month": "2012-12",
            "price": "195.79",
            "revenue": 2435207
        },
        "2013-01": {
            "month": "2013-01",
            "price": "201.43",
            "revenue": 2379656
        },
        "2013-02": {
            "month": "2013-02",
            "price": "212.58",
            "revenue": 1904292
        },
        "2013-03": {
            "month": "2013-03",
            "price": "233.31",
            "revenue": 2829897
        },
        "2013-04": {
            "month": "2013-04",
            "price": "223.32",
            "revenue": 2655632
        },
        "2013-05": {
            "month": "2013-05",
            "price": "230.95",
            "revenue": 3021958
        },
        "2013-06": {
            "month": "2013-06",
            "price": "242.29",
            "revenue": 2620416
        },
        "2013-07": {
            "month": "2013-07",
            "price": "243.57",
            "revenue": 3032704
        },
        "2013-08": {
            "month": "2013-08",
            "price": "212.26",
            "revenue": 2678439
        },
        "2013-09": {
            "month": "2013-09",
            "price": "220.00",
            "revenue": 2688611
        },
        "2013-10": {
            "month": "2013-10",
            "price": "214.18",
            "revenue": 2986999
        },
        "2013-11": {
            "month": "2013-11",
            "price": "194.33",
            "revenue": 2839349
        },
        "2013-12": {
            "month": "2013-12",
            "price": "179.98",
            "revenue": 2536378
        },
        "2014-01": {
            "month": "2014-01",
            "price": "193.67",
            "revenue": 2624079
        },
        "2014-02": {
            "month": "2014-02",
            "price": "193.47",
            "revenue": 2367984
        },
        "2014-03": {
            "month": "2014-03",
            "price": "196.17",
            "revenue": 2709271
        },
        "2014-04": {
            "month": "2014-04",
            "price": "200.36",
            "revenue": 2594411
        },
        "2014-05": {
            "month": "2014-05",
            "price": "215.33",
            "revenue": 2770956
        },
        "2014-06": {
            "month": "2014-06",
            "price": "233.42",
            "revenue": 2722511
        },
        "2014-07": {
            "month": "2014-07",
            "price": "231.18",
            "revenue": 3049473
        },
        "2014-08": {
            "month": "2014-08",
            "price": "218.36",
            "revenue": 2789293
        },
        "2014-09": {
            "month": "2014-09",
            "price": "215.31",
            "revenue": 2678980
        },
        "2014-10": {
            "month": "2014-10",
            "price": "198.91",
            "revenue": 3120819
        },
        "2014-11": {
            "month": "2014-11",
            "price": "208.10",
            "revenue": 2911902
        },
        "2014-12": {
            "month": "2014-12",
            "price": "211.71",
            "revenue": 2735019
        },
        "2015-01": {
            "month": "2015-01",
            "price": "221.68",
            "revenue": 2843731
        },
        "2015-02": {
            "month": "2015-02",
            "price": "227.81",
            "revenue": 2631357
        },
        "2015-03": {
            "month": "2015-03",
            "price": "255.66",
            "revenue": 2866389
        },
        "2015-04": {
            "month": "2015-04",
            "price": "269.82",
            "revenue": 2889796
        },
        "2015-05": {
            "month": "2015-05",
            "price": "286.20",
            "revenue": 2811290
        },
        "2015-06": {
            "month": "2015-06",
            "price": "292.57",
            "revenue": 2741071
        },
        "2015-07": {
            "month": "2015-07",
            "price": "242.02",
            "revenue": 3317290
        },
        "2015-08": {
            "month": "2015-08",
            "price": "223.76",
            "revenue": 3225471
        },
        "2015-09": {
            "month": "2015-09",
            "price": "223.58",
            "revenue": 3491055
        },
        "2015-10": {
            "month": "2015-10",
            "price": "231.05",
            "revenue": 4170476
        },
        "2015-11": {
            "month": "2015-11",
            "price": "256.50",
            "revenue": 3227037
        },
        "2015-12": {
            "month": "2015-12",
            "price": "243.83",
            "revenue": 2963140
        },
        "2016-01": {
            "month": "2016-01",
            "price": "227.90",
            "revenue": 3120529
        },
        "2016-02": {
            "month": "2016-02",
            "price": "248.27",
            "revenue": 3091855
        },
        "2016-03": {
            "month": "2016-03",
            "price": "258.89",
            "revenue": 3694002
        },
        "2016-04": {
            "month": "2016-04",
            "price": "271.08",
            "revenue": 3835798
        },
        "2016-05": {
            "month": "2016-05",
            "price": "256.14",
            "revenue": 3190326
        },
        "2016-06": {
            "month": "2016-06",
            "price": "272.90",
            "revenue": 3430814
        },
        "2016-07": {
            "month": "2016-07",
            "price": "269.35",
            "revenue": 3788741
        },
        "2016-08": {
            "month": "2016-08",
            "price": "233.28",
            "revenue": 4445990
        },
        "2016-09": {
            "month": "2016-09",
            "price": "232.66",
            "revenue": 4102626
        },
        "2016-10": {
            "month": "2016-10",
            "price": "232.02",
            "revenue": 4176802
        },
        "2016-11": {
            "month": "2016-11",
            "price": "230.70",
            "revenue": 3837687
        },
        "2016-12": {
            "month": "2016-12",
            "price": "255.34",
            "revenue": 3067342
        },
        "2017-01": {
            "month": "2017-01",
            "price": "250.59",
            "revenue": 3147077
        },
        "2017-02": {
            "month": "2017-02",
            "price": "258.11",
            "revenue": 2779274
        },
        "2017-03": {
            "month": "2017-03",
            "price": "266.11",
            "revenue": 3629516
        },
        "2017-04": {
            "month": "2017-04",
            "price": "276.81",
            "revenue": 3356656
        },
        "2017-05": {
            "month": "2017-05",
            "price": "298.28",
            "revenue": 3492154
        },
        "2017-06": {
            "month": "2017-06",
            "price": "351.83",
            "revenue": 3643683
        },
        "2017-07": {
            "month": "2017-07",
            "price": "399.55",
            "revenue": 3627165
        },
        "2017-08": {
            "month": "2017-08",
            "price": "409.17",
            "revenue": 3606489
        },
        "2017-09": {
            "month": "2017-09",
            "price": "370.07",
            "revenue": 3939973
        },
        "2017-10": {
            "month": "2017-10",
            "price": "360.89",
            "revenue": 3741271
        },
        "2017-11": {
            "month": "2017-11",
            "price": "339.73",
            "revenue": 3896275
        },
        "2017-12": {
            "month": "2017-12",
            "price": "301.10",
            "revenue": 3005226
        },
        "2018-01": {
            "month": "2018-01",
            "price": "308.09",
            "revenue": 3065076
        },
        "2018-02": {
            "month": "2018-02",
            "price": "290.15",
            "revenue": 2731663
        },
        "2018-03": {
            "month": "2018-03",
            "price": "299.57",
            "revenue": 3502814
        },
        "2018-04": {
            "month": "2018-04",
            "price": "285.33",
            "revenue": 3518011
        },
        "2018-05": {
            "month": "2018-05",
            "price": "275.00",
            "revenue": 3459047
        },
        "2018-06": {
            "month": "2018-06",
            "price": "268.48",
            "revenue": 3352088
        },
        "2018-07": {
            "month": "2018-07",
            "price": "238.36",
            "revenue": 3569800
        },
        "2018-08": {
            "month": "2018-08",
            "price": "260.48",
            "revenue": 3905980
        },
        "2018-09": {
            "month": "2018-09",
            "price": "243.95",
            "revenue": 3561053
        },
        "2018-10": {
            "month": "2018-10",
            "price": "207.86",
            "revenue": 3606644
        },
        "2018-11": {
            "month": "2018-11",
            "price": "221.18",
            "revenue": 3554055
        },
        "2018-12": {
            "month": "2018-12",
            "price": "232.71",
            "revenue": 2961874
        },
        "2019-01": {
            "month": "2019-01",
            "price": "238.98",
            "revenue": 3358464
        },
        "2019-02": {
            "month": "2019-02",
            "price": "258.58",
            "revenue": 2710307
        },
        "2019-03": {
            "month": "2019-03",
            "price": "276.78",
            "revenue": 3274245
        },
        "2019-04": {
            "month": "2019-04",
            "price": "305.12",
            "revenue": 3084400
        },
        "2019-05": {
            "month": "2019-05",
            "price": "281.02",
            "revenue": 3355208
        },
        "2019-06": {
            "month": "2019-06",
            "price": "280.66",
            "revenue": 3343520
        },
        "2019-07": {
            "month": "2019-07",
            "price": "317.48",
            "revenue": 4062819
        },
        "2019-08": {
            "month": "2019-08",
            "price": "294.17",
            "revenue": 4272747
        },
        "2019-09": {
            "month": "2019-09",
            "price": "292.71",
            "revenue": 4058337
        },
        "2019-10": {
            "month": "2019-10",
            "price": "279.26",
            "revenue": 4697324
        },
        "2019-11": {
            "month": "2019-11",
            "price": "289.98",
            "revenue": 4380889
        },
        "2019-12": {
            "month": "2019-12",
            "price": "314.14",
            "revenue": 4095181
        },
        "2020-01": {
            "month": "2020-01",
            "price": "340.23",
            "revenue": 3325942
        },
        "2020-02": {
            "month": "2020-02",
            "price": "330.26",
            "revenue": 4001968
        },
        "2020-03": {
            "month": "2020-03",
            "price": "273.09",
            "revenue": 5538793
        },
        "2020-04": {
            "month": "2020-04",
            "price": "271.58",
            "revenue": 3579202
        },
        "2020-05": {
            "month": "2020-05",
            "price": "279.02",
            "revenue": 3905092
        },
        "2020-06": {
            "month": "2020-06",
            "price": "288.65",
            "revenue": 3370555
        },
        "2020-07": {
            "month": "2020-07",
            "price": "309.41",
            "revenue": 3849067
        },
        "2020-08": {
            "month": "2020-08",
            "price": "283.02",
            "revenue": 3743807
        },
        "2020-09": {
            "month": "2020-09",
            "price": "275.50",
            "revenue": 4341123
        },
        "2020-10": {
            "month": "2020-10",
            "price": "283.84",
            "revenue": 4447850
        },
        "2020-11": {
            "month": "2020-11",
            "price": "317.10",
            "revenue": 4218291
        },
        "2020-12": {
            "month": "2020-12",
            "price": "337.09",
            "revenue": 4174832
        },
        "2021-01": {
            "month": "2021-01",
            "price": "376.82",
            "revenue": 4060743
        },
        "2021-02": {
            "month": "2021-02",
            "price": "417.08",
            "revenue": 3654613
        },
        "2021-03": {
            "month": "2021-03",
            "price": "466.39",
            "revenue": 5172594
        },
        "2021-04": {
            "month": "2021-04",
            "price": "517.55",
            "revenue": 5090578
        },
        "2021-05": {
            "month": "2021-05",
            "price": "484.31",
            "revenue": 5696048
        },
        "2021-06": {
            "month": "2021-06",
            "price": "478.81",
            "revenue": 5123350
        },
        "2021-07": {
            "month": "2021-07",
            "price": "481.66",
            "revenue": 5482184
        },
        "2021-08": {
            "month": "2021-08",
            "price": "452.36",
            "revenue": 5706563
        },
        "2021-09": {
            "month": "2021-09",
            "price": "405.60",
            "revenue": 5737799
        },
        "2021-10": {
            "month": "2021-10",
            "price": "373.28",
            "revenue": 6036781
        },
        "2021-11": {
            "month": "2021-11",
            "price": "401.64",
            "revenue": 5802942
        },
        "2021-12": {
            "month": "2021-12",
            "price": "478.45",
            "revenue": 4992997
        },
        "2022-01": {
            "month": "2022-01",
            "price": "460.36",
            "revenue": 5418890
        },
        "2022-02": {
            "month": "2022-02",
            "price": "499.77",
            "revenue": 5307336
        },
        "2022-03": {
            "month": "2022-03",
            "price": "486.50",
            "revenue": 6379633
        },
        "2022-04": {
            "month": "2022-04",
            "price": "419.08",
            "revenue": 5901725
        },
        "2022-05": {
            "month": "2022-05",
            "price": "384.93",
            "revenue": 5099437
        },
        "2022-06": {
            "month": "2022-06",
            "price": "340.29",
            "revenue": 5284253
        },
        "2022-07": {
            "month": "2022-07",
            "price": "281.48",
            "revenue": 5342363
        },
        "2022-08": {
            "month": "2022-08",
            "price": "302.33",
            "revenue": 4423361
        },
        "2022-09": {
            "month": "2022-09",
            "price": "284.24",
            "revenue": 4808884
        },
        "2022-10": {
            "month": "2022-10",
            "price": "293.72",
            "revenue": 4205901
        },
        "2022-11": {
            "month": "2022-11",
            "price": "319.80",
            "revenue": 4082304
        },
        "2022-12": {
            "month": "2022-12",
            "price": "313.61",
            "revenue": 4002055
        },
        "2023-01": {
            "month": "2023-01",
            "price": "350.35",
            "revenue": 2878167
        },
        "2023-02": {
            "month": "2023-02",
            "price": "362.58",
            "revenue": 3274873
        },
        "2023-03": {
            "month": "2023-03",
            "price": "361.93",
            "revenue": 3925381
        },
        "2023-04": {
            "month": "2023-04",
            "price": "397.59",
            "revenue": 3366959
        }
    }
}
