{
    "summary": {
        "stock_name": "日友",
        "stock_id": "8341",
        "category": "綠能環保",
        "main_business": "醫療廢棄物焚化處理，有害事業廢棄物焚化、物化、固化及掩埋處理<br>一般事業廢棄物、垃圾、污泥及油泥焚化處理<br>小型焚化爐設計、規劃及建造、承攬興建焚化廠或掩埋場",
        "website_url": "http://www.sunnyfriend.com.tw/",
        "ceo": "張芳正",
        "pe_ratio": 29,
        "report_year_from": 2001,
        "report_year_to": 2023,
        "age": 23,
        "eps_negative_percentage": 0,
        "eps_growth_avg": {
            "last_all": 10.05,
            "last_2y": -26.76,
            "last_4y": -11.92,
            "last_8y": 10.05,
            "last_12y": null,
            "last_16y": null,
            "last_20y": null,
            "at_2006_last_3y": null,
            "at_2007_last_3y": null,
            "at_2008_last_3y": null,
            "at_2009_last_3y": null,
            "at_2010_last_3y": null,
            "at_2011_last_3y": null,
            "at_2012_last_3y": null,
            "at_2013_last_3y": null,
            "at_2014_last_3y": null,
            "at_2015_last_3y": null,
            "at_2016_last_3y": null,
            "at_2017_last_3y": null,
            "at_2018_last_3y": 37.51,
            "at_2019_last_3y": 17.66,
            "at_2020_last_3y": 13.32,
            "at_2021_last_3y": 5.22,
            "at_2022_last_3y": 1.76,
            "at_2023_last_3y": -20.05,
            "at_2024_last_3y": -20.05,
            "at_2006_last_all": null,
            "at_2007_last_all": null,
            "at_2008_last_all": null,
            "at_2009_last_all": null,
            "at_2010_last_all": null,
            "at_2011_last_all": null,
            "at_2012_last_all": null,
            "at_2013_last_all": null,
            "at_2014_last_all": null,
            "at_2015_last_all": null,
            "at_2016_last_all": 58.74,
            "at_2017_last_all": 48.36,
            "at_2018_last_all": 37.51,
            "at_2019_last_all": 34.13,
            "at_2020_last_all": 28.46,
            "at_2021_last_all": 23.7,
            "at_2022_last_all": 19.64,
            "at_2023_last_all": 10.05,
            "at_2024_last_all": 10.05
        },
        "latest_eps": 3.68,
        "latest_price": 106.5,
        "latest_roe": 11.48,
        "latest_gross_margin": 38.54,
        "latest_equity": 5208439,
        "latest_revenue": 792488,
        "latest_gross_profit": 305432,
        "latest_net_income": 131549,
        "latest_debt_ratio": 49.69,
        "latest_current_ratio": 101.94,
        "latest_account_receivable_turnover_ratio": 1.39,
        "latest_inventory_turnover_ratio": 20.64,
        "latest_reinvestment_rate": 121.4,
        "latest_research_to_sale_ratio": null
    },
    "eps_dividends": {
        "2001": {
            "cash": 0,
            "stock": 0,
            "eps": 0
        },
        "2002": {
            "cash": 0,
            "stock": 0,
            "eps": 0
        },
        "2003": {
            "cash": 0.9,
            "stock": 0,
            "eps": 0
        },
        "2004": {
            "cash": 0.5,
            "stock": 0,
            "eps": 0
        },
        "2005": {
            "cash": 0.4,
            "stock": 0,
            "eps": 0
        },
        "2006": {
            "cash": 0,
            "stock": 0,
            "eps": 0
        },
        "2007": {
            "cash": 0,
            "stock": 0,
            "eps": 0
        },
        "2008": {
            "cash": 0,
            "stock": 0,
            "eps": 0
        },
        "2009": {
            "cash": 0,
            "stock": 0,
            "eps": 0
        },
        "2010": {
            "cash": 0.35,
            "stock": 0,
            "eps": 0
        },
        "2011": {
            "cash": 1.5,
            "stock": 0,
            "eps": 0
        },
        "2012": {
            "cash": 0,
            "stock": 0,
            "eps": 0
        },
        "2013": {
            "cash": 0.8,
            "stock": 0,
            "eps": 0
        },
        "2014": {
            "cash": 2,
            "stock": 0,
            "eps": 1.74
        },
        "2015": {
            "cash": 2.2,
            "stock": 0,
            "eps": 4.69
        },
        "2016": {
            "cash": 3.5,
            "stock": 0,
            "eps": 5.51
        },
        "2017": {
            "cash": 4.5,
            "stock": 0,
            "eps": 7.03
        },
        "2018": {
            "cash": 6,
            "stock": 0,
            "eps": 7.38
        },
        "2019": {
            "cash": 6.5,
            "stock": 0,
            "eps": 8.9
        },
        "2020": {
            "cash": 8,
            "stock": 0,
            "eps": 8.91
        },
        "2021": {
            "cash": 8.2,
            "stock": 0,
            "eps": 8.48
        },
        "2022": {
            "cash": 8,
            "stock": 0,
            "eps": 7.73
        },
        "2023": {
            "cash": 7.5,
            "stock": 0,
            "eps": 2.58
        }
    },
    "dividends": {
        "2003-04-16": {
            "cash": 0.9,
            "stock": 0
        },
        "2004-04-14": {
            "cash": 0.5,
            "stock": 0
        },
        "2005-03-23": {
            "cash": 0.4,
            "stock": 0
        },
        "2010-03-19": {
            "cash": 0.35,
            "stock": 0
        },
        "2011-01-01": {
            "cash": 0.8,
            "stock": 0
        },
        "2011-03-23": {
            "cash": 0.7,
            "stock": 0
        },
        "2013-03-22": {
            "cash": 0.8,
            "stock": 0
        },
        "2014-08-15": {
            "cash": 2,
            "stock": 0
        },
        "2015-07-31": {
            "cash": 2.2,
            "stock": 0
        },
        "2016-07-29": {
            "cash": 3.5,
            "stock": 0
        },
        "2017-08-04": {
            "cash": 4.5,
            "stock": 0
        },
        "2018-07-20": {
            "cash": 6,
            "stock": 0
        },
        "2019-07-26": {
            "cash": 6.5,
            "stock": 0
        },
        "2020-07-17": {
            "cash": 8,
            "stock": 0
        },
        "2021-07-22": {
            "cash": 8.2,
            "stock": 0
        },
        "2022-07-21": {
            "cash": 8,
            "stock": 0
        },
        "2023-06-29": {
            "cash": 7.5,
            "stock": 0
        }
    },
    "prices": {
        "200101": "無",
        "200102": "無",
        "200103": "無",
        "200104": "無",
        "200105": "無",
        "200106": "無",
        "200107": "無",
        "200108": "無",
        "200109": "無",
        "200110": "無",
        "200111": "無",
        "200112": "無",
        "200201": "無",
        "200202": "無",
        "200203": "無",
        "200204": "無",
        "200205": "無",
        "200206": "無",
        "200207": "無",
        "200208": "無",
        "200209": "無",
        "200210": "無",
        "200211": "無",
        "200212": "無",
        "200301": "無",
        "200302": "無",
        "200303": "無",
        "200304": "無",
        "200305": "無",
        "200306": "無",
        "200307": "無",
        "200308": "無",
        "200309": "無",
        "200310": "無",
        "200311": "無",
        "200312": "無",
        "200401": "無",
        "200402": "無",
        "200403": "無",
        "200404": "無",
        "200405": "無",
        "200406": "無",
        "200407": "無",
        "200408": "無",
        "200409": "無",
        "200410": "無",
        "200411": "無",
        "200412": "無",
        "200501": "無",
        "200502": "無",
        "200503": "無",
        "200504": "無",
        "200505": "無",
        "200506": "無",
        "200507": "無",
        "200508": "無",
        "200509": "無",
        "200510": "無",
        "200511": "無",
        "200512": "無",
        "200601": "無",
        "200602": "無",
        "200603": "無",
        "200604": "無",
        "200605": "無",
        "200606": "無",
        "200607": "無",
        "200608": "無",
        "200609": "無",
        "200610": "無",
        "200611": "無",
        "200612": "無",
        "200701": "無",
        "200702": "無",
        "200703": "無",
        "200704": "無",
        "200705": "無",
        "200706": "無",
        "200707": "無",
        "200708": "無",
        "200709": "無",
        "200710": "無",
        "200711": "無",
        "200712": "無",
        "200801": "無",
        "200802": "無",
        "200803": "無",
        "200804": "無",
        "200805": "無",
        "200806": "無",
        "200807": "無",
        "200808": "無",
        "200809": "無",
        "200810": "無",
        "200811": "無",
        "200812": "無",
        "200901": "無",
        "200902": "無",
        "200903": "無",
        "200904": "無",
        "200905": "無",
        "200906": "無",
        "200907": "無",
        "200908": "無",
        "200909": "無",
        "200910": "無",
        "200911": "無",
        "200912": "無",
        "201001": "無",
        "201002": "無",
        "201003": "無",
        "201004": "無",
        "201005": "無",
        "201006": "無",
        "201007": "無",
        "201008": "無",
        "201009": "無",
        "201010": "無",
        "201011": "無",
        "201012": "無",
        "201101": "無",
        "201102": "無",
        "201103": "無",
        "201104": "無",
        "201105": "無",
        "201106": "無",
        "201107": "無",
        "201108": "無",
        "201109": "無",
        "201110": "無",
        "201111": "無",
        "201112": "無",
        "201201": "無",
        "201202": "無",
        "201203": "無",
        "201204": "無",
        "201205": "無",
        "201206": "無",
        "201207": "無",
        "201208": "無",
        "201209": "無",
        "201210": "無",
        "201211": "無",
        "201212": "無",
        "201301": "無",
        "201302": "無",
        "201303": "無",
        "201304": "無",
        "201305": "無",
        "201306": "無",
        "201307": "無",
        "201308": "無",
        "201309": "無",
        "201310": "無",
        "201311": "無",
        "201312": "無",
        "201401": "無",
        "201402": "無",
        "201403": "55.47",
        "201404": "58.59",
        "201405": "52.87",
        "201406": "56.07",
        "201407": "51.80",
        "201408": "50.68",
        "201409": "53.63",
        "201410": "52.29",
        "201411": "50.28",
        "201412": "49.50",
        "201501": "51.53",
        "201502": "54.41",
        "201503": "62.24",
        "201504": "77.06",
        "201505": "94.25",
        "201506": "89.44",
        "201507": "87.21",
        "201508": "85.18",
        "201509": "85.38",
        "201510": "97.97",
        "201511": "122.87",
        "201512": "127.07",
        "201601": "124.69",
        "201602": "136.27",
        "201603": "142.74",
        "201604": "139.03",
        "201605": "145.40",
        "201606": "153.05",
        "201607": "150.12",
        "201608": "137.28",
        "201609": "126.50",
        "201610": "120.50",
        "201611": "113.27",
        "201612": "112.16",
        "201701": "119.50",
        "201702": "126.50",
        "201703": "144.02",
        "201704": "144.17",
        "201705": "161.35",
        "201706": "160.07",
        "201707": "158.48",
        "201708": "171.15",
        "201709": "181.39",
        "201710": "188.55",
        "201711": "228.86",
        "201712": "244.17",
        "201801": "247.73",
        "201802": "230.81",
        "201803": "234.39",
        "201804": "200.94",
        "201805": "197.98",
        "201806": "211.28",
        "201807": "228.14",
        "201808": "244.96",
        "201809": "220.58",
        "201810": "215.45",
        "201811": "220.20",
        "201812": "210.67",
        "201901": "226.60",
        "201902": "250.04",
        "201903": "245.15",
        "201904": "252.60",
        "201905": "264.68",
        "201906": "269.92",
        "201907": "269.78",
        "201908": "262.21",
        "201909": "272.00",
        "201910": "270.38",
        "201911": "252.12",
        "201912": "238.59",
        "202001": "241.17",
        "202002": "261.63",
        "202003": "223.70",
        "202004": "243.15",
        "202005": "262.35",
        "202006": "261.65",
        "202007": "263.78",
        "202008": "255.64",
        "202009": "240.23",
        "202010": "222.03",
        "202011": "225.12",
        "202012": "227.70",
        "202101": "226.08",
        "202102": "219.04",
        "202103": "228.34",
        "202104": "227.05",
        "202105": "214.67",
        "202106": "213.12",
        "202107": "205.61",
        "202108": "203.23",
        "202109": "203.42",
        "202110": "200.75",
        "202111": "202.57",
        "202112": "199.41",
        "202201": "201.78",
        "202202": "202.27",
        "202203": "200.22",
        "202204": "217.42",
        "202205": "214.19",
        "202206": "204.74",
        "202207": "188.36",
        "202208": "179.96",
        "202209": "165.55",
        "202210": "142.75",
        "202211": "137.93",
        "202212": "163.68",
        "202301": "165.73",
        "202302": "167.86",
        "202303": "166.09",
        "202304": "163.62",
        "202305": "158.02",
        "202306": "149.22",
        "202307": "139.64",
        "202308": "120.55",
        "202309": "115.50",
        "202310": "109.25",
        "202311": "112.80",
        "202312": "115.98"
    },
    "quarters": {
        "20011": {
            "year_quarter": 20011,
            "year": 2001,
            "quarter": 1,
            "eps": null,
            "eps_growth_year": null,
            "eps_4q": null,
            "eps_4q_growth_year": null,
            "roe": null,
            "roe_4q": 0,
            "gross_profit": null,
            "gross_margin": null,
            "gross_margin_4q_avg": 0,
            "net_income": null,
            "net_income_4q": null,
            "revenue": null,
            "revenue_4q": null,
            "common_shares": null,
            "book_valuer_per_share": null,
            "book_valuer_per_share_4q_avg": 0,
            "equity": null,
            "current_ratio": null,
            "debt_ratio": null,
            "inventory_turnover_ratio": null,
            "account_receivable_turnover_ratio": null,
            "reinvestment_rate": null,
            "research_to_sale_ratio": null,
            "price_fair": 0,
            "eps_avg_yearly": 0,
            "eps_latest_yearly": 0,
            "eps_growth_yearly": 0
        },
        "20012": {
            "year_quarter": 20012,
            "year": 2001,
            "quarter": 2,
            "eps": null,
            "eps_growth_year": null,
            "eps_4q": null,
            "eps_4q_growth_year": null,
            "roe": null,
            "roe_4q": 0,
            "gross_profit": null,
            "gross_margin": null,
            "gross_margin_4q_avg": 0,
            "net_income": null,
            "net_income_4q": null,
            "revenue": null,
            "revenue_4q": null,
            "common_shares": null,
            "book_valuer_per_share": null,
            "book_valuer_per_share_4q_avg": 0,
            "equity": null,
            "current_ratio": null,
            "debt_ratio": null,
            "inventory_turnover_ratio": null,
            "account_receivable_turnover_ratio": null,
            "reinvestment_rate": null,
            "research_to_sale_ratio": null,
            "price_fair": 0,
            "eps_avg_yearly": 0,
            "eps_latest_yearly": 0,
            "eps_growth_yearly": 0
        },
        "20013": {
            "year_quarter": 20013,
            "year": 2001,
            "quarter": 3,
            "eps": null,
            "eps_growth_year": null,
            "eps_4q": null,
            "eps_4q_growth_year": null,
            "roe": null,
            "roe_4q": 0,
            "gross_profit": null,
            "gross_margin": null,
            "gross_margin_4q_avg": 0,
            "net_income": null,
            "net_income_4q": null,
            "revenue": null,
            "revenue_4q": null,
            "common_shares": null,
            "book_valuer_per_share": null,
            "book_valuer_per_share_4q_avg": 0,
            "equity": null,
            "current_ratio": null,
            "debt_ratio": null,
            "inventory_turnover_ratio": null,
            "account_receivable_turnover_ratio": null,
            "reinvestment_rate": null,
            "research_to_sale_ratio": null,
            "price_fair": 0,
            "eps_avg_yearly": 0,
            "eps_latest_yearly": 0,
            "eps_growth_yearly": 0
        },
        "20014": {
            "year_quarter": 20014,
            "year": 2001,
            "quarter": 4,
            "eps": null,
            "eps_growth_year": null,
            "eps_4q": null,
            "eps_4q_growth_year": null,
            "roe": null,
            "roe_4q": 0,
            "gross_profit": null,
            "gross_margin": null,
            "gross_margin_4q_avg": 0,
            "net_income": null,
            "net_income_4q": null,
            "revenue": null,
            "revenue_4q": null,
            "common_shares": 475776,
            "book_valuer_per_share": 13.28,
            "book_valuer_per_share_4q_avg": 3.32,
            "equity": 632117,
            "current_ratio": 78.94,
            "debt_ratio": 28.69,
            "inventory_turnover_ratio": null,
            "account_receivable_turnover_ratio": null,
            "reinvestment_rate": null,
            "research_to_sale_ratio": null,
            "price_fair": 0,
            "eps_avg_yearly": 0,
            "eps_latest_yearly": 0,
            "eps_growth_yearly": 0
        },
        "20021": {
            "year_quarter": 20021,
            "year": 2002,
            "quarter": 1,
            "eps": null,
            "eps_growth_year": null,
            "eps_4q": null,
            "eps_4q_growth_year": null,
            "roe": null,
            "roe_4q": 0,
            "gross_profit": null,
            "gross_margin": null,
            "gross_margin_4q_avg": 0,
            "net_income": null,
            "net_income_4q": null,
            "revenue": null,
            "revenue_4q": null,
            "common_shares": null,
            "book_valuer_per_share": null,
            "book_valuer_per_share_4q_avg": 3.32,
            "equity": null,
            "current_ratio": null,
            "debt_ratio": null,
            "inventory_turnover_ratio": null,
            "account_receivable_turnover_ratio": null,
            "reinvestment_rate": null,
            "research_to_sale_ratio": null,
            "price_fair": 0,
            "eps_avg_yearly": 0,
            "eps_latest_yearly": 0,
            "eps_growth_yearly": 0
        },
        "20022": {
            "year_quarter": 20022,
            "year": 2002,
            "quarter": 2,
            "eps": null,
            "eps_growth_year": null,
            "eps_4q": null,
            "eps_4q_growth_year": null,
            "roe": null,
            "roe_4q": 0,
            "gross_profit": null,
            "gross_margin": null,
            "gross_margin_4q_avg": 0,
            "net_income": null,
            "net_income_4q": null,
            "revenue": null,
            "revenue_4q": null,
            "common_shares": null,
            "book_valuer_per_share": null,
            "book_valuer_per_share_4q_avg": 3.32,
            "equity": null,
            "current_ratio": null,
            "debt_ratio": null,
            "inventory_turnover_ratio": null,
            "account_receivable_turnover_ratio": null,
            "reinvestment_rate": null,
            "research_to_sale_ratio": null,
            "price_fair": 0,
            "eps_avg_yearly": 0,
            "eps_latest_yearly": 0,
            "eps_growth_yearly": 0
        },
        "20023": {
            "year_quarter": 20023,
            "year": 2002,
            "quarter": 3,
            "eps": null,
            "eps_growth_year": null,
            "eps_4q": null,
            "eps_4q_growth_year": null,
            "roe": null,
            "roe_4q": 0,
            "gross_profit": null,
            "gross_margin": null,
            "gross_margin_4q_avg": 0,
            "net_income": null,
            "net_income_4q": null,
            "revenue": null,
            "revenue_4q": null,
            "common_shares": null,
            "book_valuer_per_share": null,
            "book_valuer_per_share_4q_avg": 3.32,
            "equity": null,
            "current_ratio": null,
            "debt_ratio": null,
            "inventory_turnover_ratio": null,
            "account_receivable_turnover_ratio": null,
            "reinvestment_rate": null,
            "research_to_sale_ratio": null,
            "price_fair": 0,
            "eps_avg_yearly": 0,
            "eps_latest_yearly": 0,
            "eps_growth_yearly": 0
        },
        "20024": {
            "year_quarter": 20024,
            "year": 2002,
            "quarter": 4,
            "eps": null,
            "eps_growth_year": null,
            "eps_4q": null,
            "eps_4q_growth_year": null,
            "roe": null,
            "roe_4q": 0,
            "gross_profit": null,
            "gross_margin": null,
            "gross_margin_4q_avg": 0,
            "net_income": null,
            "net_income_4q": null,
            "revenue": null,
            "revenue_4q": null,
            "common_shares": 547142,
            "book_valuer_per_share": 12.47,
            "book_valuer_per_share_4q_avg": 3.12,
            "equity": 682591,
            "current_ratio": 90.49,
            "debt_ratio": 26.51,
            "inventory_turnover_ratio": null,
            "account_receivable_turnover_ratio": null,
            "reinvestment_rate": null,
            "research_to_sale_ratio": null,
            "price_fair": 0,
            "eps_avg_yearly": 0,
            "eps_latest_yearly": 0,
            "eps_growth_yearly": 0
        },
        "20031": {
            "year_quarter": 20031,
            "year": 2003,
            "quarter": 1,
            "eps": null,
            "eps_growth_year": null,
            "eps_4q": null,
            "eps_4q_growth_year": null,
            "roe": null,
            "roe_4q": 0,
            "gross_profit": null,
            "gross_margin": null,
            "gross_margin_4q_avg": 0,
            "net_income": null,
            "net_income_4q": null,
            "revenue": null,
            "revenue_4q": null,
            "common_shares": null,
            "book_valuer_per_share": null,
            "book_valuer_per_share_4q_avg": 3.12,
            "equity": null,
            "current_ratio": null,
            "debt_ratio": null,
            "inventory_turnover_ratio": null,
            "account_receivable_turnover_ratio": null,
            "reinvestment_rate": null,
            "research_to_sale_ratio": null,
            "price_fair": 0,
            "eps_avg_yearly": 0,
            "eps_latest_yearly": 0,
            "eps_growth_yearly": 0
        },
        "20032": {
            "year_quarter": 20032,
            "year": 2003,
            "quarter": 2,
            "eps": null,
            "eps_growth_year": null,
            "eps_4q": null,
            "eps_4q_growth_year": null,
            "roe": null,
            "roe_4q": 0,
            "gross_profit": null,
            "gross_margin": null,
            "gross_margin_4q_avg": 0,
            "net_income": null,
            "net_income_4q": null,
            "revenue": null,
            "revenue_4q": null,
            "common_shares": null,
            "book_valuer_per_share": null,
            "book_valuer_per_share_4q_avg": 3.12,
            "equity": null,
            "current_ratio": null,
            "debt_ratio": null,
            "inventory_turnover_ratio": null,
            "account_receivable_turnover_ratio": null,
            "reinvestment_rate": null,
            "research_to_sale_ratio": null,
            "price_fair": 0,
            "eps_avg_yearly": 0,
            "eps_latest_yearly": 0,
            "eps_growth_yearly": 0
        },
        "20033": {
            "year_quarter": 20033,
            "year": 2003,
            "quarter": 3,
            "eps": null,
            "eps_growth_year": null,
            "eps_4q": null,
            "eps_4q_growth_year": null,
            "roe": null,
            "roe_4q": 0,
            "gross_profit": null,
            "gross_margin": null,
            "gross_margin_4q_avg": 0,
            "net_income": null,
            "net_income_4q": null,
            "revenue": null,
            "revenue_4q": null,
            "common_shares": null,
            "book_valuer_per_share": null,
            "book_valuer_per_share_4q_avg": 3.12,
            "equity": null,
            "current_ratio": null,
            "debt_ratio": null,
            "inventory_turnover_ratio": null,
            "account_receivable_turnover_ratio": null,
            "reinvestment_rate": null,
            "research_to_sale_ratio": null,
            "price_fair": 0,
            "eps_avg_yearly": 0,
            "eps_latest_yearly": 0,
            "eps_growth_yearly": 0
        },
        "20034": {
            "year_quarter": 20034,
            "year": 2003,
            "quarter": 4,
            "eps": null,
            "eps_growth_year": null,
            "eps_4q": null,
            "eps_4q_growth_year": null,
            "roe": null,
            "roe_4q": 0,
            "gross_profit": null,
            "gross_margin": null,
            "gross_margin_4q_avg": 0,
            "net_income": null,
            "net_income_4q": null,
            "revenue": null,
            "revenue_4q": null,
            "common_shares": 547142,
            "book_valuer_per_share": 11.96,
            "book_valuer_per_share_4q_avg": 2.99,
            "equity": 654264,
            "current_ratio": 75.45,
            "debt_ratio": 25.56,
            "inventory_turnover_ratio": null,
            "account_receivable_turnover_ratio": null,
            "reinvestment_rate": null,
            "research_to_sale_ratio": null,
            "price_fair": 0,
            "eps_avg_yearly": 0,
            "eps_latest_yearly": 0,
            "eps_growth_yearly": 0
        },
        "20041": {
            "year_quarter": 20041,
            "year": 2004,
            "quarter": 1,
            "eps": null,
            "eps_growth_year": null,
            "eps_4q": null,
            "eps_4q_growth_year": null,
            "roe": null,
            "roe_4q": 0,
            "gross_profit": null,
            "gross_margin": null,
            "gross_margin_4q_avg": 0,
            "net_income": null,
            "net_income_4q": null,
            "revenue": null,
            "revenue_4q": null,
            "common_shares": null,
            "book_valuer_per_share": null,
            "book_valuer_per_share_4q_avg": 2.99,
            "equity": null,
            "current_ratio": null,
            "debt_ratio": null,
            "inventory_turnover_ratio": null,
            "account_receivable_turnover_ratio": null,
            "reinvestment_rate": null,
            "research_to_sale_ratio": null,
            "price_fair": 0,
            "eps_avg_yearly": 0,
            "eps_latest_yearly": 0,
            "eps_growth_yearly": 0
        },
        "20042": {
            "year_quarter": 20042,
            "year": 2004,
            "quarter": 2,
            "eps": null,
            "eps_growth_year": null,
            "eps_4q": null,
            "eps_4q_growth_year": null,
            "roe": null,
            "roe_4q": 0,
            "gross_profit": null,
            "gross_margin": null,
            "gross_margin_4q_avg": 0,
            "net_income": null,
            "net_income_4q": null,
            "revenue": null,
            "revenue_4q": null,
            "common_shares": null,
            "book_valuer_per_share": null,
            "book_valuer_per_share_4q_avg": 2.99,
            "equity": null,
            "current_ratio": null,
            "debt_ratio": null,
            "inventory_turnover_ratio": null,
            "account_receivable_turnover_ratio": null,
            "reinvestment_rate": null,
            "research_to_sale_ratio": null,
            "price_fair": 0,
            "eps_avg_yearly": 0,
            "eps_latest_yearly": 0,
            "eps_growth_yearly": 0
        },
        "20043": {
            "year_quarter": 20043,
            "year": 2004,
            "quarter": 3,
            "eps": null,
            "eps_growth_year": null,
            "eps_4q": null,
            "eps_4q_growth_year": null,
            "roe": null,
            "roe_4q": 0,
            "gross_profit": null,
            "gross_margin": null,
            "gross_margin_4q_avg": 0,
            "net_income": null,
            "net_income_4q": null,
            "revenue": null,
            "revenue_4q": null,
            "common_shares": null,
            "book_valuer_per_share": null,
            "book_valuer_per_share_4q_avg": 2.99,
            "equity": null,
            "current_ratio": null,
            "debt_ratio": null,
            "inventory_turnover_ratio": null,
            "account_receivable_turnover_ratio": null,
            "reinvestment_rate": null,
            "research_to_sale_ratio": null,
            "price_fair": 0,
            "eps_avg_yearly": 0,
            "eps_latest_yearly": 0,
            "eps_growth_yearly": 0
        },
        "20044": {
            "year_quarter": 20044,
            "year": 2004,
            "quarter": 4,
            "eps": null,
            "eps_growth_year": null,
            "eps_4q": null,
            "eps_4q_growth_year": null,
            "roe": null,
            "roe_4q": 0,
            "gross_profit": null,
            "gross_margin": null,
            "gross_margin_4q_avg": 0,
            "net_income": null,
            "net_income_4q": null,
            "revenue": null,
            "revenue_4q": null,
            "common_shares": 547142,
            "book_valuer_per_share": 11.61,
            "book_valuer_per_share_4q_avg": 2.9,
            "equity": 635185,
            "current_ratio": 133.85,
            "debt_ratio": 26.22,
            "inventory_turnover_ratio": null,
            "account_receivable_turnover_ratio": null,
            "reinvestment_rate": null,
            "research_to_sale_ratio": null,
            "price_fair": 0,
            "eps_avg_yearly": 0,
            "eps_latest_yearly": 0,
            "eps_growth_yearly": 0
        },
        "20051": {
            "year_quarter": 20051,
            "year": 2005,
            "quarter": 1,
            "eps": null,
            "eps_growth_year": null,
            "eps_4q": null,
            "eps_4q_growth_year": null,
            "roe": null,
            "roe_4q": 0,
            "gross_profit": null,
            "gross_margin": null,
            "gross_margin_4q_avg": 0,
            "net_income": null,
            "net_income_4q": null,
            "revenue": null,
            "revenue_4q": null,
            "common_shares": null,
            "book_valuer_per_share": null,
            "book_valuer_per_share_4q_avg": 2.9,
            "equity": null,
            "current_ratio": null,
            "debt_ratio": null,
            "inventory_turnover_ratio": null,
            "account_receivable_turnover_ratio": null,
            "reinvestment_rate": null,
            "research_to_sale_ratio": null,
            "price_fair": 0,
            "eps_avg_yearly": 0,
            "eps_latest_yearly": 0,
            "eps_growth_yearly": 0
        },
        "20052": {
            "year_quarter": 20052,
            "year": 2005,
            "quarter": 2,
            "eps": null,
            "eps_growth_year": null,
            "eps_4q": null,
            "eps_4q_growth_year": null,
            "roe": null,
            "roe_4q": 0,
            "gross_profit": null,
            "gross_margin": null,
            "gross_margin_4q_avg": 0,
            "net_income": null,
            "net_income_4q": null,
            "revenue": null,
            "revenue_4q": null,
            "common_shares": null,
            "book_valuer_per_share": null,
            "book_valuer_per_share_4q_avg": 2.9,
            "equity": null,
            "current_ratio": null,
            "debt_ratio": null,
            "inventory_turnover_ratio": null,
            "account_receivable_turnover_ratio": null,
            "reinvestment_rate": null,
            "research_to_sale_ratio": null,
            "price_fair": 0,
            "eps_avg_yearly": 0,
            "eps_latest_yearly": 0,
            "eps_growth_yearly": 0
        },
        "20053": {
            "year_quarter": 20053,
            "year": 2005,
            "quarter": 3,
            "eps": null,
            "eps_growth_year": null,
            "eps_4q": null,
            "eps_4q_growth_year": null,
            "roe": null,
            "roe_4q": 0,
            "gross_profit": null,
            "gross_margin": null,
            "gross_margin_4q_avg": 0,
            "net_income": null,
            "net_income_4q": null,
            "revenue": null,
            "revenue_4q": null,
            "common_shares": null,
            "book_valuer_per_share": null,
            "book_valuer_per_share_4q_avg": 2.9,
            "equity": null,
            "current_ratio": null,
            "debt_ratio": null,
            "inventory_turnover_ratio": null,
            "account_receivable_turnover_ratio": null,
            "reinvestment_rate": null,
            "research_to_sale_ratio": null,
            "price_fair": 0,
            "eps_avg_yearly": 0,
            "eps_latest_yearly": 0,
            "eps_growth_yearly": 0
        },
        "20054": {
            "year_quarter": 20054,
            "year": 2005,
            "quarter": 4,
            "eps": null,
            "eps_growth_year": null,
            "eps_4q": null,
            "eps_4q_growth_year": null,
            "roe": null,
            "roe_4q": 0,
            "gross_profit": null,
            "gross_margin": null,
            "gross_margin_4q_avg": 0,
            "net_income": null,
            "net_income_4q": null,
            "revenue": null,
            "revenue_4q": null,
            "common_shares": 547142,
            "book_valuer_per_share": 10.24,
            "book_valuer_per_share_4q_avg": 2.56,
            "equity": 621894,
            "current_ratio": 69.06,
            "debt_ratio": 30.99,
            "inventory_turnover_ratio": null,
            "account_receivable_turnover_ratio": null,
            "reinvestment_rate": null,
            "research_to_sale_ratio": null,
            "price_fair": 0,
            "eps_avg_yearly": 0,
            "eps_latest_yearly": 0,
            "eps_growth_yearly": 0
        },
        "20061": {
            "year_quarter": 20061,
            "year": 2006,
            "quarter": 1,
            "eps": null,
            "eps_growth_year": null,
            "eps_4q": null,
            "eps_4q_growth_year": null,
            "roe": null,
            "roe_4q": 0,
            "gross_profit": null,
            "gross_margin": null,
            "gross_margin_4q_avg": 0,
            "net_income": null,
            "net_income_4q": null,
            "revenue": null,
            "revenue_4q": null,
            "common_shares": null,
            "book_valuer_per_share": null,
            "book_valuer_per_share_4q_avg": 2.56,
            "equity": null,
            "current_ratio": null,
            "debt_ratio": null,
            "inventory_turnover_ratio": null,
            "account_receivable_turnover_ratio": null,
            "reinvestment_rate": null,
            "research_to_sale_ratio": null,
            "price_fair": 0,
            "eps_avg_yearly": 0,
            "eps_latest_yearly": 0,
            "eps_growth_yearly": 0
        },
        "20062": {
            "year_quarter": 20062,
            "year": 2006,
            "quarter": 2,
            "eps": null,
            "eps_growth_year": null,
            "eps_4q": null,
            "eps_4q_growth_year": null,
            "roe": null,
            "roe_4q": 0,
            "gross_profit": null,
            "gross_margin": null,
            "gross_margin_4q_avg": 0,
            "net_income": null,
            "net_income_4q": null,
            "revenue": null,
            "revenue_4q": null,
            "common_shares": null,
            "book_valuer_per_share": null,
            "book_valuer_per_share_4q_avg": 2.56,
            "equity": null,
            "current_ratio": null,
            "debt_ratio": null,
            "inventory_turnover_ratio": null,
            "account_receivable_turnover_ratio": null,
            "reinvestment_rate": null,
            "research_to_sale_ratio": null,
            "price_fair": 0,
            "eps_avg_yearly": 0,
            "eps_latest_yearly": 0,
            "eps_growth_yearly": 0
        },
        "20063": {
            "year_quarter": 20063,
            "year": 2006,
            "quarter": 3,
            "eps": null,
            "eps_growth_year": null,
            "eps_4q": null,
            "eps_4q_growth_year": null,
            "roe": null,
            "roe_4q": 0,
            "gross_profit": null,
            "gross_margin": null,
            "gross_margin_4q_avg": 0,
            "net_income": null,
            "net_income_4q": null,
            "revenue": null,
            "revenue_4q": null,
            "common_shares": null,
            "book_valuer_per_share": null,
            "book_valuer_per_share_4q_avg": 2.56,
            "equity": null,
            "current_ratio": null,
            "debt_ratio": null,
            "inventory_turnover_ratio": null,
            "account_receivable_turnover_ratio": null,
            "reinvestment_rate": null,
            "research_to_sale_ratio": null,
            "price_fair": 0,
            "eps_avg_yearly": 0,
            "eps_latest_yearly": 0,
            "eps_growth_yearly": 0
        },
        "20064": {
            "year_quarter": 20064,
            "year": 2006,
            "quarter": 4,
            "eps": null,
            "eps_growth_year": null,
            "eps_4q": null,
            "eps_4q_growth_year": null,
            "roe": null,
            "roe_4q": 0,
            "gross_profit": null,
            "gross_margin": null,
            "gross_margin_4q_avg": 0,
            "net_income": null,
            "net_income_4q": null,
            "revenue": null,
            "revenue_4q": null,
            "common_shares": 547142,
            "book_valuer_per_share": 9.8,
            "book_valuer_per_share_4q_avg": 2.45,
            "equity": 600185,
            "current_ratio": 96.11,
            "debt_ratio": 34.23,
            "inventory_turnover_ratio": null,
            "account_receivable_turnover_ratio": null,
            "reinvestment_rate": null,
            "research_to_sale_ratio": null,
            "price_fair": 0,
            "eps_avg_yearly": 0,
            "eps_latest_yearly": 0,
            "eps_growth_yearly": 0
        },
        "20071": {
            "year_quarter": 20071,
            "year": 2007,
            "quarter": 1,
            "eps": null,
            "eps_growth_year": null,
            "eps_4q": null,
            "eps_4q_growth_year": null,
            "roe": null,
            "roe_4q": 0,
            "gross_profit": null,
            "gross_margin": null,
            "gross_margin_4q_avg": 0,
            "net_income": null,
            "net_income_4q": null,
            "revenue": null,
            "revenue_4q": null,
            "common_shares": null,
            "book_valuer_per_share": null,
            "book_valuer_per_share_4q_avg": 2.45,
            "equity": null,
            "current_ratio": null,
            "debt_ratio": null,
            "inventory_turnover_ratio": null,
            "account_receivable_turnover_ratio": null,
            "reinvestment_rate": null,
            "research_to_sale_ratio": null,
            "price_fair": 0,
            "eps_avg_yearly": 0,
            "eps_latest_yearly": 0,
            "eps_growth_yearly": 0
        },
        "20072": {
            "year_quarter": 20072,
            "year": 2007,
            "quarter": 2,
            "eps": null,
            "eps_growth_year": null,
            "eps_4q": null,
            "eps_4q_growth_year": null,
            "roe": null,
            "roe_4q": 0,
            "gross_profit": null,
            "gross_margin": null,
            "gross_margin_4q_avg": 0,
            "net_income": null,
            "net_income_4q": null,
            "revenue": null,
            "revenue_4q": null,
            "common_shares": null,
            "book_valuer_per_share": null,
            "book_valuer_per_share_4q_avg": 2.45,
            "equity": null,
            "current_ratio": null,
            "debt_ratio": null,
            "inventory_turnover_ratio": null,
            "account_receivable_turnover_ratio": null,
            "reinvestment_rate": null,
            "research_to_sale_ratio": null,
            "price_fair": 0,
            "eps_avg_yearly": 0,
            "eps_latest_yearly": 0,
            "eps_growth_yearly": 0
        },
        "20073": {
            "year_quarter": 20073,
            "year": 2007,
            "quarter": 3,
            "eps": null,
            "eps_growth_year": null,
            "eps_4q": null,
            "eps_4q_growth_year": null,
            "roe": null,
            "roe_4q": 0,
            "gross_profit": null,
            "gross_margin": null,
            "gross_margin_4q_avg": 0,
            "net_income": null,
            "net_income_4q": null,
            "revenue": null,
            "revenue_4q": null,
            "common_shares": null,
            "book_valuer_per_share": null,
            "book_valuer_per_share_4q_avg": 2.45,
            "equity": null,
            "current_ratio": null,
            "debt_ratio": null,
            "inventory_turnover_ratio": null,
            "account_receivable_turnover_ratio": null,
            "reinvestment_rate": null,
            "research_to_sale_ratio": null,
            "price_fair": 0,
            "eps_avg_yearly": 0,
            "eps_latest_yearly": 0,
            "eps_growth_yearly": 0
        },
        "20074": {
            "year_quarter": 20074,
            "year": 2007,
            "quarter": 4,
            "eps": null,
            "eps_growth_year": null,
            "eps_4q": null,
            "eps_4q_growth_year": null,
            "roe": null,
            "roe_4q": 0,
            "gross_profit": null,
            "gross_margin": null,
            "gross_margin_4q_avg": 0,
            "net_income": null,
            "net_income_4q": null,
            "revenue": null,
            "revenue_4q": null,
            "common_shares": 547142,
            "book_valuer_per_share": 9.95,
            "book_valuer_per_share_4q_avg": 2.49,
            "equity": 602128,
            "current_ratio": 62.2,
            "debt_ratio": 31.37,
            "inventory_turnover_ratio": null,
            "account_receivable_turnover_ratio": null,
            "reinvestment_rate": null,
            "research_to_sale_ratio": null,
            "price_fair": 0,
            "eps_avg_yearly": 0,
            "eps_latest_yearly": 0,
            "eps_growth_yearly": 0
        },
        "20081": {
            "year_quarter": 20081,
            "year": 2008,
            "quarter": 1,
            "eps": null,
            "eps_growth_year": null,
            "eps_4q": null,
            "eps_4q_growth_year": null,
            "roe": null,
            "roe_4q": 0,
            "gross_profit": null,
            "gross_margin": null,
            "gross_margin_4q_avg": 0,
            "net_income": null,
            "net_income_4q": null,
            "revenue": null,
            "revenue_4q": null,
            "common_shares": null,
            "book_valuer_per_share": null,
            "book_valuer_per_share_4q_avg": 2.49,
            "equity": null,
            "current_ratio": null,
            "debt_ratio": null,
            "inventory_turnover_ratio": null,
            "account_receivable_turnover_ratio": null,
            "reinvestment_rate": null,
            "research_to_sale_ratio": null,
            "price_fair": 0,
            "eps_avg_yearly": 0,
            "eps_latest_yearly": 0,
            "eps_growth_yearly": 0
        },
        "20082": {
            "year_quarter": 20082,
            "year": 2008,
            "quarter": 2,
            "eps": null,
            "eps_growth_year": null,
            "eps_4q": null,
            "eps_4q_growth_year": null,
            "roe": null,
            "roe_4q": 0,
            "gross_profit": null,
            "gross_margin": null,
            "gross_margin_4q_avg": 0,
            "net_income": null,
            "net_income_4q": null,
            "revenue": null,
            "revenue_4q": null,
            "common_shares": null,
            "book_valuer_per_share": null,
            "book_valuer_per_share_4q_avg": 2.49,
            "equity": null,
            "current_ratio": null,
            "debt_ratio": null,
            "inventory_turnover_ratio": null,
            "account_receivable_turnover_ratio": null,
            "reinvestment_rate": null,
            "research_to_sale_ratio": null,
            "price_fair": 0,
            "eps_avg_yearly": 0,
            "eps_latest_yearly": 0,
            "eps_growth_yearly": 0
        },
        "20083": {
            "year_quarter": 20083,
            "year": 2008,
            "quarter": 3,
            "eps": null,
            "eps_growth_year": null,
            "eps_4q": null,
            "eps_4q_growth_year": null,
            "roe": null,
            "roe_4q": 0,
            "gross_profit": null,
            "gross_margin": null,
            "gross_margin_4q_avg": 0,
            "net_income": null,
            "net_income_4q": null,
            "revenue": null,
            "revenue_4q": null,
            "common_shares": null,
            "book_valuer_per_share": null,
            "book_valuer_per_share_4q_avg": 2.49,
            "equity": null,
            "current_ratio": null,
            "debt_ratio": null,
            "inventory_turnover_ratio": null,
            "account_receivable_turnover_ratio": null,
            "reinvestment_rate": null,
            "research_to_sale_ratio": null,
            "price_fair": 0,
            "eps_avg_yearly": 0,
            "eps_latest_yearly": 0,
            "eps_growth_yearly": 0
        },
        "20084": {
            "year_quarter": 20084,
            "year": 2008,
            "quarter": 4,
            "eps": null,
            "eps_growth_year": null,
            "eps_4q": null,
            "eps_4q_growth_year": null,
            "roe": null,
            "roe_4q": 0,
            "gross_profit": null,
            "gross_margin": null,
            "gross_margin_4q_avg": 0,
            "net_income": null,
            "net_income_4q": null,
            "revenue": null,
            "revenue_4q": null,
            "common_shares": 750000,
            "book_valuer_per_share": 10.49,
            "book_valuer_per_share_4q_avg": 2.62,
            "equity": 788066,
            "current_ratio": 128.22,
            "debt_ratio": 23.96,
            "inventory_turnover_ratio": null,
            "account_receivable_turnover_ratio": null,
            "reinvestment_rate": null,
            "research_to_sale_ratio": null,
            "price_fair": 0,
            "eps_avg_yearly": 0,
            "eps_latest_yearly": 0,
            "eps_growth_yearly": 0
        },
        "20091": {
            "year_quarter": 20091,
            "year": 2009,
            "quarter": 1,
            "eps": null,
            "eps_growth_year": null,
            "eps_4q": null,
            "eps_4q_growth_year": null,
            "roe": null,
            "roe_4q": 0,
            "gross_profit": null,
            "gross_margin": null,
            "gross_margin_4q_avg": 0,
            "net_income": null,
            "net_income_4q": null,
            "revenue": null,
            "revenue_4q": null,
            "common_shares": null,
            "book_valuer_per_share": null,
            "book_valuer_per_share_4q_avg": 2.62,
            "equity": null,
            "current_ratio": null,
            "debt_ratio": null,
            "inventory_turnover_ratio": null,
            "account_receivable_turnover_ratio": null,
            "reinvestment_rate": null,
            "research_to_sale_ratio": null,
            "price_fair": 0,
            "eps_avg_yearly": 0,
            "eps_latest_yearly": 0,
            "eps_growth_yearly": 0
        },
        "20092": {
            "year_quarter": 20092,
            "year": 2009,
            "quarter": 2,
            "eps": null,
            "eps_growth_year": null,
            "eps_4q": null,
            "eps_4q_growth_year": null,
            "roe": null,
            "roe_4q": 0,
            "gross_profit": null,
            "gross_margin": null,
            "gross_margin_4q_avg": 0,
            "net_income": null,
            "net_income_4q": null,
            "revenue": null,
            "revenue_4q": null,
            "common_shares": null,
            "book_valuer_per_share": null,
            "book_valuer_per_share_4q_avg": 2.62,
            "equity": null,
            "current_ratio": null,
            "debt_ratio": null,
            "inventory_turnover_ratio": null,
            "account_receivable_turnover_ratio": null,
            "reinvestment_rate": null,
            "research_to_sale_ratio": null,
            "price_fair": 0,
            "eps_avg_yearly": 0,
            "eps_latest_yearly": 0,
            "eps_growth_yearly": 0
        },
        "20093": {
            "year_quarter": 20093,
            "year": 2009,
            "quarter": 3,
            "eps": null,
            "eps_growth_year": null,
            "eps_4q": null,
            "eps_4q_growth_year": null,
            "roe": null,
            "roe_4q": 0,
            "gross_profit": null,
            "gross_margin": null,
            "gross_margin_4q_avg": 0,
            "net_income": null,
            "net_income_4q": null,
            "revenue": null,
            "revenue_4q": null,
            "common_shares": null,
            "book_valuer_per_share": null,
            "book_valuer_per_share_4q_avg": 2.62,
            "equity": null,
            "current_ratio": null,
            "debt_ratio": null,
            "inventory_turnover_ratio": null,
            "account_receivable_turnover_ratio": null,
            "reinvestment_rate": null,
            "research_to_sale_ratio": null,
            "price_fair": 0,
            "eps_avg_yearly": 0,
            "eps_latest_yearly": 0,
            "eps_growth_yearly": 0
        },
        "20094": {
            "year_quarter": 20094,
            "year": 2009,
            "quarter": 4,
            "eps": null,
            "eps_growth_year": null,
            "eps_4q": null,
            "eps_4q_growth_year": null,
            "roe": null,
            "roe_4q": 0,
            "gross_profit": null,
            "gross_margin": null,
            "gross_margin_4q_avg": 0,
            "net_income": null,
            "net_income_4q": null,
            "revenue": null,
            "revenue_4q": null,
            "common_shares": 750000,
            "book_valuer_per_share": 10.92,
            "book_valuer_per_share_4q_avg": 2.73,
            "equity": 820764,
            "current_ratio": 157.23,
            "debt_ratio": 22.72,
            "inventory_turnover_ratio": null,
            "account_receivable_turnover_ratio": null,
            "reinvestment_rate": null,
            "research_to_sale_ratio": null,
            "price_fair": 0,
            "eps_avg_yearly": 0,
            "eps_latest_yearly": 0,
            "eps_growth_yearly": 0
        },
        "20101": {
            "year_quarter": 20101,
            "year": 2010,
            "quarter": 1,
            "eps": null,
            "eps_growth_year": null,
            "eps_4q": null,
            "eps_4q_growth_year": null,
            "roe": null,
            "roe_4q": 0,
            "gross_profit": null,
            "gross_margin": null,
            "gross_margin_4q_avg": 0,
            "net_income": null,
            "net_income_4q": null,
            "revenue": null,
            "revenue_4q": null,
            "common_shares": null,
            "book_valuer_per_share": null,
            "book_valuer_per_share_4q_avg": 2.73,
            "equity": null,
            "current_ratio": null,
            "debt_ratio": null,
            "inventory_turnover_ratio": null,
            "account_receivable_turnover_ratio": null,
            "reinvestment_rate": null,
            "research_to_sale_ratio": null,
            "price_fair": 0,
            "eps_avg_yearly": 0,
            "eps_latest_yearly": 0,
            "eps_growth_yearly": 0
        },
        "20102": {
            "year_quarter": 20102,
            "year": 2010,
            "quarter": 2,
            "eps": null,
            "eps_growth_year": null,
            "eps_4q": null,
            "eps_4q_growth_year": null,
            "roe": null,
            "roe_4q": 0,
            "gross_profit": null,
            "gross_margin": null,
            "gross_margin_4q_avg": 0,
            "net_income": null,
            "net_income_4q": null,
            "revenue": null,
            "revenue_4q": null,
            "common_shares": 750000,
            "book_valuer_per_share": null,
            "book_valuer_per_share_4q_avg": 2.73,
            "equity": 868196,
            "current_ratio": null,
            "debt_ratio": null,
            "inventory_turnover_ratio": null,
            "account_receivable_turnover_ratio": null,
            "reinvestment_rate": null,
            "research_to_sale_ratio": null,
            "price_fair": 0,
            "eps_avg_yearly": 0,
            "eps_latest_yearly": 0,
            "eps_growth_yearly": 0
        },
        "20103": {
            "year_quarter": 20103,
            "year": 2010,
            "quarter": 3,
            "eps": null,
            "eps_growth_year": null,
            "eps_4q": null,
            "eps_4q_growth_year": null,
            "roe": null,
            "roe_4q": 0,
            "gross_profit": null,
            "gross_margin": null,
            "gross_margin_4q_avg": 0,
            "net_income": null,
            "net_income_4q": null,
            "revenue": null,
            "revenue_4q": null,
            "common_shares": null,
            "book_valuer_per_share": null,
            "book_valuer_per_share_4q_avg": 2.73,
            "equity": null,
            "current_ratio": null,
            "debt_ratio": null,
            "inventory_turnover_ratio": null,
            "account_receivable_turnover_ratio": null,
            "reinvestment_rate": null,
            "research_to_sale_ratio": null,
            "price_fair": 0,
            "eps_avg_yearly": 0,
            "eps_latest_yearly": 0,
            "eps_growth_yearly": 0
        },
        "20104": {
            "year_quarter": 20104,
            "year": 2010,
            "quarter": 4,
            "eps": null,
            "eps_growth_year": null,
            "eps_4q": null,
            "eps_4q_growth_year": null,
            "roe": null,
            "roe_4q": 0,
            "gross_profit": null,
            "gross_margin": null,
            "gross_margin_4q_avg": 0,
            "net_income": null,
            "net_income_4q": null,
            "revenue": null,
            "revenue_4q": null,
            "common_shares": 750000,
            "book_valuer_per_share": 11,
            "book_valuer_per_share_4q_avg": 2.75,
            "equity": 826603,
            "current_ratio": 332.87,
            "debt_ratio": 34.41,
            "inventory_turnover_ratio": null,
            "account_receivable_turnover_ratio": null,
            "reinvestment_rate": null,
            "research_to_sale_ratio": null,
            "price_fair": 0,
            "eps_avg_yearly": 0,
            "eps_latest_yearly": 0,
            "eps_growth_yearly": 0
        },
        "20111": {
            "year_quarter": 20111,
            "year": 2011,
            "quarter": 1,
            "eps": null,
            "eps_growth_year": null,
            "eps_4q": null,
            "eps_4q_growth_year": null,
            "roe": null,
            "roe_4q": 0,
            "gross_profit": null,
            "gross_margin": null,
            "gross_margin_4q_avg": 0,
            "net_income": null,
            "net_income_4q": null,
            "revenue": null,
            "revenue_4q": null,
            "common_shares": null,
            "book_valuer_per_share": null,
            "book_valuer_per_share_4q_avg": 2.75,
            "equity": null,
            "current_ratio": null,
            "debt_ratio": null,
            "inventory_turnover_ratio": null,
            "account_receivable_turnover_ratio": null,
            "reinvestment_rate": null,
            "research_to_sale_ratio": null,
            "price_fair": 0,
            "eps_avg_yearly": 0,
            "eps_latest_yearly": 0,
            "eps_growth_yearly": 0
        },
        "20112": {
            "year_quarter": 20112,
            "year": 2011,
            "quarter": 2,
            "eps": null,
            "eps_growth_year": null,
            "eps_4q": null,
            "eps_4q_growth_year": null,
            "roe": null,
            "roe_4q": 0,
            "gross_profit": null,
            "gross_margin": null,
            "gross_margin_4q_avg": 0,
            "net_income": null,
            "net_income_4q": null,
            "revenue": null,
            "revenue_4q": null,
            "common_shares": 750000,
            "book_valuer_per_share": 10.81,
            "book_valuer_per_share_4q_avg": 5.45,
            "equity": 812363,
            "current_ratio": 205.84,
            "debt_ratio": 37.63,
            "inventory_turnover_ratio": null,
            "account_receivable_turnover_ratio": null,
            "reinvestment_rate": null,
            "research_to_sale_ratio": null,
            "price_fair": 0,
            "eps_avg_yearly": 0,
            "eps_latest_yearly": 0,
            "eps_growth_yearly": 0
        },
        "20113": {
            "year_quarter": 20113,
            "year": 2011,
            "quarter": 3,
            "eps": null,
            "eps_growth_year": null,
            "eps_4q": null,
            "eps_4q_growth_year": null,
            "roe": null,
            "roe_4q": 0,
            "gross_profit": null,
            "gross_margin": null,
            "gross_margin_4q_avg": 0,
            "net_income": null,
            "net_income_4q": null,
            "revenue": null,
            "revenue_4q": null,
            "common_shares": null,
            "book_valuer_per_share": null,
            "book_valuer_per_share_4q_avg": 5.45,
            "equity": null,
            "current_ratio": null,
            "debt_ratio": null,
            "inventory_turnover_ratio": null,
            "account_receivable_turnover_ratio": null,
            "reinvestment_rate": null,
            "research_to_sale_ratio": null,
            "price_fair": 0,
            "eps_avg_yearly": 0,
            "eps_latest_yearly": 0,
            "eps_growth_yearly": 0
        },
        "20114": {
            "year_quarter": 20114,
            "year": 2011,
            "quarter": 4,
            "eps": null,
            "eps_growth_year": null,
            "eps_4q": null,
            "eps_4q_growth_year": null,
            "roe": null,
            "roe_4q": 0,
            "gross_profit": null,
            "gross_margin": null,
            "gross_margin_4q_avg": 0,
            "net_income": null,
            "net_income_4q": null,
            "revenue": null,
            "revenue_4q": null,
            "common_shares": 750000,
            "book_valuer_per_share": 11.69,
            "book_valuer_per_share_4q_avg": 5.63,
            "equity": 877805,
            "current_ratio": 232.6,
            "debt_ratio": 32.53,
            "inventory_turnover_ratio": null,
            "account_receivable_turnover_ratio": null,
            "reinvestment_rate": null,
            "research_to_sale_ratio": null,
            "price_fair": 0,
            "eps_avg_yearly": 0,
            "eps_latest_yearly": 0,
            "eps_growth_yearly": 0
        },
        "20121": {
            "year_quarter": 20121,
            "year": 2012,
            "quarter": 1,
            "eps": null,
            "eps_growth_year": null,
            "eps_4q": null,
            "eps_4q_growth_year": null,
            "roe": null,
            "roe_4q": 0,
            "gross_profit": null,
            "gross_margin": null,
            "gross_margin_4q_avg": 0,
            "net_income": null,
            "net_income_4q": null,
            "revenue": null,
            "revenue_4q": null,
            "common_shares": null,
            "book_valuer_per_share": null,
            "book_valuer_per_share_4q_avg": 5.63,
            "equity": null,
            "current_ratio": null,
            "debt_ratio": null,
            "inventory_turnover_ratio": null,
            "account_receivable_turnover_ratio": null,
            "reinvestment_rate": null,
            "research_to_sale_ratio": null,
            "price_fair": 0,
            "eps_avg_yearly": 0,
            "eps_latest_yearly": 0,
            "eps_growth_yearly": 0
        },
        "20122": {
            "year_quarter": 20122,
            "year": 2012,
            "quarter": 2,
            "eps": null,
            "eps_growth_year": null,
            "eps_4q": null,
            "eps_4q_growth_year": null,
            "roe": null,
            "roe_4q": 0,
            "gross_profit": null,
            "gross_margin": null,
            "gross_margin_4q_avg": 0,
            "net_income": null,
            "net_income_4q": null,
            "revenue": null,
            "revenue_4q": null,
            "common_shares": 750000,
            "book_valuer_per_share": 0,
            "book_valuer_per_share_4q_avg": 2.92,
            "equity": 853741,
            "current_ratio": 170.23,
            "debt_ratio": 14.8,
            "inventory_turnover_ratio": null,
            "account_receivable_turnover_ratio": null,
            "reinvestment_rate": null,
            "research_to_sale_ratio": null,
            "price_fair": 0,
            "eps_avg_yearly": 0,
            "eps_latest_yearly": 0,
            "eps_growth_yearly": 0
        },
        "20123": {
            "year_quarter": 20123,
            "year": 2012,
            "quarter": 3,
            "eps": null,
            "eps_growth_year": null,
            "eps_4q": null,
            "eps_4q_growth_year": null,
            "roe": null,
            "roe_4q": 0,
            "gross_profit": null,
            "gross_margin": null,
            "gross_margin_4q_avg": 0,
            "net_income": null,
            "net_income_4q": null,
            "revenue": null,
            "revenue_4q": null,
            "common_shares": null,
            "book_valuer_per_share": null,
            "book_valuer_per_share_4q_avg": 2.92,
            "equity": null,
            "current_ratio": null,
            "debt_ratio": null,
            "inventory_turnover_ratio": null,
            "account_receivable_turnover_ratio": null,
            "reinvestment_rate": null,
            "research_to_sale_ratio": null,
            "price_fair": 0,
            "eps_avg_yearly": 0,
            "eps_latest_yearly": 0,
            "eps_growth_yearly": 0
        },
        "20124": {
            "year_quarter": 20124,
            "year": 2012,
            "quarter": 4,
            "eps": null,
            "eps_growth_year": null,
            "eps_4q": null,
            "eps_4q_growth_year": null,
            "roe": null,
            "roe_4q": 0,
            "gross_profit": null,
            "gross_margin": null,
            "gross_margin_4q_avg": 0,
            "net_income": null,
            "net_income_4q": null,
            "revenue": null,
            "revenue_4q": null,
            "common_shares": 1000000,
            "book_valuer_per_share": 11.76,
            "book_valuer_per_share_4q_avg": 2.94,
            "equity": 1176587,
            "current_ratio": 182.72,
            "debt_ratio": 54.03,
            "inventory_turnover_ratio": null,
            "account_receivable_turnover_ratio": null,
            "reinvestment_rate": null,
            "research_to_sale_ratio": null,
            "price_fair": 0,
            "eps_avg_yearly": 0,
            "eps_latest_yearly": 0,
            "eps_growth_yearly": 0
        },
        "20131": {
            "year_quarter": 20131,
            "year": 2013,
            "quarter": 1,
            "eps": null,
            "eps_growth_year": null,
            "eps_4q": null,
            "eps_4q_growth_year": null,
            "roe": null,
            "roe_4q": 0,
            "gross_profit": null,
            "gross_margin": null,
            "gross_margin_4q_avg": 0,
            "net_income": null,
            "net_income_4q": null,
            "revenue": null,
            "revenue_4q": null,
            "common_shares": null,
            "book_valuer_per_share": null,
            "book_valuer_per_share_4q_avg": 2.94,
            "equity": null,
            "current_ratio": null,
            "debt_ratio": null,
            "inventory_turnover_ratio": null,
            "account_receivable_turnover_ratio": null,
            "reinvestment_rate": null,
            "research_to_sale_ratio": null,
            "price_fair": 0,
            "eps_avg_yearly": 0,
            "eps_latest_yearly": 0,
            "eps_growth_yearly": 0
        },
        "20132": {
            "year_quarter": 20132,
            "year": 2013,
            "quarter": 2,
            "eps": null,
            "eps_growth_year": null,
            "eps_4q": null,
            "eps_4q_growth_year": null,
            "roe": null,
            "roe_4q": 0,
            "gross_profit": 0,
            "gross_margin": null,
            "gross_margin_4q_avg": 0,
            "net_income": 0,
            "net_income_4q": null,
            "revenue": 0,
            "revenue_4q": null,
            "common_shares": 1000000,
            "book_valuer_per_share": null,
            "book_valuer_per_share_4q_avg": 2.94,
            "equity": 1210233,
            "current_ratio": null,
            "debt_ratio": null,
            "inventory_turnover_ratio": null,
            "account_receivable_turnover_ratio": null,
            "reinvestment_rate": null,
            "research_to_sale_ratio": null,
            "price_fair": 0,
            "eps_avg_yearly": 0,
            "eps_latest_yearly": 0,
            "eps_growth_yearly": 0
        },
        "20133": {
            "year_quarter": 20133,
            "year": 2013,
            "quarter": 3,
            "eps": null,
            "eps_growth_year": null,
            "eps_4q": null,
            "eps_4q_growth_year": null,
            "roe": null,
            "roe_4q": 0,
            "gross_profit": 102210,
            "gross_margin": null,
            "gross_margin_4q_avg": 0,
            "net_income": 43218,
            "net_income_4q": null,
            "revenue": 266790,
            "revenue_4q": null,
            "common_shares": 1000000,
            "book_valuer_per_share": null,
            "book_valuer_per_share_4q_avg": 2.94,
            "equity": 1264478,
            "current_ratio": null,
            "debt_ratio": null,
            "inventory_turnover_ratio": null,
            "account_receivable_turnover_ratio": null,
            "reinvestment_rate": null,
            "research_to_sale_ratio": null,
            "price_fair": 0,
            "eps_avg_yearly": 0,
            "eps_latest_yearly": 0,
            "eps_growth_yearly": 0
        },
        "20134": {
            "year_quarter": 20134,
            "year": 2013,
            "quarter": 4,
            "eps": null,
            "eps_growth_year": null,
            "eps_4q": null,
            "eps_4q_growth_year": null,
            "roe": null,
            "roe_4q": 0,
            "gross_profit": 177648,
            "gross_margin": null,
            "gross_margin_4q_avg": 0,
            "net_income": 104662,
            "net_income_4q": null,
            "revenue": 345801,
            "revenue_4q": null,
            "common_shares": 1000000,
            "book_valuer_per_share": null,
            "book_valuer_per_share_4q_avg": 0,
            "equity": 1357365,
            "current_ratio": null,
            "debt_ratio": null,
            "inventory_turnover_ratio": null,
            "account_receivable_turnover_ratio": null,
            "reinvestment_rate": null,
            "research_to_sale_ratio": null,
            "price_fair": 0,
            "eps_avg_yearly": 0,
            "eps_latest_yearly": 0,
            "eps_growth_yearly": 0
        },
        "20141": {
            "year_quarter": 20141,
            "year": 2014,
            "quarter": 1,
            "eps": null,
            "eps_growth_year": null,
            "eps_4q": null,
            "eps_4q_growth_year": null,
            "roe": null,
            "roe_4q": 0,
            "gross_profit": 149481,
            "gross_margin": null,
            "gross_margin_4q_avg": 0,
            "net_income": 75466,
            "net_income_4q": null,
            "revenue": 314713,
            "revenue_4q": null,
            "common_shares": 1000000,
            "book_valuer_per_share": null,
            "book_valuer_per_share_4q_avg": 0,
            "equity": 1431323,
            "current_ratio": null,
            "debt_ratio": null,
            "inventory_turnover_ratio": null,
            "account_receivable_turnover_ratio": null,
            "reinvestment_rate": null,
            "research_to_sale_ratio": null,
            "price_fair": 0,
            "eps_avg_yearly": 0,
            "eps_latest_yearly": 0,
            "eps_growth_yearly": 0
        },
        "20142": {
            "year_quarter": 20142,
            "year": 2014,
            "quarter": 2,
            "eps": 0,
            "eps_growth_year": null,
            "eps_4q": 0,
            "eps_4q_growth_year": null,
            "roe": 0,
            "roe_4q": 0,
            "gross_profit": 0,
            "gross_margin": null,
            "gross_margin_4q_avg": 0,
            "net_income": 0,
            "net_income_4q": null,
            "revenue": 0,
            "revenue_4q": null,
            "common_shares": 1000000,
            "book_valuer_per_share": 12.81,
            "book_valuer_per_share_4q_avg": 3.2,
            "equity": 1281146,
            "current_ratio": 126.37,
            "debt_ratio": 55.74,
            "inventory_turnover_ratio": 0,
            "account_receivable_turnover_ratio": 0,
            "reinvestment_rate": null,
            "research_to_sale_ratio": null,
            "price_fair": 0,
            "eps_avg_yearly": 0,
            "eps_latest_yearly": 0,
            "eps_growth_yearly": 0
        },
        "20143": {
            "year_quarter": 20143,
            "year": 2014,
            "quarter": 3,
            "eps": 0.87,
            "eps_growth_year": null,
            "eps_4q": 0.87,
            "eps_4q_growth_year": null,
            "roe": 6.55,
            "roe_4q": 6.55,
            "gross_profit": 164261,
            "gross_margin": 55.15,
            "gross_margin_4q_avg": 13.79,
            "net_income": 87017,
            "net_income_4q": null,
            "revenue": 297819,
            "revenue_4q": null,
            "common_shares": 1000000,
            "book_valuer_per_share": 13.75,
            "book_valuer_per_share_4q_avg": 6.64,
            "equity": 1374854,
            "current_ratio": 147.16,
            "debt_ratio": 50.46,
            "inventory_turnover_ratio": 5.89,
            "account_receivable_turnover_ratio": 1.12,
            "reinvestment_rate": null,
            "research_to_sale_ratio": null,
            "price_fair": 0,
            "eps_avg_yearly": 0,
            "eps_latest_yearly": 0,
            "eps_growth_yearly": 0
        },
        "20144": {
            "year_quarter": 20144,
            "year": 2014,
            "quarter": 4,
            "eps": 0.87,
            "eps_growth_year": null,
            "eps_4q": 1.74,
            "eps_4q_growth_year": null,
            "roe": 6.16,
            "roe_4q": 12.71,
            "gross_profit": 171594,
            "gross_margin": 48.24,
            "gross_margin_4q_avg": 25.85,
            "net_income": 87417,
            "net_income_4q": null,
            "revenue": 355709,
            "revenue_4q": null,
            "common_shares": 1000000,
            "book_valuer_per_share": 14.65,
            "book_valuer_per_share_4q_avg": 10.3,
            "equity": 1464852,
            "current_ratio": 127.89,
            "debt_ratio": 49.94,
            "inventory_turnover_ratio": 5.08,
            "account_receivable_turnover_ratio": 1.31,
            "reinvestment_rate": null,
            "research_to_sale_ratio": null,
            "price_fair": 34.8,
            "eps_avg_yearly": 3.48,
            "eps_latest_yearly": 3.48,
            "eps_growth_yearly": 0
        },
        "20151": {
            "year_quarter": 20151,
            "year": 2015,
            "quarter": 1,
            "eps": 0.91,
            "eps_growth_year": null,
            "eps_4q": 2.39,
            "eps_4q_growth_year": null,
            "roe": 5.2,
            "roe_4q": 17.91,
            "gross_profit": 186766,
            "gross_margin": 50.57,
            "gross_margin_4q_avg": 38.49,
            "net_income": 91924,
            "net_income_4q": null,
            "revenue": 369319,
            "revenue_4q": null,
            "common_shares": 1115000,
            "book_valuer_per_share": 18.57,
            "book_valuer_per_share_4q_avg": 14.95,
            "equity": 2071086,
            "current_ratio": 173.02,
            "debt_ratio": 30.42,
            "inventory_turnover_ratio": 4.05,
            "account_receivable_turnover_ratio": 1.31,
            "reinvestment_rate": null,
            "research_to_sale_ratio": null,
            "price_fair": 68.34,
            "eps_avg_yearly": 3.56,
            "eps_latest_yearly": 3.64,
            "eps_growth_yearly": 9.2
        },
        "20152": {
            "year_quarter": 20152,
            "year": 2015,
            "quarter": 2,
            "eps": 1.17,
            "eps_growth_year": null,
            "eps_4q": 3.56,
            "eps_4q_growth_year": null,
            "roe": 6.51,
            "roe_4q": 24.42,
            "gross_profit": 234906,
            "gross_margin": 60.25,
            "gross_margin_4q_avg": 53.55,
            "net_income": 130958,
            "net_income_4q": null,
            "revenue": 389895,
            "revenue_4q": null,
            "common_shares": 1115000,
            "book_valuer_per_share": 17.51,
            "book_valuer_per_share_4q_avg": 16.12,
            "equity": 1951846,
            "current_ratio": 135,
            "debt_ratio": 36.65,
            "inventory_turnover_ratio": 2.76,
            "account_receivable_turnover_ratio": 1.27,
            "reinvestment_rate": null,
            "research_to_sale_ratio": null,
            "price_fair": 137.67,
            "eps_avg_yearly": 3.93,
            "eps_latest_yearly": 4.68,
            "eps_growth_yearly": 44.23
        },
        "20153": {
            "year_quarter": 20153,
            "year": 2015,
            "quarter": 3,
            "eps": 1.2,
            "eps_growth_year": 37.93,
            "eps_4q": 3.98,
            "eps_4q_growth_year": 357.52,
            "roe": 6.59,
            "roe_4q": 24.46,
            "gross_profit": 226338,
            "gross_margin": 55.51,
            "gross_margin_4q_avg": 53.64,
            "net_income": 133601,
            "net_income_4q": null,
            "revenue": 407725,
            "revenue_4q": null,
            "common_shares": 1115000,
            "book_valuer_per_share": 18.84,
            "book_valuer_per_share_4q_avg": 17.39,
            "equity": 2100188,
            "current_ratio": 175.4,
            "debt_ratio": 28.86,
            "inventory_turnover_ratio": 2.82,
            "account_receivable_turnover_ratio": 1.36,
            "reinvestment_rate": null,
            "research_to_sale_ratio": null,
            "price_fair": 145.25,
            "eps_avg_yearly": 4.15,
            "eps_latest_yearly": 4.8,
            "eps_growth_yearly": 35.73
        },
        "20154": {
            "year_quarter": 20154,
            "year": 2015,
            "quarter": 4,
            "eps": 1.41,
            "eps_growth_year": 61.14,
            "eps_4q": 4.61,
            "eps_4q_growth_year": 164.04,
            "roe": 7.21,
            "roe_4q": 25.51,
            "gross_profit": 268102,
            "gross_margin": 58.59,
            "gross_margin_4q_avg": 56.23,
            "net_income": 157061,
            "net_income_4q": null,
            "revenue": 457565,
            "revenue_4q": null,
            "common_shares": 1115000,
            "book_valuer_per_share": 20.25,
            "book_valuer_per_share_4q_avg": 18.79,
            "equity": 2257456,
            "current_ratio": 185.22,
            "debt_ratio": 27.31,
            "inventory_turnover_ratio": 3.09,
            "account_receivable_turnover_ratio": 1.61,
            "reinvestment_rate": null,
            "research_to_sale_ratio": null,
            "price_fair": 155.68,
            "eps_avg_yearly": 4.45,
            "eps_latest_yearly": 5.64,
            "eps_growth_yearly": 42.59
        },
        "20161": {
            "year_quarter": 20161,
            "year": 2016,
            "quarter": 1,
            "eps": 1.28,
            "eps_growth_year": 40.66,
            "eps_4q": 5.06,
            "eps_4q_growth_year": 111.76,
            "roe": 6.12,
            "roe_4q": 26.43,
            "gross_profit": 259244,
            "gross_margin": 56.92,
            "gross_margin_4q_avg": 57.82,
            "net_income": 142430,
            "net_income_4q": null,
            "revenue": 455419,
            "revenue_4q": null,
            "common_shares": 1115000,
            "book_valuer_per_share": 21.5,
            "book_valuer_per_share_4q_avg": 19.53,
            "equity": 2397616,
            "current_ratio": 209.44,
            "debt_ratio": 25.75,
            "inventory_turnover_ratio": 3.65,
            "account_receivable_turnover_ratio": 1.64,
            "reinvestment_rate": null,
            "research_to_sale_ratio": null,
            "price_fair": 159.6,
            "eps_avg_yearly": 4.56,
            "eps_latest_yearly": 5.12,
            "eps_growth_yearly": 29.34
        },
        "20162": {
            "year_quarter": 20162,
            "year": 2016,
            "quarter": 2,
            "eps": 1.29,
            "eps_growth_year": 10.26,
            "eps_4q": 5.17,
            "eps_4q_growth_year": 45.08,
            "roe": 6.32,
            "roe_4q": 26.240000000000002,
            "gross_profit": 242792,
            "gross_margin": 58.28,
            "gross_margin_4q_avg": 57.33,
            "net_income": 143335,
            "net_income_4q": null,
            "revenue": 416588,
            "revenue_4q": null,
            "common_shares": 1115000,
            "book_valuer_per_share": 19.19,
            "book_valuer_per_share_4q_avg": 19.95,
            "equity": 2139996,
            "current_ratio": 138.12,
            "debt_ratio": 36.35,
            "inventory_turnover_ratio": 3.09,
            "account_receivable_turnover_ratio": 1.42,
            "reinvestment_rate": null,
            "research_to_sale_ratio": null,
            "price_fair": 162.6,
            "eps_avg_yearly": 4.65,
            "eps_latest_yearly": 5.16,
            "eps_growth_yearly": 25.6
        },
        "20163": {
            "year_quarter": 20163,
            "year": 2016,
            "quarter": 3,
            "eps": 1.28,
            "eps_growth_year": 6.67,
            "eps_4q": 5.25,
            "eps_4q_growth_year": 31.97,
            "roe": 6.49,
            "roe_4q": 26.14,
            "gross_profit": 247941,
            "gross_margin": 58.05,
            "gross_margin_4q_avg": 57.96,
            "net_income": 143008,
            "net_income_4q": null,
            "revenue": 427098,
            "revenue_4q": null,
            "common_shares": 1115000,
            "book_valuer_per_share": 20.36,
            "book_valuer_per_share_4q_avg": 20.33,
            "equity": 2270150,
            "current_ratio": 179.06,
            "debt_ratio": 26.78,
            "inventory_turnover_ratio": 3.12,
            "account_receivable_turnover_ratio": 1.39,
            "reinvestment_rate": null,
            "research_to_sale_ratio": null,
            "price_fair": 150.61,
            "eps_avg_yearly": 4.71,
            "eps_latest_yearly": 5.12,
            "eps_growth_yearly": 22.01
        },
        "20164": {
            "year_quarter": 20164,
            "year": 2016,
            "quarter": 4,
            "eps": 1.66,
            "eps_growth_year": 17.78,
            "eps_4q": 5.5,
            "eps_4q_growth_year": 19.52,
            "roe": 7.85,
            "roe_4q": 26.78,
            "gross_profit": 303799,
            "gross_margin": 58.78,
            "gross_margin_4q_avg": 58.01,
            "net_income": 184989,
            "net_income_4q": null,
            "revenue": 516839,
            "revenue_4q": null,
            "common_shares": 1115000,
            "book_valuer_per_share": 21.93,
            "book_valuer_per_share_4q_avg": 20.75,
            "equity": 2444861,
            "current_ratio": 180.15,
            "debt_ratio": 28.91,
            "inventory_turnover_ratio": 5.22,
            "account_receivable_turnover_ratio": 1.69,
            "reinvestment_rate": null,
            "research_to_sale_ratio": null,
            "price_fair": 172.2,
            "eps_avg_yearly": 4.92,
            "eps_latest_yearly": 6.64,
            "eps_growth_yearly": 32.76
        },
        "20171": {
            "year_quarter": 20171,
            "year": 2017,
            "quarter": 1,
            "eps": 1.35,
            "eps_growth_year": 5.47,
            "eps_4q": 5.57,
            "eps_4q_growth_year": 10.16,
            "roe": 6,
            "roe_4q": 26.66,
            "gross_profit": 259298,
            "gross_margin": 60.22,
            "gross_margin_4q_avg": 58.83,
            "net_income": 150033,
            "net_income_4q": null,
            "revenue": 430579,
            "revenue_4q": null,
            "common_shares": 1115000,
            "book_valuer_per_share": 22.9,
            "book_valuer_per_share_4q_avg": 21.1,
            "equity": 2553517,
            "current_ratio": 199.64,
            "debt_ratio": 26.28,
            "inventory_turnover_ratio": 5.91,
            "account_receivable_turnover_ratio": 1.54,
            "reinvestment_rate": 89.48,
            "research_to_sale_ratio": null,
            "price_fair": 159.04,
            "eps_avg_yearly": 4.97,
            "eps_latest_yearly": 5.4,
            "eps_growth_yearly": 22.01
        },
        "20172": {
            "year_quarter": 20172,
            "year": 2017,
            "quarter": 2,
            "eps": 2.3,
            "eps_growth_year": 78.29,
            "eps_4q": 6.59,
            "eps_4q_growth_year": 27.4,
            "roe": 10.51,
            "roe_4q": 30.85,
            "gross_profit": 307506,
            "gross_margin": 63.81,
            "gross_margin_4q_avg": 60.22,
            "net_income": 256360,
            "net_income_4q": null,
            "revenue": 481903,
            "revenue_4q": null,
            "common_shares": 1115000,
            "book_valuer_per_share": 20.85,
            "book_valuer_per_share_4q_avg": 21.51,
            "equity": 2325206,
            "current_ratio": 146.9,
            "debt_ratio": 35.06,
            "inventory_turnover_ratio": 5.42,
            "account_receivable_turnover_ratio": 1.68,
            "reinvestment_rate": 3.71,
            "research_to_sale_ratio": null,
            "price_fair": 187.35,
            "eps_avg_yearly": 5.35,
            "eps_latest_yearly": 9.2,
            "eps_growth_yearly": 45.6
        },
        "20173": {
            "year_quarter": 20173,
            "year": 2017,
            "quarter": 3,
            "eps": 1.7,
            "eps_growth_year": 32.81,
            "eps_4q": 7,
            "eps_4q_growth_year": 33.3,
            "roe": 7.81,
            "roe_4q": 32.17,
            "gross_profit": 319249,
            "gross_margin": 65.61,
            "gross_margin_4q_avg": 62.11,
            "net_income": 189546,
            "net_income_4q": null,
            "revenue": 486576,
            "revenue_4q": null,
            "common_shares": 1115000,
            "book_valuer_per_share": 22.67,
            "book_valuer_per_share_4q_avg": 22.09,
            "equity": 2528130,
            "current_ratio": 188.36,
            "debt_ratio": 28.83,
            "inventory_turnover_ratio": 3.86,
            "account_receivable_turnover_ratio": 1.56,
            "reinvestment_rate": 7.68,
            "research_to_sale_ratio": null,
            "price_fair": 191.57,
            "eps_avg_yearly": 5.47,
            "eps_latest_yearly": 6.8,
            "eps_growth_yearly": 33.11
        },
        "20174": {
            "year_quarter": 20174,
            "year": 2017,
            "quarter": 4,
            "eps": 1.68,
            "eps_growth_year": 1.54,
            "eps_4q": 7.03,
            "eps_4q_growth_year": 27.7,
            "roe": 7.17,
            "roe_4q": 31.490000000000002,
            "gross_profit": 330008,
            "gross_margin": 65.42,
            "gross_margin_4q_avg": 63.77,
            "net_income": 187846,
            "net_income_4q": null,
            "revenue": 504470,
            "revenue_4q": null,
            "common_shares": 1115000,
            "book_valuer_per_share": 24.34,
            "book_valuer_per_share_4q_avg": 22.69,
            "equity": 2714318,
            "current_ratio": 219.1,
            "debt_ratio": 23.96,
            "inventory_turnover_ratio": 3.08,
            "account_receivable_turnover_ratio": 1.96,
            "reinvestment_rate": 13.56,
            "research_to_sale_ratio": null,
            "price_fair": 194.92,
            "eps_avg_yearly": 5.57,
            "eps_latest_yearly": 6.72,
            "eps_growth_yearly": 30.2
        },
        "20181": {
            "year_quarter": 20181,
            "year": 2018,
            "quarter": 1,
            "eps": 1.4,
            "eps_growth_year": 3.7,
            "eps_4q": 7.08,
            "eps_4q_growth_year": 27.12,
            "roe": 5.57,
            "roe_4q": 31.060000000000002,
            "gross_profit": 305881,
            "gross_margin": 63,
            "gross_margin_4q_avg": 64.46,
            "net_income": 156126,
            "net_income_4q": null,
            "revenue": 485546,
            "revenue_4q": null,
            "common_shares": 1115000,
            "book_valuer_per_share": 25.91,
            "book_valuer_per_share_4q_avg": 23.44,
            "equity": 2889157,
            "current_ratio": 234.83,
            "debt_ratio": 22.52,
            "inventory_turnover_ratio": 2.93,
            "account_receivable_turnover_ratio": 2.33,
            "reinvestment_rate": 16.18,
            "research_to_sale_ratio": null,
            "price_fair": 185.41,
            "eps_avg_yearly": 5.57,
            "eps_latest_yearly": 5.6,
            "eps_growth_yearly": 23.28
        },
        "20182": {
            "year_quarter": 20182,
            "year": 2018,
            "quarter": 2,
            "eps": 1.77,
            "eps_growth_year": -23.04,
            "eps_4q": 6.56,
            "eps_4q_growth_year": -0.41,
            "roe": 7.48,
            "roe_4q": 28.029999999999998,
            "gross_profit": 316011,
            "gross_margin": 63.06,
            "gross_margin_4q_avg": 64.27,
            "net_income": 197870,
            "net_income_4q": null,
            "revenue": 501115,
            "revenue_4q": null,
            "common_shares": 1115000,
            "book_valuer_per_share": 21.56,
            "book_valuer_per_share_4q_avg": 23.62,
            "equity": 2403474,
            "current_ratio": 106.27,
            "debt_ratio": 42.03,
            "inventory_turnover_ratio": 2.65,
            "account_receivable_turnover_ratio": 2.47,
            "reinvestment_rate": 27.44,
            "research_to_sale_ratio": null,
            "price_fair": 198.52,
            "eps_avg_yearly": 5.67,
            "eps_latest_yearly": 7.08,
            "eps_growth_yearly": 28.77
        },
        "20183": {
            "year_quarter": 20183,
            "year": 2018,
            "quarter": 3,
            "eps": 1.8,
            "eps_growth_year": 5.88,
            "eps_4q": 6.66,
            "eps_4q_growth_year": -4.9,
            "roe": 8.09,
            "roe_4q": 28.310000000000002,
            "gross_profit": 339683,
            "gross_margin": 59.34,
            "gross_margin_4q_avg": 62.71,
            "net_income": 200856,
            "net_income_4q": null,
            "revenue": 572473,
            "revenue_4q": null,
            "common_shares": 1115000,
            "book_valuer_per_share": 22.99,
            "book_valuer_per_share_4q_avg": 23.7,
            "equity": 2563681,
            "current_ratio": 108.61,
            "debt_ratio": 38.29,
            "inventory_turnover_ratio": 4.12,
            "account_receivable_turnover_ratio": 2.9,
            "reinvestment_rate": 32.53,
            "research_to_sale_ratio": null,
            "price_fair": 201.86,
            "eps_avg_yearly": 5.77,
            "eps_latest_yearly": 7.2,
            "eps_growth_yearly": 27.4
        },
        "20184": {
            "year_quarter": 20184,
            "year": 2018,
            "quarter": 4,
            "eps": 2.41,
            "eps_growth_year": 42.94,
            "eps_4q": 7.38,
            "eps_4q_growth_year": 5.05,
            "roe": 9.94,
            "roe_4q": 31.080000000000002,
            "gross_profit": 447016,
            "gross_margin": 69.1,
            "gross_margin_4q_avg": 63.63,
            "net_income": 268509,
            "net_income_4q": null,
            "revenue": 646865,
            "revenue_4q": null,
            "common_shares": 1115000,
            "book_valuer_per_share": 25.48,
            "book_valuer_per_share_4q_avg": 23.99,
            "equity": 2840573,
            "current_ratio": 117.63,
            "debt_ratio": 36.4,
            "inventory_turnover_ratio": 4.51,
            "account_receivable_turnover_ratio": 2.79,
            "reinvestment_rate": 34.79,
            "research_to_sale_ratio": null,
            "price_fair": 215.34,
            "eps_avg_yearly": 6.15,
            "eps_latest_yearly": 9.64,
            "eps_growth_yearly": 35.87
        },
        "20191": {
            "year_quarter": 20191,
            "year": 2019,
            "quarter": 1,
            "eps": 1.53,
            "eps_growth_year": 9.29,
            "eps_4q": 7.51,
            "eps_4q_growth_year": 6.07,
            "roe": 5.8,
            "roe_4q": 31.31,
            "gross_profit": 318050,
            "gross_margin": 58.61,
            "gross_margin_4q_avg": 62.53,
            "net_income": 170586,
            "net_income_4q": null,
            "revenue": 542669,
            "revenue_4q": null,
            "common_shares": 1115000,
            "book_valuer_per_share": 27.25,
            "book_valuer_per_share_4q_avg": 24.32,
            "equity": 3038333,
            "current_ratio": 114.84,
            "debt_ratio": 40.64,
            "inventory_turnover_ratio": 4.79,
            "account_receivable_turnover_ratio": 2.24,
            "reinvestment_rate": 38.73,
            "research_to_sale_ratio": null,
            "price_fair": 220.76,
            "eps_avg_yearly": 6.31,
            "eps_latest_yearly": 6.12,
            "eps_growth_yearly": 25.59
        },
        "20192": {
            "year_quarter": 20192,
            "year": 2019,
            "quarter": 2,
            "eps": 2.44,
            "eps_growth_year": 37.85,
            "eps_4q": 8.18,
            "eps_4q_growth_year": 24.7,
            "roe": 9.71,
            "roe_4q": 33.540000000000006,
            "gross_profit": 395621,
            "gross_margin": 61.87,
            "gross_margin_4q_avg": 62.23,
            "net_income": 272126,
            "net_income_4q": null,
            "revenue": 639397,
            "revenue_4q": null,
            "common_shares": 1115000,
            "book_valuer_per_share": 23.01,
            "book_valuer_per_share_4q_avg": 24.68,
            "equity": 2565845,
            "current_ratio": 66.27,
            "debt_ratio": 52.18,
            "inventory_turnover_ratio": 5.88,
            "account_receivable_turnover_ratio": 3.01,
            "reinvestment_rate": 44.13,
            "research_to_sale_ratio": null,
            "price_fair": 231.88,
            "eps_avg_yearly": 6.63,
            "eps_latest_yearly": 9.76,
            "eps_growth_yearly": 33.32
        },
        "20193": {
            "year_quarter": 20193,
            "year": 2019,
            "quarter": 3,
            "eps": 2.55,
            "eps_growth_year": 41.67,
            "eps_4q": 8.93,
            "eps_4q_growth_year": 34.06,
            "roe": 10.62,
            "roe_4q": 36.07,
            "gross_profit": 464169,
            "gross_margin": 63.78,
            "gross_margin_4q_avg": 63.34,
            "net_income": 284434,
            "net_income_4q": null,
            "revenue": 727804,
            "revenue_4q": null,
            "common_shares": 1115000,
            "book_valuer_per_share": 25.03,
            "book_valuer_per_share_4q_avg": 25.19,
            "equity": 2790829,
            "current_ratio": 69.72,
            "debt_ratio": 49.47,
            "inventory_turnover_ratio": 6.45,
            "account_receivable_turnover_ratio": 3.13,
            "reinvestment_rate": 46.01,
            "research_to_sale_ratio": null,
            "price_fair": 243.69,
            "eps_avg_yearly": 6.96,
            "eps_latest_yearly": 10.2,
            "eps_growth_yearly": 33.81
        },
        "20194": {
            "year_quarter": 20194,
            "year": 2019,
            "quarter": 4,
            "eps": 2.38,
            "eps_growth_year": -0.99,
            "eps_4q": 8.91,
            "eps_4q_growth_year": 20.6,
            "roe": 9.12,
            "roe_4q": 35.25,
            "gross_profit": 443312,
            "gross_margin": 62.4,
            "gross_margin_4q_avg": 61.67,
            "net_income": 265852,
            "net_income_4q": null,
            "revenue": 710438,
            "revenue_4q": null,
            "common_shares": 1115000,
            "book_valuer_per_share": 27.28,
            "book_valuer_per_share_4q_avg": 25.64,
            "equity": 3042195,
            "current_ratio": 156.5,
            "debt_ratio": 47.88,
            "inventory_turnover_ratio": 7.57,
            "account_receivable_turnover_ratio": 2.7,
            "reinvestment_rate": 53.81,
            "research_to_sale_ratio": null,
            "price_fair": 252.18,
            "eps_avg_yearly": 7.21,
            "eps_latest_yearly": 9.52,
            "eps_growth_yearly": 27.76
        },
        "20201": {
            "year_quarter": 20201,
            "year": 2020,
            "quarter": 1,
            "eps": 2.05,
            "eps_growth_year": 33.99,
            "eps_4q": 9.43,
            "eps_4q_growth_year": 25.5,
            "roe": 7.28,
            "roe_4q": 36.73,
            "gross_profit": 408279,
            "gross_margin": 61.26,
            "gross_margin_4q_avg": 62.33,
            "net_income": 229019,
            "net_income_4q": null,
            "revenue": 666514,
            "revenue_4q": null,
            "common_shares": 1115000,
            "book_valuer_per_share": 29.16,
            "book_valuer_per_share_4q_avg": 26.12,
            "equity": 3251715,
            "current_ratio": 160.79,
            "debt_ratio": 46.6,
            "inventory_turnover_ratio": 8.08,
            "account_receivable_turnover_ratio": 2.46,
            "reinvestment_rate": 57.32,
            "research_to_sale_ratio": null,
            "price_fair": 258.91,
            "eps_avg_yearly": 7.4,
            "eps_latest_yearly": 8.2,
            "eps_growth_yearly": 26.6
        },
        "20202": {
            "year_quarter": 20202,
            "year": 2020,
            "quarter": 2,
            "eps": 2.05,
            "eps_growth_year": -15.98,
            "eps_4q": 9.04,
            "eps_4q_growth_year": 10.55,
            "roe": 7.87,
            "roe_4q": 34.89,
            "gross_profit": 402655,
            "gross_margin": 58.81,
            "gross_margin_4q_avg": 61.56,
            "net_income": 228987,
            "net_income_4q": null,
            "revenue": 684622,
            "revenue_4q": null,
            "common_shares": 1115000,
            "book_valuer_per_share": 23,
            "book_valuer_per_share_4q_avg": 26.12,
            "equity": 2564214,
            "current_ratio": 60.93,
            "debt_ratio": 61.94,
            "inventory_turnover_ratio": 8.71,
            "account_receivable_turnover_ratio": 2.72,
            "reinvestment_rate": 61.02,
            "research_to_sale_ratio": null,
            "price_fair": 265.56,
            "eps_avg_yearly": 7.59,
            "eps_latest_yearly": 8.2,
            "eps_growth_yearly": 26.41
        },
        "20203": {
            "year_quarter": 20203,
            "year": 2020,
            "quarter": 3,
            "eps": 2.22,
            "eps_growth_year": -12.94,
            "eps_4q": 8.71,
            "eps_4q_growth_year": -2.46,
            "roe": 9.15,
            "roe_4q": 33.42,
            "gross_profit": 443458,
            "gross_margin": 59.04,
            "gross_margin_4q_avg": 60.38,
            "net_income": 247340,
            "net_income_4q": null,
            "revenue": 751162,
            "revenue_4q": null,
            "common_shares": 1115000,
            "book_valuer_per_share": 25.49,
            "book_valuer_per_share_4q_avg": 26.23,
            "equity": 2842162,
            "current_ratio": 194.12,
            "debt_ratio": 59.93,
            "inventory_turnover_ratio": 8.61,
            "account_receivable_turnover_ratio": 2.74,
            "reinvestment_rate": 85.36,
            "research_to_sale_ratio": null,
            "price_fair": 273.79,
            "eps_avg_yearly": 7.82,
            "eps_latest_yearly": 8.88,
            "eps_growth_yearly": 28.67
        },
        "20204": {
            "year_quarter": 20204,
            "year": 2020,
            "quarter": 4,
            "eps": 2.59,
            "eps_growth_year": 8.56,
            "eps_4q": 8.91,
            "eps_4q_growth_year": 0.1,
            "roe": 9.49,
            "roe_4q": 33.79,
            "gross_profit": 455836,
            "gross_margin": 56.67,
            "gross_margin_4q_avg": 58.95,
            "net_income": 288602,
            "net_income_4q": null,
            "revenue": 804429,
            "revenue_4q": null,
            "common_shares": 1115000,
            "book_valuer_per_share": 28.44,
            "book_valuer_per_share_4q_avg": 26.52,
            "equity": 3242144,
            "current_ratio": 95.31,
            "debt_ratio": 63.85,
            "inventory_turnover_ratio": 9.68,
            "account_receivable_turnover_ratio": 2.26,
            "reinvestment_rate": 99.15,
            "research_to_sale_ratio": null,
            "price_fair": 281.93,
            "eps_avg_yearly": 8.06,
            "eps_latest_yearly": 10.36,
            "eps_growth_yearly": 25.42
        },
        "20211": {
            "year_quarter": 20211,
            "year": 2021,
            "quarter": 1,
            "eps": 1.95,
            "eps_growth_year": -4.88,
            "eps_4q": 8.81,
            "eps_4q_growth_year": -6.59,
            "roe": 6.46,
            "roe_4q": 32.97,
            "gross_profit": 413415,
            "gross_margin": 52.2,
            "gross_margin_4q_avg": 56.68,
            "net_income": 216036,
            "net_income_4q": null,
            "revenue": 792012,
            "revenue_4q": null,
            "common_shares": 1115000,
            "book_valuer_per_share": 30.25,
            "book_valuer_per_share_4q_avg": 26.8,
            "equity": 3441661,
            "current_ratio": 113.99,
            "debt_ratio": 60.5,
            "inventory_turnover_ratio": 11.29,
            "account_receivable_turnover_ratio": 1.94,
            "reinvestment_rate": 99.77,
            "research_to_sale_ratio": null,
            "price_fair": 278.23,
            "eps_avg_yearly": 8.21,
            "eps_latest_yearly": 7.8,
            "eps_growth_yearly": 23.91
        },
        "20212": {
            "year_quarter": 20212,
            "year": 2021,
            "quarter": 2,
            "eps": 2.09,
            "eps_growth_year": 1.95,
            "eps_4q": 8.85,
            "eps_4q_growth_year": -2.19,
            "roe": 7.51,
            "roe_4q": 32.61,
            "gross_profit": 433737,
            "gross_margin": 52.38,
            "gross_margin_4q_avg": 55.07,
            "net_income": 232400,
            "net_income_4q": null,
            "revenue": 828031,
            "revenue_4q": null,
            "common_shares": 1115000,
            "book_valuer_per_share": 24,
            "book_valuer_per_share_4q_avg": 27.05,
            "equity": 2743807,
            "current_ratio": 68.16,
            "debt_ratio": 70.19,
            "inventory_turnover_ratio": 9.09,
            "account_receivable_turnover_ratio": 1.91,
            "reinvestment_rate": 109.61,
            "research_to_sale_ratio": null,
            "price_fair": 147.66,
            "eps_avg_yearly": 8.15,
            "eps_latest_yearly": 8.36,
            "eps_growth_yearly": 8.11
        },
        "20213": {
            "year_quarter": 20213,
            "year": 2021,
            "quarter": 3,
            "eps": 1.97,
            "eps_growth_year": -11.26,
            "eps_4q": 8.6,
            "eps_4q_growth_year": -1.29,
            "roe": 7.62,
            "roe_4q": 31.08,
            "gross_profit": 420616,
            "gross_margin": 51.27,
            "gross_margin_4q_avg": 53.13,
            "net_income": 217023,
            "net_income_4q": null,
            "revenue": 820396,
            "revenue_4q": null,
            "common_shares": 1115000,
            "book_valuer_per_share": 25.88,
            "book_valuer_per_share_4q_avg": 27.14,
            "equity": 2950455,
            "current_ratio": 164.78,
            "debt_ratio": 68.39,
            "inventory_turnover_ratio": 7.42,
            "account_receivable_turnover_ratio": 1.92,
            "reinvestment_rate": 112.26,
            "research_to_sale_ratio": null,
            "price_fair": 190.69,
            "eps_avg_yearly": 8.22,
            "eps_latest_yearly": 7.88,
            "eps_growth_yearly": 13.2
        },
        "20214": {
            "year_quarter": 20214,
            "year": 2021,
            "quarter": 4,
            "eps": 2.47,
            "eps_growth_year": -4.76,
            "eps_4q": 8.47,
            "eps_4q_growth_year": -4.93,
            "roe": 8.72,
            "roe_4q": 30.310000000000002,
            "gross_profit": 484487,
            "gross_margin": 53.01,
            "gross_margin_4q_avg": 52.22,
            "net_income": 272064,
            "net_income_4q": null,
            "revenue": 913949,
            "revenue_4q": null,
            "common_shares": 1115000,
            "book_valuer_per_share": 28.58,
            "book_valuer_per_share_4q_avg": 27.18,
            "equity": 3291248,
            "current_ratio": 149.91,
            "debt_ratio": 66.16,
            "inventory_turnover_ratio": 6.42,
            "account_receivable_turnover_ratio": 1.97,
            "reinvestment_rate": 114.32,
            "research_to_sale_ratio": null,
            "price_fair": 251.16,
            "eps_avg_yearly": 8.42,
            "eps_latest_yearly": 9.88,
            "eps_growth_yearly": 19.84
        },
        "20221": {
            "year_quarter": 20221,
            "year": 2022,
            "quarter": 1,
            "eps": 2.71,
            "eps_growth_year": 38.97,
            "eps_4q": 9.23,
            "eps_4q_growth_year": 4.83,
            "roe": 8.6,
            "roe_4q": 32.45,
            "gross_profit": 503004,
            "gross_margin": 49.42,
            "gross_margin_4q_avg": 51.52,
            "net_income": 300463,
            "net_income_4q": null,
            "revenue": 1017799,
            "revenue_4q": null,
            "common_shares": 1115000,
            "book_valuer_per_share": 32.22,
            "book_valuer_per_share_4q_avg": 27.67,
            "equity": 3698050,
            "current_ratio": 121.08,
            "debt_ratio": 63.62,
            "inventory_turnover_ratio": 7.7,
            "account_receivable_turnover_ratio": 1.69,
            "reinvestment_rate": 115.97,
            "research_to_sale_ratio": null,
            "price_fair": 306.08,
            "eps_avg_yearly": 8.75,
            "eps_latest_yearly": 10.84,
            "eps_growth_yearly": 26.43
        },
        "20222": {
            "year_quarter": 20222,
            "year": 2022,
            "quarter": 2,
            "eps": 1.76,
            "eps_growth_year": -15.79,
            "eps_4q": 8.9,
            "eps_4q_growth_year": 0.65,
            "roe": 5.86,
            "roe_4q": 30.8,
            "gross_profit": 451923,
            "gross_margin": 47.91,
            "gross_margin_4q_avg": 50.4,
            "net_income": 195041,
            "net_income_4q": null,
            "revenue": 943254,
            "revenue_4q": null,
            "common_shares": 1115000,
            "book_valuer_per_share": 25.59,
            "book_valuer_per_share_4q_avg": 28.07,
            "equity": 2954118,
            "current_ratio": 74.45,
            "debt_ratio": 71.08,
            "inventory_turnover_ratio": 8.54,
            "account_receivable_turnover_ratio": 1.5,
            "reinvestment_rate": 111.94,
            "research_to_sale_ratio": null,
            "price_fair": 184.14,
            "eps_avg_yearly": 8.74,
            "eps_latest_yearly": 7.04,
            "eps_growth_yearly": 11.06
        },
        "20223": {
            "year_quarter": 20223,
            "year": 2022,
            "quarter": 3,
            "eps": 1.69,
            "eps_growth_year": -14.21,
            "eps_4q": 8.62,
            "eps_4q_growth_year": 0.31,
            "roe": 5.94,
            "roe_4q": 29.119999999999997,
            "gross_profit": 410642,
            "gross_margin": 45.11,
            "gross_margin_4q_avg": 48.86,
            "net_income": 186130,
            "net_income_4q": null,
            "revenue": 910357,
            "revenue_4q": null,
            "common_shares": 1115000,
            "book_valuer_per_share": 27.55,
            "book_valuer_per_share_4q_avg": 28.49,
            "equity": 3312055,
            "current_ratio": 153.8,
            "debt_ratio": 67.65,
            "inventory_turnover_ratio": 7.95,
            "account_receivable_turnover_ratio": 1.62,
            "reinvestment_rate": 108.65,
            "research_to_sale_ratio": null,
            "price_fair": 171.2,
            "eps_avg_yearly": 8.72,
            "eps_latest_yearly": 6.76,
            "eps_growth_yearly": 9.64
        },
        "20224": {
            "year_quarter": 20224,
            "year": 2022,
            "quarter": 4,
            "eps": 1.57,
            "eps_growth_year": -36.49,
            "eps_4q": 7.72,
            "eps_4q_growth_year": -8.85,
            "roe": 5.24,
            "roe_4q": 25.64,
            "gross_profit": 423111,
            "gross_margin": 43.53,
            "gross_margin_4q_avg": 46.49,
            "net_income": 177177,
            "net_income_4q": null,
            "revenue": 972019,
            "revenue_4q": null,
            "common_shares": 1115000,
            "book_valuer_per_share": 28.75,
            "book_valuer_per_share_4q_avg": 28.53,
            "equity": 3448420,
            "current_ratio": 134.68,
            "debt_ratio": 67.22,
            "inventory_turnover_ratio": 9.11,
            "account_receivable_turnover_ratio": 1.77,
            "reinvestment_rate": 112.11,
            "research_to_sale_ratio": null,
            "price_fair": 25.52,
            "eps_avg_yearly": 8.51,
            "eps_latest_yearly": 6.28,
            "eps_growth_yearly": -0.6
        },
        "20231": {
            "year_quarter": 20231,
            "year": 2023,
            "quarter": 1,
            "eps": 1.2,
            "eps_growth_year": -55.72,
            "eps_4q": 6.22,
            "eps_4q_growth_year": -32.68,
            "roe": 3.92,
            "roe_4q": 20.96,
            "gross_profit": 349931,
            "gross_margin": 42.21,
            "gross_margin_4q_avg": 44.69,
            "net_income": 138119,
            "net_income_4q": null,
            "revenue": 828959,
            "revenue_4q": null,
            "common_shares": 1115000,
            "book_valuer_per_share": 30.09,
            "book_valuer_per_share_4q_avg": 28,
            "equity": 3601524,
            "current_ratio": 130.68,
            "debt_ratio": 65.6,
            "inventory_turnover_ratio": 11.38,
            "account_receivable_turnover_ratio": 1.63,
            "reinvestment_rate": 113.28,
            "research_to_sale_ratio": null,
            "price_fair": 106.41,
            "eps_avg_yearly": 8.42,
            "eps_latest_yearly": 4.8,
            "eps_growth_yearly": 2.63
        },
        "20232": {
            "year_quarter": 20232,
            "year": 2023,
            "quarter": 2,
            "eps": 0.38,
            "eps_growth_year": -78.41,
            "eps_4q": 1.91,
            "eps_4q_growth_year": -78.53,
            "roe": 1.05,
            "roe_4q": 16.150000000000002,
            "gross_profit": 324366,
            "gross_margin": 40.48,
            "gross_margin_4q_avg": 42.83,
            "net_income": 42408,
            "net_income_4q": null,
            "revenue": 801238,
            "revenue_4q": null,
            "common_shares": 1115000,
            "book_valuer_per_share": 38,
            "book_valuer_per_share_4q_avg": 31.1,
            "equity": 4483845,
            "current_ratio": 158.6,
            "debt_ratio": 62.34,
            "inventory_turnover_ratio": 18.38,
            "account_receivable_turnover_ratio": 1.57,
            "reinvestment_rate": 112.94,
            "research_to_sale_ratio": null,
            "price_fair": 23.72,
            "eps_avg_yearly": 7.91,
            "eps_latest_yearly": 1.52,
            "eps_growth_yearly": -29.32
        },
        "20233": {
            "year_quarter": 20233,
            "year": 2023,
            "quarter": 3,
            "eps": 1,
            "eps_growth_year": -40.83,
            "eps_4q": 3.68,
            "eps_4q_growth_year": -57.36,
            "roe": 2.71,
            "roe_4q": 12.92,
            "gross_profit": 305432,
            "gross_margin": 38.54,
            "gross_margin_4q_avg": 41.19,
            "net_income": 131549,
            "net_income_4q": null,
            "revenue": 792488,
            "revenue_4q": null,
            "common_shares": 1300000,
            "book_valuer_per_share": 38.13,
            "book_valuer_per_share_4q_avg": 33.74,
            "equity": 5208439,
            "current_ratio": 101.94,
            "debt_ratio": 49.69,
            "inventory_turnover_ratio": 20.64,
            "account_receivable_turnover_ratio": 1.39,
            "reinvestment_rate": 121.4,
            "research_to_sale_ratio": null,
            "price_fair": 152.99,
            "eps_avg_yearly": 7.52,
            "eps_latest_yearly": 4,
            "eps_growth_yearly": 10.34
        }
    },
    "months": {
        "2014-03": {
            "month": "2014-03",
            "price": "55.47",
            "revenue": 104313
        },
        "2014-04": {
            "month": "2014-04",
            "price": "58.59",
            "revenue": 97484
        },
        "2014-05": {
            "month": "2014-05",
            "price": "52.87",
            "revenue": 99683
        },
        "2014-06": {
            "month": "2014-06",
            "price": "56.07",
            "revenue": 86243
        },
        "2014-07": {
            "month": "2014-07",
            "price": "51.80",
            "revenue": 106013
        },
        "2014-08": {
            "month": "2014-08",
            "price": "50.68",
            "revenue": 101821
        },
        "2014-09": {
            "month": "2014-09",
            "price": "53.63",
            "revenue": 97294
        },
        "2014-10": {
            "month": "2014-10",
            "price": "52.29",
            "revenue": 104815
        },
        "2014-11": {
            "month": "2014-11",
            "price": "50.28",
            "revenue": 108805
        },
        "2014-12": {
            "month": "2014-12",
            "price": "49.50",
            "revenue": 154381
        },
        "2015-01": {
            "month": "2015-01",
            "price": "51.53",
            "revenue": 103791
        },
        "2015-02": {
            "month": "2015-02",
            "price": "54.41",
            "revenue": 95046
        },
        "2015-03": {
            "month": "2015-03",
            "price": "62.24",
            "revenue": 170482
        },
        "2015-04": {
            "month": "2015-04",
            "price": "77.06",
            "revenue": 140908
        },
        "2015-05": {
            "month": "2015-05",
            "price": "94.25",
            "revenue": 116274
        },
        "2015-06": {
            "month": "2015-06",
            "price": "89.44",
            "revenue": 132712
        },
        "2015-07": {
            "month": "2015-07",
            "price": "87.21",
            "revenue": 150269
        },
        "2015-08": {
            "month": "2015-08",
            "price": "85.18",
            "revenue": 128290
        },
        "2015-09": {
            "month": "2015-09",
            "price": "85.38",
            "revenue": 129165
        },
        "2015-10": {
            "month": "2015-10",
            "price": "97.97",
            "revenue": 148595
        },
        "2015-11": {
            "month": "2015-11",
            "price": "122.87",
            "revenue": 136982
        },
        "2015-12": {
            "month": "2015-12",
            "price": "127.07",
            "revenue": 171988
        },
        "2016-01": {
            "month": "2016-01",
            "price": "124.69",
            "revenue": 135080
        },
        "2016-02": {
            "month": "2016-02",
            "price": "136.27",
            "revenue": 166620
        },
        "2016-03": {
            "month": "2016-03",
            "price": "142.74",
            "revenue": 153719
        },
        "2016-04": {
            "month": "2016-04",
            "price": "139.03",
            "revenue": 141148
        },
        "2016-05": {
            "month": "2016-05",
            "price": "145.40",
            "revenue": 129681
        },
        "2016-06": {
            "month": "2016-06",
            "price": "153.05",
            "revenue": 145759
        },
        "2016-07": {
            "month": "2016-07",
            "price": "150.12",
            "revenue": 145465
        },
        "2016-08": {
            "month": "2016-08",
            "price": "137.28",
            "revenue": 155350
        },
        "2016-09": {
            "month": "2016-09",
            "price": "126.50",
            "revenue": 126283
        },
        "2016-10": {
            "month": "2016-10",
            "price": "120.50",
            "revenue": 188248
        },
        "2016-11": {
            "month": "2016-11",
            "price": "113.27",
            "revenue": 157421
        },
        "2016-12": {
            "month": "2016-12",
            "price": "112.16",
            "revenue": 171170
        },
        "2017-01": {
            "month": "2017-01",
            "price": "119.50",
            "revenue": 125123
        },
        "2017-02": {
            "month": "2017-02",
            "price": "126.50",
            "revenue": 134120
        },
        "2017-03": {
            "month": "2017-03",
            "price": "144.02",
            "revenue": 171336
        },
        "2017-04": {
            "month": "2017-04",
            "price": "144.17",
            "revenue": 149950
        },
        "2017-05": {
            "month": "2017-05",
            "price": "161.35",
            "revenue": 161659
        },
        "2017-06": {
            "month": "2017-06",
            "price": "160.07",
            "revenue": 170294
        },
        "2017-07": {
            "month": "2017-07",
            "price": "158.48",
            "revenue": 174629
        },
        "2017-08": {
            "month": "2017-08",
            "price": "171.15",
            "revenue": 169998
        },
        "2017-09": {
            "month": "2017-09",
            "price": "181.39",
            "revenue": 141949
        },
        "2017-10": {
            "month": "2017-10",
            "price": "188.55",
            "revenue": 165379
        },
        "2017-11": {
            "month": "2017-11",
            "price": "228.86",
            "revenue": 166564
        },
        "2017-12": {
            "month": "2017-12",
            "price": "244.17",
            "revenue": 172527
        },
        "2018-01": {
            "month": "2018-01",
            "price": "247.73",
            "revenue": 151800
        },
        "2018-02": {
            "month": "2018-02",
            "price": "230.81",
            "revenue": 157180
        },
        "2018-03": {
            "month": "2018-03",
            "price": "234.39",
            "revenue": 176566
        },
        "2018-04": {
            "month": "2018-04",
            "price": "200.94",
            "revenue": 176139
        },
        "2018-05": {
            "month": "2018-05",
            "price": "197.98",
            "revenue": 152374
        },
        "2018-06": {
            "month": "2018-06",
            "price": "211.28",
            "revenue": 172602
        },
        "2018-07": {
            "month": "2018-07",
            "price": "228.14",
            "revenue": 234455
        },
        "2018-08": {
            "month": "2018-08",
            "price": "244.96",
            "revenue": 175437
        },
        "2018-09": {
            "month": "2018-09",
            "price": "220.58",
            "revenue": 162581
        },
        "2018-10": {
            "month": "2018-10",
            "price": "215.45",
            "revenue": 186031
        },
        "2018-11": {
            "month": "2018-11",
            "price": "220.20",
            "revenue": 218736
        },
        "2018-12": {
            "month": "2018-12",
            "price": "210.67",
            "revenue": 242098
        },
        "2019-01": {
            "month": "2019-01",
            "price": "226.60",
            "revenue": 222104
        },
        "2019-02": {
            "month": "2019-02",
            "price": "250.04",
            "revenue": 168291
        },
        "2019-03": {
            "month": "2019-03",
            "price": "245.15",
            "revenue": 152274
        },
        "2019-04": {
            "month": "2019-04",
            "price": "252.60",
            "revenue": 173006
        },
        "2019-05": {
            "month": "2019-05",
            "price": "264.68",
            "revenue": 236920
        },
        "2019-06": {
            "month": "2019-06",
            "price": "269.92",
            "revenue": 229470
        },
        "2019-07": {
            "month": "2019-07",
            "price": "269.78",
            "revenue": 269989
        },
        "2019-08": {
            "month": "2019-08",
            "price": "262.21",
            "revenue": 255308
        },
        "2019-09": {
            "month": "2019-09",
            "price": "272.00",
            "revenue": 202507
        },
        "2019-10": {
            "month": "2019-10",
            "price": "270.38",
            "revenue": 221447
        },
        "2019-11": {
            "month": "2019-11",
            "price": "252.12",
            "revenue": 235527
        },
        "2019-12": {
            "month": "2019-12",
            "price": "238.59",
            "revenue": 253465
        },
        "2020-01": {
            "month": "2020-01",
            "price": "241.17",
            "revenue": 230061
        },
        "2020-02": {
            "month": "2020-02",
            "price": "261.63",
            "revenue": 196107
        },
        "2020-03": {
            "month": "2020-03",
            "price": "223.70",
            "revenue": 240346
        },
        "2020-04": {
            "month": "2020-04",
            "price": "243.15",
            "revenue": 203236
        },
        "2020-05": {
            "month": "2020-05",
            "price": "262.35",
            "revenue": 229706
        },
        "2020-06": {
            "month": "2020-06",
            "price": "261.65",
            "revenue": 251680
        },
        "2020-07": {
            "month": "2020-07",
            "price": "263.78",
            "revenue": 278591
        },
        "2020-08": {
            "month": "2020-08",
            "price": "255.64",
            "revenue": 240958
        },
        "2020-09": {
            "month": "2020-09",
            "price": "240.23",
            "revenue": 231614
        },
        "2020-10": {
            "month": "2020-10",
            "price": "222.03",
            "revenue": 248639
        },
        "2020-11": {
            "month": "2020-11",
            "price": "225.12",
            "revenue": 276050
        },
        "2020-12": {
            "month": "2020-12",
            "price": "227.70",
            "revenue": 279739
        },
        "2021-01": {
            "month": "2021-01",
            "price": "226.08",
            "revenue": 253586
        },
        "2021-02": {
            "month": "2021-02",
            "price": "219.04",
            "revenue": 250216
        },
        "2021-03": {
            "month": "2021-03",
            "price": "228.34",
            "revenue": 288210
        },
        "2021-04": {
            "month": "2021-04",
            "price": "227.05",
            "revenue": 268198
        },
        "2021-05": {
            "month": "2021-05",
            "price": "214.67",
            "revenue": 272549
        },
        "2021-06": {
            "month": "2021-06",
            "price": "213.12",
            "revenue": 287284
        },
        "2021-07": {
            "month": "2021-07",
            "price": "205.61",
            "revenue": 247931
        },
        "2021-08": {
            "month": "2021-08",
            "price": "203.23",
            "revenue": 289485
        },
        "2021-09": {
            "month": "2021-09",
            "price": "203.42",
            "revenue": 282980
        },
        "2021-10": {
            "month": "2021-10",
            "price": "200.75",
            "revenue": 307779
        },
        "2021-11": {
            "month": "2021-11",
            "price": "202.57",
            "revenue": 312436
        },
        "2021-12": {
            "month": "2021-12",
            "price": "199.41",
            "revenue": 293751
        },
        "2022-01": {
            "month": "2022-01",
            "price": "201.78",
            "revenue": 343512
        },
        "2022-02": {
            "month": "2022-02",
            "price": "202.27",
            "revenue": 331309
        },
        "2022-03": {
            "month": "2022-03",
            "price": "200.22",
            "revenue": 342977
        },
        "2022-04": {
            "month": "2022-04",
            "price": "217.42",
            "revenue": 318344
        },
        "2022-05": {
            "month": "2022-05",
            "price": "214.19",
            "revenue": 329924
        },
        "2022-06": {
            "month": "2022-06",
            "price": "204.74",
            "revenue": 294986
        },
        "2022-07": {
            "month": "2022-07",
            "price": "188.36",
            "revenue": 291676
        },
        "2022-08": {
            "month": "2022-08",
            "price": "179.96",
            "revenue": 312497
        },
        "2022-09": {
            "month": "2022-09",
            "price": "165.55",
            "revenue": 306184
        },
        "2022-10": {
            "month": "2022-10",
            "price": "142.75",
            "revenue": 300528
        },
        "2022-11": {
            "month": "2022-11",
            "price": "137.93",
            "revenue": 366837
        },
        "2022-12": {
            "month": "2022-12",
            "price": "163.68",
            "revenue": 304655
        },
        "2023-01": {
            "month": "2023-01",
            "price": "165.73",
            "revenue": 287132
        },
        "2023-02": {
            "month": "2023-02",
            "price": "167.86",
            "revenue": 259458
        },
        "2023-03": {
            "month": "2023-03",
            "price": "166.09",
            "revenue": 282369
        },
        "2023-04": {
            "month": "2023-04",
            "price": "163.62",
            "revenue": 252237
        },
        "2023-05": {
            "month": "2023-05",
            "price": "158.02",
            "revenue": 312028
        },
        "2023-06": {
            "month": "2023-06",
            "price": "149.22",
            "revenue": 236974
        },
        "2023-07": {
            "month": "2023-07",
            "price": "139.64",
            "revenue": 260653
        },
        "2023-08": {
            "month": "2023-08",
            "price": "120.55",
            "revenue": 287563
        },
        "2023-09": {
            "month": "2023-09",
            "price": "115.50",
            "revenue": 244272
        },
        "2023-10": {
            "month": "2023-10",
            "price": "109.25",
            "revenue": 246861
        },
        "2023-11": {
            "month": "2023-11",
            "price": "112.80",
            "revenue": 286972
        },
        "2023-12": {
            "month": "2023-12",
            "price": "115.98",
            "revenue": 300378
        }
    }
}
