{
    "summary": {
        "stock_name": "益張",
        "stock_id": "8342",
        "category": "其他",
        "main_business": "商用置物設備系列製造加工買賣<br>置物架及功能架系列製造加工買賣<br>伸線加工買賣",
        "website_url": "http://www.ijang.com.tw",
        "ceo": "邱明鶴",
        "pe_ratio": 16,
        "report_year_from": 2001,
        "report_year_to": 2023,
        "age": 23,
        "eps_negative_percentage": 0,
        "eps_growth_avg": {
            "last_all": 22.77,
            "last_2y": 4.45,
            "last_4y": 17.54,
            "last_8y": null,
            "last_12y": null,
            "last_16y": null,
            "last_20y": null,
            "at_2006_last_3y": null,
            "at_2007_last_3y": null,
            "at_2008_last_3y": null,
            "at_2009_last_3y": null,
            "at_2010_last_3y": null,
            "at_2011_last_3y": null,
            "at_2012_last_3y": null,
            "at_2013_last_3y": null,
            "at_2014_last_3y": null,
            "at_2015_last_3y": null,
            "at_2016_last_3y": null,
            "at_2017_last_3y": null,
            "at_2018_last_3y": null,
            "at_2019_last_3y": null,
            "at_2020_last_3y": null,
            "at_2021_last_3y": 22.4,
            "at_2022_last_3y": 28.88,
            "at_2023_last_3y": 24.57,
            "at_2024_last_3y": 24.57,
            "at_2006_last_all": null,
            "at_2007_last_all": null,
            "at_2008_last_all": null,
            "at_2009_last_all": null,
            "at_2010_last_all": null,
            "at_2011_last_all": null,
            "at_2012_last_all": null,
            "at_2013_last_all": null,
            "at_2014_last_all": null,
            "at_2015_last_all": null,
            "at_2016_last_all": null,
            "at_2017_last_all": null,
            "at_2018_last_all": null,
            "at_2019_last_all": 19.18,
            "at_2020_last_all": 41.09,
            "at_2021_last_all": 22.4,
            "at_2022_last_all": 32.89,
            "at_2023_last_all": 22.77,
            "at_2024_last_all": 22.77
        },
        "latest_eps": 4.71,
        "latest_price": 76,
        "latest_roe": 17.19,
        "latest_gross_margin": 26.17,
        "latest_equity": 932768,
        "latest_revenue": 439850,
        "latest_gross_profit": 115095,
        "latest_net_income": 32759,
        "latest_debt_ratio": 46.11,
        "latest_current_ratio": 155.83,
        "latest_account_receivable_turnover_ratio": 2.11,
        "latest_inventory_turnover_ratio": 1.71,
        "latest_reinvestment_rate": -3.67,
        "latest_research_to_sale_ratio": 1.56
    },
    "eps_dividends": {
        "2001": {
            "cash": 0,
            "stock": 0,
            "eps": 0
        },
        "2002": {
            "cash": 0,
            "stock": 0,
            "eps": 0
        },
        "2003": {
            "cash": 0,
            "stock": 0,
            "eps": 0
        },
        "2004": {
            "cash": 0,
            "stock": 0,
            "eps": 0
        },
        "2005": {
            "cash": 0.3,
            "stock": 0,
            "eps": 0
        },
        "2006": {
            "cash": 0.4,
            "stock": 0,
            "eps": 0
        },
        "2007": {
            "cash": 0.4,
            "stock": 0,
            "eps": 0
        },
        "2008": {
            "cash": 0.4,
            "stock": 0,
            "eps": 0
        },
        "2009": {
            "cash": 0.3,
            "stock": 0,
            "eps": 0
        },
        "2010": {
            "cash": 1.5,
            "stock": 0,
            "eps": 0
        },
        "2011": {
            "cash": 1,
            "stock": 0,
            "eps": 0
        },
        "2012": {
            "cash": 1.2,
            "stock": 0,
            "eps": 0
        },
        "2013": {
            "cash": 2,
            "stock": 0,
            "eps": 0
        },
        "2014": {
            "cash": 3,
            "stock": 0,
            "eps": 0
        },
        "2015": {
            "cash": 2.5,
            "stock": 0,
            "eps": 0
        },
        "2016": {
            "cash": 3.2,
            "stock": 0,
            "eps": 0
        },
        "2017": {
            "cash": 5.8,
            "stock": 0,
            "eps": 2.29
        },
        "2018": {
            "cash": 2.99,
            "stock": 0,
            "eps": 3.41
        },
        "2019": {
            "cash": 3.5,
            "stock": 0,
            "eps": 3.05
        },
        "2020": {
            "cash": 3.5,
            "stock": 0,
            "eps": 5.64
        },
        "2021": {
            "cash": 4,
            "stock": 0,
            "eps": 3.74
        },
        "2022": {
            "cash": 3.4,
            "stock": 0,
            "eps": 6.54
        },
        "2023": {
            "cash": 4.5,
            "stock": 0,
            "eps": 4.72
        },
        "2024": {
            "cash": 3.8,
            "stock": 0,
            "eps": 0
        }
    },
    "dividends": {
        "2005-04-11": {
            "cash": 0.3,
            "stock": 0
        },
        "2006-04-20": {
            "cash": 0.4,
            "stock": 0
        },
        "2007-03-20": {
            "cash": 0.4,
            "stock": 0
        },
        "2008-06-26": {
            "cash": 0.4,
            "stock": 0
        },
        "2009-03-31": {
            "cash": 0.3,
            "stock": 0
        },
        "2010-03-22": {
            "cash": 1.5,
            "stock": 0
        },
        "2011-04-14": {
            "cash": 1,
            "stock": 0
        },
        "2012-03-28": {
            "cash": 1.2,
            "stock": 0
        },
        "2013-06-27": {
            "cash": 2,
            "stock": 0
        },
        "2014-04-18": {
            "cash": 3,
            "stock": 0
        },
        "2015-04-17": {
            "cash": 2.5,
            "stock": 0
        },
        "2016-03-22": {
            "cash": 3.2,
            "stock": 0
        },
        "2017-07-17": {
            "cash": 5.8,
            "stock": 0
        },
        "2018-07-17": {
            "cash": 2.99,
            "stock": 0
        },
        "2019-07-17": {
            "cash": 3.5,
            "stock": 0
        },
        "2020-07-17": {
            "cash": 3.5,
            "stock": 0
        },
        "2021-06-30": {
            "cash": 4,
            "stock": 0
        },
        "2022-07-18": {
            "cash": 3.4,
            "stock": 0
        },
        "2023-07-21": {
            "cash": 4.5,
            "stock": 0
        },
        "2024-03-15": {
            "cash": 3.8,
            "stock": 0
        }
    },
    "prices": {
        "200101": "無",
        "200102": "無",
        "200103": "無",
        "200104": "無",
        "200105": "無",
        "200106": "無",
        "200107": "無",
        "200108": "無",
        "200109": "無",
        "200110": "無",
        "200111": "無",
        "200112": "無",
        "200201": "無",
        "200202": "無",
        "200203": "無",
        "200204": "無",
        "200205": "無",
        "200206": "無",
        "200207": "無",
        "200208": "無",
        "200209": "無",
        "200210": "無",
        "200211": "無",
        "200212": "無",
        "200301": "無",
        "200302": "無",
        "200303": "無",
        "200304": "無",
        "200305": "無",
        "200306": "無",
        "200307": "無",
        "200308": "無",
        "200309": "無",
        "200310": "無",
        "200311": "無",
        "200312": "無",
        "200401": "無",
        "200402": "無",
        "200403": "無",
        "200404": "無",
        "200405": "無",
        "200406": "無",
        "200407": "無",
        "200408": "無",
        "200409": "無",
        "200410": "無",
        "200411": "無",
        "200412": "無",
        "200501": "無",
        "200502": "無",
        "200503": "無",
        "200504": "無",
        "200505": "無",
        "200506": "無",
        "200507": "無",
        "200508": "無",
        "200509": "無",
        "200510": "無",
        "200511": "無",
        "200512": "無",
        "200601": "無",
        "200602": "無",
        "200603": "無",
        "200604": "無",
        "200605": "無",
        "200606": "無",
        "200607": "無",
        "200608": "無",
        "200609": "無",
        "200610": "無",
        "200611": "無",
        "200612": "無",
        "200701": "無",
        "200702": "無",
        "200703": "無",
        "200704": "無",
        "200705": "無",
        "200706": "無",
        "200707": "無",
        "200708": "無",
        "200709": "無",
        "200710": "無",
        "200711": "無",
        "200712": "無",
        "200801": "無",
        "200802": "無",
        "200803": "無",
        "200804": "無",
        "200805": "無",
        "200806": "無",
        "200807": "無",
        "200808": "無",
        "200809": "無",
        "200810": "無",
        "200811": "無",
        "200812": "無",
        "200901": "無",
        "200902": "無",
        "200903": "無",
        "200904": "無",
        "200905": "無",
        "200906": "無",
        "200907": "無",
        "200908": "無",
        "200909": "無",
        "200910": "無",
        "200911": "無",
        "200912": "無",
        "201001": "無",
        "201002": "無",
        "201003": "無",
        "201004": "無",
        "201005": "無",
        "201006": "無",
        "201007": "無",
        "201008": "無",
        "201009": "無",
        "201010": "無",
        "201011": "無",
        "201012": "無",
        "201101": "無",
        "201102": "無",
        "201103": "無",
        "201104": "無",
        "201105": "無",
        "201106": "無",
        "201107": "無",
        "201108": "無",
        "201109": "無",
        "201110": "無",
        "201111": "無",
        "201112": "無",
        "201201": "無",
        "201202": "無",
        "201203": "無",
        "201204": "無",
        "201205": "無",
        "201206": "無",
        "201207": "無",
        "201208": "無",
        "201209": "無",
        "201210": "無",
        "201211": "無",
        "201212": "無",
        "201301": "無",
        "201302": "無",
        "201303": "無",
        "201304": "無",
        "201305": "無",
        "201306": "無",
        "201307": "無",
        "201308": "無",
        "201309": "無",
        "201310": "無",
        "201311": "無",
        "201312": "無",
        "201401": "無",
        "201402": "無",
        "201403": "無",
        "201404": "無",
        "201405": "無",
        "201406": "無",
        "201407": "無",
        "201408": "無",
        "201409": "無",
        "201410": "無",
        "201411": "無",
        "201412": "無",
        "201501": "無",
        "201502": "無",
        "201503": "無",
        "201504": "無",
        "201505": "無",
        "201506": "無",
        "201507": "無",
        "201508": "無",
        "201509": "無",
        "201510": "無",
        "201511": "無",
        "201512": "無",
        "201601": "無",
        "201602": "無",
        "201603": "無",
        "201604": "無",
        "201605": "無",
        "201606": "53.30",
        "201607": "48.63",
        "201608": "51.35",
        "201609": "59.42",
        "201610": "63.72",
        "201611": "59.73",
        "201612": "60.82",
        "201701": "60.36",
        "201702": "60.87",
        "201703": "77.64",
        "201704": "83.38",
        "201705": "82.28",
        "201706": "77.10",
        "201707": "69.23",
        "201708": "63.90",
        "201709": "53.09",
        "201710": "53.51",
        "201711": "52.60",
        "201712": "43.75",
        "201801": "40.01",
        "201802": "38.25",
        "201803": "39.28",
        "201804": "38.89",
        "201805": "37.91",
        "201806": "39.01",
        "201807": "37.57",
        "201808": "39.40",
        "201809": "39.47",
        "201810": "38.66",
        "201811": "39.23",
        "201812": "39.72",
        "201901": "40.85",
        "201902": "41.09",
        "201903": "47.69",
        "201904": "49.19",
        "201905": "48.68",
        "201906": "47.96",
        "201907": "45.13",
        "201908": "44.61",
        "201909": "43.66",
        "201910": "42.65",
        "201911": "44.62",
        "201912": "46.20",
        "202001": "45.56",
        "202002": "44.53",
        "202003": "43.68",
        "202004": "44.51",
        "202005": "51.34",
        "202006": "55.08",
        "202007": "51.70",
        "202008": "53.57",
        "202009": "54.40",
        "202010": "53.56",
        "202011": "52.88",
        "202012": "51.82",
        "202101": "51.92",
        "202102": "53.16",
        "202103": "56.55",
        "202104": "56.33",
        "202105": "55.38",
        "202106": "52.75",
        "202107": "51.52",
        "202108": "50.56",
        "202109": "50.93",
        "202110": "50.84",
        "202111": "51.76",
        "202112": "51.97",
        "202201": "51.81",
        "202202": "52.07",
        "202203": "52.77",
        "202204": "52.93",
        "202205": "52.94",
        "202206": "52.31",
        "202207": "50.30",
        "202208": "52.38",
        "202209": "54.06",
        "202210": "53.59",
        "202211": "54.57",
        "202212": "54.65",
        "202301": "55.12",
        "202302": "56.29",
        "202303": "57.29",
        "202304": "57.91",
        "202305": "57.66",
        "202306": "57.33",
        "202307": "55.99",
        "202308": "58.10",
        "202309": "59.94",
        "202310": "60.18",
        "202311": "61.20",
        "202312": "65.47",
        "202401": "69.33",
        "202402": "68.05",
        "202403": "69.92",
        "202404": "無"
    },
    "quarters": {
        "20011": {
            "year_quarter": 20011,
            "year": 2001,
            "quarter": 1,
            "eps": null,
            "eps_growth_year": null,
            "eps_4q": null,
            "eps_4q_growth_year": null,
            "roe": null,
            "roe_4q": 0,
            "gross_profit": null,
            "gross_margin": null,
            "gross_margin_4q_avg": 0,
            "net_income": null,
            "net_income_4q": null,
            "revenue": null,
            "revenue_4q": null,
            "common_shares": null,
            "book_valuer_per_share": null,
            "book_valuer_per_share_4q_avg": 0,
            "equity": null,
            "current_ratio": null,
            "debt_ratio": null,
            "inventory_turnover_ratio": null,
            "account_receivable_turnover_ratio": null,
            "reinvestment_rate": null,
            "research_to_sale_ratio": null,
            "price_fair": 0,
            "eps_avg_yearly": 0,
            "eps_latest_yearly": 0,
            "eps_growth_yearly": 0
        },
        "20012": {
            "year_quarter": 20012,
            "year": 2001,
            "quarter": 2,
            "eps": null,
            "eps_growth_year": null,
            "eps_4q": null,
            "eps_4q_growth_year": null,
            "roe": null,
            "roe_4q": 0,
            "gross_profit": null,
            "gross_margin": null,
            "gross_margin_4q_avg": 0,
            "net_income": null,
            "net_income_4q": null,
            "revenue": null,
            "revenue_4q": null,
            "common_shares": null,
            "book_valuer_per_share": null,
            "book_valuer_per_share_4q_avg": 0,
            "equity": null,
            "current_ratio": null,
            "debt_ratio": null,
            "inventory_turnover_ratio": null,
            "account_receivable_turnover_ratio": null,
            "reinvestment_rate": null,
            "research_to_sale_ratio": null,
            "price_fair": 0,
            "eps_avg_yearly": 0,
            "eps_latest_yearly": 0,
            "eps_growth_yearly": 0
        },
        "20013": {
            "year_quarter": 20013,
            "year": 2001,
            "quarter": 3,
            "eps": null,
            "eps_growth_year": null,
            "eps_4q": null,
            "eps_4q_growth_year": null,
            "roe": null,
            "roe_4q": 0,
            "gross_profit": null,
            "gross_margin": null,
            "gross_margin_4q_avg": 0,
            "net_income": null,
            "net_income_4q": null,
            "revenue": null,
            "revenue_4q": null,
            "common_shares": null,
            "book_valuer_per_share": null,
            "book_valuer_per_share_4q_avg": 0,
            "equity": null,
            "current_ratio": null,
            "debt_ratio": null,
            "inventory_turnover_ratio": null,
            "account_receivable_turnover_ratio": null,
            "reinvestment_rate": null,
            "research_to_sale_ratio": null,
            "price_fair": 0,
            "eps_avg_yearly": 0,
            "eps_latest_yearly": 0,
            "eps_growth_yearly": 0
        },
        "20014": {
            "year_quarter": 20014,
            "year": 2001,
            "quarter": 4,
            "eps": null,
            "eps_growth_year": null,
            "eps_4q": null,
            "eps_4q_growth_year": null,
            "roe": null,
            "roe_4q": 0,
            "gross_profit": null,
            "gross_margin": null,
            "gross_margin_4q_avg": 0,
            "net_income": null,
            "net_income_4q": null,
            "revenue": null,
            "revenue_4q": null,
            "common_shares": null,
            "book_valuer_per_share": null,
            "book_valuer_per_share_4q_avg": 0,
            "equity": null,
            "current_ratio": null,
            "debt_ratio": null,
            "inventory_turnover_ratio": null,
            "account_receivable_turnover_ratio": null,
            "reinvestment_rate": null,
            "research_to_sale_ratio": null,
            "price_fair": 0,
            "eps_avg_yearly": 0,
            "eps_latest_yearly": 0,
            "eps_growth_yearly": 0
        },
        "20021": {
            "year_quarter": 20021,
            "year": 2002,
            "quarter": 1,
            "eps": null,
            "eps_growth_year": null,
            "eps_4q": null,
            "eps_4q_growth_year": null,
            "roe": null,
            "roe_4q": 0,
            "gross_profit": null,
            "gross_margin": null,
            "gross_margin_4q_avg": 0,
            "net_income": null,
            "net_income_4q": null,
            "revenue": null,
            "revenue_4q": null,
            "common_shares": null,
            "book_valuer_per_share": null,
            "book_valuer_per_share_4q_avg": 0,
            "equity": null,
            "current_ratio": null,
            "debt_ratio": null,
            "inventory_turnover_ratio": null,
            "account_receivable_turnover_ratio": null,
            "reinvestment_rate": null,
            "research_to_sale_ratio": null,
            "price_fair": 0,
            "eps_avg_yearly": 0,
            "eps_latest_yearly": 0,
            "eps_growth_yearly": 0
        },
        "20022": {
            "year_quarter": 20022,
            "year": 2002,
            "quarter": 2,
            "eps": null,
            "eps_growth_year": null,
            "eps_4q": null,
            "eps_4q_growth_year": null,
            "roe": null,
            "roe_4q": 0,
            "gross_profit": null,
            "gross_margin": null,
            "gross_margin_4q_avg": 0,
            "net_income": null,
            "net_income_4q": null,
            "revenue": null,
            "revenue_4q": null,
            "common_shares": null,
            "book_valuer_per_share": null,
            "book_valuer_per_share_4q_avg": 0,
            "equity": null,
            "current_ratio": null,
            "debt_ratio": null,
            "inventory_turnover_ratio": null,
            "account_receivable_turnover_ratio": null,
            "reinvestment_rate": null,
            "research_to_sale_ratio": null,
            "price_fair": 0,
            "eps_avg_yearly": 0,
            "eps_latest_yearly": 0,
            "eps_growth_yearly": 0
        },
        "20023": {
            "year_quarter": 20023,
            "year": 2002,
            "quarter": 3,
            "eps": null,
            "eps_growth_year": null,
            "eps_4q": null,
            "eps_4q_growth_year": null,
            "roe": null,
            "roe_4q": 0,
            "gross_profit": null,
            "gross_margin": null,
            "gross_margin_4q_avg": 0,
            "net_income": null,
            "net_income_4q": null,
            "revenue": null,
            "revenue_4q": null,
            "common_shares": null,
            "book_valuer_per_share": null,
            "book_valuer_per_share_4q_avg": 0,
            "equity": null,
            "current_ratio": null,
            "debt_ratio": null,
            "inventory_turnover_ratio": null,
            "account_receivable_turnover_ratio": null,
            "reinvestment_rate": null,
            "research_to_sale_ratio": null,
            "price_fair": 0,
            "eps_avg_yearly": 0,
            "eps_latest_yearly": 0,
            "eps_growth_yearly": 0
        },
        "20024": {
            "year_quarter": 20024,
            "year": 2002,
            "quarter": 4,
            "eps": null,
            "eps_growth_year": null,
            "eps_4q": null,
            "eps_4q_growth_year": null,
            "roe": null,
            "roe_4q": 0,
            "gross_profit": null,
            "gross_margin": null,
            "gross_margin_4q_avg": 0,
            "net_income": null,
            "net_income_4q": null,
            "revenue": null,
            "revenue_4q": null,
            "common_shares": null,
            "book_valuer_per_share": null,
            "book_valuer_per_share_4q_avg": 0,
            "equity": null,
            "current_ratio": null,
            "debt_ratio": null,
            "inventory_turnover_ratio": null,
            "account_receivable_turnover_ratio": null,
            "reinvestment_rate": null,
            "research_to_sale_ratio": null,
            "price_fair": 0,
            "eps_avg_yearly": 0,
            "eps_latest_yearly": 0,
            "eps_growth_yearly": 0
        },
        "20031": {
            "year_quarter": 20031,
            "year": 2003,
            "quarter": 1,
            "eps": null,
            "eps_growth_year": null,
            "eps_4q": null,
            "eps_4q_growth_year": null,
            "roe": null,
            "roe_4q": 0,
            "gross_profit": null,
            "gross_margin": null,
            "gross_margin_4q_avg": 0,
            "net_income": null,
            "net_income_4q": null,
            "revenue": null,
            "revenue_4q": null,
            "common_shares": null,
            "book_valuer_per_share": null,
            "book_valuer_per_share_4q_avg": 0,
            "equity": null,
            "current_ratio": null,
            "debt_ratio": null,
            "inventory_turnover_ratio": null,
            "account_receivable_turnover_ratio": null,
            "reinvestment_rate": null,
            "research_to_sale_ratio": null,
            "price_fair": 0,
            "eps_avg_yearly": 0,
            "eps_latest_yearly": 0,
            "eps_growth_yearly": 0
        },
        "20032": {
            "year_quarter": 20032,
            "year": 2003,
            "quarter": 2,
            "eps": null,
            "eps_growth_year": null,
            "eps_4q": null,
            "eps_4q_growth_year": null,
            "roe": null,
            "roe_4q": 0,
            "gross_profit": null,
            "gross_margin": null,
            "gross_margin_4q_avg": 0,
            "net_income": null,
            "net_income_4q": null,
            "revenue": null,
            "revenue_4q": null,
            "common_shares": null,
            "book_valuer_per_share": null,
            "book_valuer_per_share_4q_avg": 0,
            "equity": null,
            "current_ratio": null,
            "debt_ratio": null,
            "inventory_turnover_ratio": null,
            "account_receivable_turnover_ratio": null,
            "reinvestment_rate": null,
            "research_to_sale_ratio": null,
            "price_fair": 0,
            "eps_avg_yearly": 0,
            "eps_latest_yearly": 0,
            "eps_growth_yearly": 0
        },
        "20033": {
            "year_quarter": 20033,
            "year": 2003,
            "quarter": 3,
            "eps": null,
            "eps_growth_year": null,
            "eps_4q": null,
            "eps_4q_growth_year": null,
            "roe": null,
            "roe_4q": 0,
            "gross_profit": null,
            "gross_margin": null,
            "gross_margin_4q_avg": 0,
            "net_income": null,
            "net_income_4q": null,
            "revenue": null,
            "revenue_4q": null,
            "common_shares": null,
            "book_valuer_per_share": null,
            "book_valuer_per_share_4q_avg": 0,
            "equity": null,
            "current_ratio": null,
            "debt_ratio": null,
            "inventory_turnover_ratio": null,
            "account_receivable_turnover_ratio": null,
            "reinvestment_rate": null,
            "research_to_sale_ratio": null,
            "price_fair": 0,
            "eps_avg_yearly": 0,
            "eps_latest_yearly": 0,
            "eps_growth_yearly": 0
        },
        "20034": {
            "year_quarter": 20034,
            "year": 2003,
            "quarter": 4,
            "eps": null,
            "eps_growth_year": null,
            "eps_4q": null,
            "eps_4q_growth_year": null,
            "roe": null,
            "roe_4q": 0,
            "gross_profit": null,
            "gross_margin": null,
            "gross_margin_4q_avg": 0,
            "net_income": null,
            "net_income_4q": null,
            "revenue": null,
            "revenue_4q": null,
            "common_shares": null,
            "book_valuer_per_share": null,
            "book_valuer_per_share_4q_avg": 0,
            "equity": null,
            "current_ratio": null,
            "debt_ratio": null,
            "inventory_turnover_ratio": null,
            "account_receivable_turnover_ratio": null,
            "reinvestment_rate": null,
            "research_to_sale_ratio": null,
            "price_fair": 0,
            "eps_avg_yearly": 0,
            "eps_latest_yearly": 0,
            "eps_growth_yearly": 0
        },
        "20041": {
            "year_quarter": 20041,
            "year": 2004,
            "quarter": 1,
            "eps": null,
            "eps_growth_year": null,
            "eps_4q": null,
            "eps_4q_growth_year": null,
            "roe": null,
            "roe_4q": 0,
            "gross_profit": null,
            "gross_margin": null,
            "gross_margin_4q_avg": 0,
            "net_income": null,
            "net_income_4q": null,
            "revenue": null,
            "revenue_4q": null,
            "common_shares": null,
            "book_valuer_per_share": null,
            "book_valuer_per_share_4q_avg": 0,
            "equity": null,
            "current_ratio": null,
            "debt_ratio": null,
            "inventory_turnover_ratio": null,
            "account_receivable_turnover_ratio": null,
            "reinvestment_rate": null,
            "research_to_sale_ratio": null,
            "price_fair": 0,
            "eps_avg_yearly": 0,
            "eps_latest_yearly": 0,
            "eps_growth_yearly": 0
        },
        "20042": {
            "year_quarter": 20042,
            "year": 2004,
            "quarter": 2,
            "eps": null,
            "eps_growth_year": null,
            "eps_4q": null,
            "eps_4q_growth_year": null,
            "roe": null,
            "roe_4q": 0,
            "gross_profit": null,
            "gross_margin": null,
            "gross_margin_4q_avg": 0,
            "net_income": null,
            "net_income_4q": null,
            "revenue": null,
            "revenue_4q": null,
            "common_shares": null,
            "book_valuer_per_share": null,
            "book_valuer_per_share_4q_avg": 0,
            "equity": null,
            "current_ratio": null,
            "debt_ratio": null,
            "inventory_turnover_ratio": null,
            "account_receivable_turnover_ratio": null,
            "reinvestment_rate": null,
            "research_to_sale_ratio": null,
            "price_fair": 0,
            "eps_avg_yearly": 0,
            "eps_latest_yearly": 0,
            "eps_growth_yearly": 0
        },
        "20043": {
            "year_quarter": 20043,
            "year": 2004,
            "quarter": 3,
            "eps": null,
            "eps_growth_year": null,
            "eps_4q": null,
            "eps_4q_growth_year": null,
            "roe": null,
            "roe_4q": 0,
            "gross_profit": null,
            "gross_margin": null,
            "gross_margin_4q_avg": 0,
            "net_income": null,
            "net_income_4q": null,
            "revenue": null,
            "revenue_4q": null,
            "common_shares": null,
            "book_valuer_per_share": null,
            "book_valuer_per_share_4q_avg": 0,
            "equity": null,
            "current_ratio": null,
            "debt_ratio": null,
            "inventory_turnover_ratio": null,
            "account_receivable_turnover_ratio": null,
            "reinvestment_rate": null,
            "research_to_sale_ratio": null,
            "price_fair": 0,
            "eps_avg_yearly": 0,
            "eps_latest_yearly": 0,
            "eps_growth_yearly": 0
        },
        "20044": {
            "year_quarter": 20044,
            "year": 2004,
            "quarter": 4,
            "eps": null,
            "eps_growth_year": null,
            "eps_4q": null,
            "eps_4q_growth_year": null,
            "roe": null,
            "roe_4q": 0,
            "gross_profit": null,
            "gross_margin": null,
            "gross_margin_4q_avg": 0,
            "net_income": null,
            "net_income_4q": null,
            "revenue": null,
            "revenue_4q": null,
            "common_shares": null,
            "book_valuer_per_share": null,
            "book_valuer_per_share_4q_avg": 0,
            "equity": null,
            "current_ratio": null,
            "debt_ratio": null,
            "inventory_turnover_ratio": null,
            "account_receivable_turnover_ratio": null,
            "reinvestment_rate": null,
            "research_to_sale_ratio": null,
            "price_fair": 0,
            "eps_avg_yearly": 0,
            "eps_latest_yearly": 0,
            "eps_growth_yearly": 0
        },
        "20051": {
            "year_quarter": 20051,
            "year": 2005,
            "quarter": 1,
            "eps": null,
            "eps_growth_year": null,
            "eps_4q": null,
            "eps_4q_growth_year": null,
            "roe": null,
            "roe_4q": 0,
            "gross_profit": null,
            "gross_margin": null,
            "gross_margin_4q_avg": 0,
            "net_income": null,
            "net_income_4q": null,
            "revenue": null,
            "revenue_4q": null,
            "common_shares": null,
            "book_valuer_per_share": null,
            "book_valuer_per_share_4q_avg": 0,
            "equity": null,
            "current_ratio": null,
            "debt_ratio": null,
            "inventory_turnover_ratio": null,
            "account_receivable_turnover_ratio": null,
            "reinvestment_rate": null,
            "research_to_sale_ratio": null,
            "price_fair": 0,
            "eps_avg_yearly": 0,
            "eps_latest_yearly": 0,
            "eps_growth_yearly": 0
        },
        "20052": {
            "year_quarter": 20052,
            "year": 2005,
            "quarter": 2,
            "eps": null,
            "eps_growth_year": null,
            "eps_4q": null,
            "eps_4q_growth_year": null,
            "roe": null,
            "roe_4q": 0,
            "gross_profit": null,
            "gross_margin": null,
            "gross_margin_4q_avg": 0,
            "net_income": null,
            "net_income_4q": null,
            "revenue": null,
            "revenue_4q": null,
            "common_shares": null,
            "book_valuer_per_share": null,
            "book_valuer_per_share_4q_avg": 0,
            "equity": null,
            "current_ratio": null,
            "debt_ratio": null,
            "inventory_turnover_ratio": null,
            "account_receivable_turnover_ratio": null,
            "reinvestment_rate": null,
            "research_to_sale_ratio": null,
            "price_fair": 0,
            "eps_avg_yearly": 0,
            "eps_latest_yearly": 0,
            "eps_growth_yearly": 0
        },
        "20053": {
            "year_quarter": 20053,
            "year": 2005,
            "quarter": 3,
            "eps": null,
            "eps_growth_year": null,
            "eps_4q": null,
            "eps_4q_growth_year": null,
            "roe": null,
            "roe_4q": 0,
            "gross_profit": null,
            "gross_margin": null,
            "gross_margin_4q_avg": 0,
            "net_income": null,
            "net_income_4q": null,
            "revenue": null,
            "revenue_4q": null,
            "common_shares": null,
            "book_valuer_per_share": null,
            "book_valuer_per_share_4q_avg": 0,
            "equity": null,
            "current_ratio": null,
            "debt_ratio": null,
            "inventory_turnover_ratio": null,
            "account_receivable_turnover_ratio": null,
            "reinvestment_rate": null,
            "research_to_sale_ratio": null,
            "price_fair": 0,
            "eps_avg_yearly": 0,
            "eps_latest_yearly": 0,
            "eps_growth_yearly": 0
        },
        "20054": {
            "year_quarter": 20054,
            "year": 2005,
            "quarter": 4,
            "eps": null,
            "eps_growth_year": null,
            "eps_4q": null,
            "eps_4q_growth_year": null,
            "roe": null,
            "roe_4q": 0,
            "gross_profit": null,
            "gross_margin": null,
            "gross_margin_4q_avg": 0,
            "net_income": null,
            "net_income_4q": null,
            "revenue": null,
            "revenue_4q": null,
            "common_shares": null,
            "book_valuer_per_share": null,
            "book_valuer_per_share_4q_avg": 0,
            "equity": null,
            "current_ratio": null,
            "debt_ratio": null,
            "inventory_turnover_ratio": null,
            "account_receivable_turnover_ratio": null,
            "reinvestment_rate": null,
            "research_to_sale_ratio": null,
            "price_fair": 0,
            "eps_avg_yearly": 0,
            "eps_latest_yearly": 0,
            "eps_growth_yearly": 0
        },
        "20061": {
            "year_quarter": 20061,
            "year": 2006,
            "quarter": 1,
            "eps": null,
            "eps_growth_year": null,
            "eps_4q": null,
            "eps_4q_growth_year": null,
            "roe": null,
            "roe_4q": 0,
            "gross_profit": null,
            "gross_margin": null,
            "gross_margin_4q_avg": 0,
            "net_income": null,
            "net_income_4q": null,
            "revenue": null,
            "revenue_4q": null,
            "common_shares": null,
            "book_valuer_per_share": null,
            "book_valuer_per_share_4q_avg": 0,
            "equity": null,
            "current_ratio": null,
            "debt_ratio": null,
            "inventory_turnover_ratio": null,
            "account_receivable_turnover_ratio": null,
            "reinvestment_rate": null,
            "research_to_sale_ratio": null,
            "price_fair": 0,
            "eps_avg_yearly": 0,
            "eps_latest_yearly": 0,
            "eps_growth_yearly": 0
        },
        "20062": {
            "year_quarter": 20062,
            "year": 2006,
            "quarter": 2,
            "eps": null,
            "eps_growth_year": null,
            "eps_4q": null,
            "eps_4q_growth_year": null,
            "roe": null,
            "roe_4q": 0,
            "gross_profit": null,
            "gross_margin": null,
            "gross_margin_4q_avg": 0,
            "net_income": null,
            "net_income_4q": null,
            "revenue": null,
            "revenue_4q": null,
            "common_shares": null,
            "book_valuer_per_share": null,
            "book_valuer_per_share_4q_avg": 0,
            "equity": null,
            "current_ratio": null,
            "debt_ratio": null,
            "inventory_turnover_ratio": null,
            "account_receivable_turnover_ratio": null,
            "reinvestment_rate": null,
            "research_to_sale_ratio": null,
            "price_fair": 0,
            "eps_avg_yearly": 0,
            "eps_latest_yearly": 0,
            "eps_growth_yearly": 0
        },
        "20063": {
            "year_quarter": 20063,
            "year": 2006,
            "quarter": 3,
            "eps": null,
            "eps_growth_year": null,
            "eps_4q": null,
            "eps_4q_growth_year": null,
            "roe": null,
            "roe_4q": 0,
            "gross_profit": null,
            "gross_margin": null,
            "gross_margin_4q_avg": 0,
            "net_income": null,
            "net_income_4q": null,
            "revenue": null,
            "revenue_4q": null,
            "common_shares": null,
            "book_valuer_per_share": null,
            "book_valuer_per_share_4q_avg": 0,
            "equity": null,
            "current_ratio": null,
            "debt_ratio": null,
            "inventory_turnover_ratio": null,
            "account_receivable_turnover_ratio": null,
            "reinvestment_rate": null,
            "research_to_sale_ratio": null,
            "price_fair": 0,
            "eps_avg_yearly": 0,
            "eps_latest_yearly": 0,
            "eps_growth_yearly": 0
        },
        "20064": {
            "year_quarter": 20064,
            "year": 2006,
            "quarter": 4,
            "eps": null,
            "eps_growth_year": null,
            "eps_4q": null,
            "eps_4q_growth_year": null,
            "roe": null,
            "roe_4q": 0,
            "gross_profit": null,
            "gross_margin": null,
            "gross_margin_4q_avg": 0,
            "net_income": null,
            "net_income_4q": null,
            "revenue": null,
            "revenue_4q": null,
            "common_shares": null,
            "book_valuer_per_share": null,
            "book_valuer_per_share_4q_avg": 0,
            "equity": null,
            "current_ratio": null,
            "debt_ratio": null,
            "inventory_turnover_ratio": null,
            "account_receivable_turnover_ratio": null,
            "reinvestment_rate": null,
            "research_to_sale_ratio": null,
            "price_fair": 0,
            "eps_avg_yearly": 0,
            "eps_latest_yearly": 0,
            "eps_growth_yearly": 0
        },
        "20071": {
            "year_quarter": 20071,
            "year": 2007,
            "quarter": 1,
            "eps": null,
            "eps_growth_year": null,
            "eps_4q": null,
            "eps_4q_growth_year": null,
            "roe": null,
            "roe_4q": 0,
            "gross_profit": null,
            "gross_margin": null,
            "gross_margin_4q_avg": 0,
            "net_income": null,
            "net_income_4q": null,
            "revenue": null,
            "revenue_4q": null,
            "common_shares": null,
            "book_valuer_per_share": null,
            "book_valuer_per_share_4q_avg": 0,
            "equity": null,
            "current_ratio": null,
            "debt_ratio": null,
            "inventory_turnover_ratio": null,
            "account_receivable_turnover_ratio": null,
            "reinvestment_rate": null,
            "research_to_sale_ratio": null,
            "price_fair": 0,
            "eps_avg_yearly": 0,
            "eps_latest_yearly": 0,
            "eps_growth_yearly": 0
        },
        "20072": {
            "year_quarter": 20072,
            "year": 2007,
            "quarter": 2,
            "eps": null,
            "eps_growth_year": null,
            "eps_4q": null,
            "eps_4q_growth_year": null,
            "roe": null,
            "roe_4q": 0,
            "gross_profit": null,
            "gross_margin": null,
            "gross_margin_4q_avg": 0,
            "net_income": null,
            "net_income_4q": null,
            "revenue": null,
            "revenue_4q": null,
            "common_shares": null,
            "book_valuer_per_share": null,
            "book_valuer_per_share_4q_avg": 0,
            "equity": null,
            "current_ratio": null,
            "debt_ratio": null,
            "inventory_turnover_ratio": null,
            "account_receivable_turnover_ratio": null,
            "reinvestment_rate": null,
            "research_to_sale_ratio": null,
            "price_fair": 0,
            "eps_avg_yearly": 0,
            "eps_latest_yearly": 0,
            "eps_growth_yearly": 0
        },
        "20073": {
            "year_quarter": 20073,
            "year": 2007,
            "quarter": 3,
            "eps": null,
            "eps_growth_year": null,
            "eps_4q": null,
            "eps_4q_growth_year": null,
            "roe": null,
            "roe_4q": 0,
            "gross_profit": null,
            "gross_margin": null,
            "gross_margin_4q_avg": 0,
            "net_income": null,
            "net_income_4q": null,
            "revenue": null,
            "revenue_4q": null,
            "common_shares": null,
            "book_valuer_per_share": null,
            "book_valuer_per_share_4q_avg": 0,
            "equity": null,
            "current_ratio": null,
            "debt_ratio": null,
            "inventory_turnover_ratio": null,
            "account_receivable_turnover_ratio": null,
            "reinvestment_rate": null,
            "research_to_sale_ratio": null,
            "price_fair": 0,
            "eps_avg_yearly": 0,
            "eps_latest_yearly": 0,
            "eps_growth_yearly": 0
        },
        "20074": {
            "year_quarter": 20074,
            "year": 2007,
            "quarter": 4,
            "eps": null,
            "eps_growth_year": null,
            "eps_4q": null,
            "eps_4q_growth_year": null,
            "roe": null,
            "roe_4q": 0,
            "gross_profit": null,
            "gross_margin": null,
            "gross_margin_4q_avg": 0,
            "net_income": null,
            "net_income_4q": null,
            "revenue": null,
            "revenue_4q": null,
            "common_shares": null,
            "book_valuer_per_share": null,
            "book_valuer_per_share_4q_avg": 0,
            "equity": null,
            "current_ratio": null,
            "debt_ratio": null,
            "inventory_turnover_ratio": null,
            "account_receivable_turnover_ratio": null,
            "reinvestment_rate": null,
            "research_to_sale_ratio": null,
            "price_fair": 0,
            "eps_avg_yearly": 0,
            "eps_latest_yearly": 0,
            "eps_growth_yearly": 0
        },
        "20081": {
            "year_quarter": 20081,
            "year": 2008,
            "quarter": 1,
            "eps": null,
            "eps_growth_year": null,
            "eps_4q": null,
            "eps_4q_growth_year": null,
            "roe": null,
            "roe_4q": 0,
            "gross_profit": null,
            "gross_margin": null,
            "gross_margin_4q_avg": 0,
            "net_income": null,
            "net_income_4q": null,
            "revenue": null,
            "revenue_4q": null,
            "common_shares": null,
            "book_valuer_per_share": null,
            "book_valuer_per_share_4q_avg": 0,
            "equity": null,
            "current_ratio": null,
            "debt_ratio": null,
            "inventory_turnover_ratio": null,
            "account_receivable_turnover_ratio": null,
            "reinvestment_rate": null,
            "research_to_sale_ratio": null,
            "price_fair": 0,
            "eps_avg_yearly": 0,
            "eps_latest_yearly": 0,
            "eps_growth_yearly": 0
        },
        "20082": {
            "year_quarter": 20082,
            "year": 2008,
            "quarter": 2,
            "eps": null,
            "eps_growth_year": null,
            "eps_4q": null,
            "eps_4q_growth_year": null,
            "roe": null,
            "roe_4q": 0,
            "gross_profit": null,
            "gross_margin": null,
            "gross_margin_4q_avg": 0,
            "net_income": null,
            "net_income_4q": null,
            "revenue": null,
            "revenue_4q": null,
            "common_shares": null,
            "book_valuer_per_share": null,
            "book_valuer_per_share_4q_avg": 0,
            "equity": null,
            "current_ratio": null,
            "debt_ratio": null,
            "inventory_turnover_ratio": null,
            "account_receivable_turnover_ratio": null,
            "reinvestment_rate": null,
            "research_to_sale_ratio": null,
            "price_fair": 0,
            "eps_avg_yearly": 0,
            "eps_latest_yearly": 0,
            "eps_growth_yearly": 0
        },
        "20083": {
            "year_quarter": 20083,
            "year": 2008,
            "quarter": 3,
            "eps": null,
            "eps_growth_year": null,
            "eps_4q": null,
            "eps_4q_growth_year": null,
            "roe": null,
            "roe_4q": 0,
            "gross_profit": null,
            "gross_margin": null,
            "gross_margin_4q_avg": 0,
            "net_income": null,
            "net_income_4q": null,
            "revenue": null,
            "revenue_4q": null,
            "common_shares": null,
            "book_valuer_per_share": null,
            "book_valuer_per_share_4q_avg": 0,
            "equity": null,
            "current_ratio": null,
            "debt_ratio": null,
            "inventory_turnover_ratio": null,
            "account_receivable_turnover_ratio": null,
            "reinvestment_rate": null,
            "research_to_sale_ratio": null,
            "price_fair": 0,
            "eps_avg_yearly": 0,
            "eps_latest_yearly": 0,
            "eps_growth_yearly": 0
        },
        "20084": {
            "year_quarter": 20084,
            "year": 2008,
            "quarter": 4,
            "eps": null,
            "eps_growth_year": null,
            "eps_4q": null,
            "eps_4q_growth_year": null,
            "roe": null,
            "roe_4q": 0,
            "gross_profit": null,
            "gross_margin": null,
            "gross_margin_4q_avg": 0,
            "net_income": null,
            "net_income_4q": null,
            "revenue": null,
            "revenue_4q": null,
            "common_shares": null,
            "book_valuer_per_share": null,
            "book_valuer_per_share_4q_avg": 0,
            "equity": null,
            "current_ratio": null,
            "debt_ratio": null,
            "inventory_turnover_ratio": null,
            "account_receivable_turnover_ratio": null,
            "reinvestment_rate": null,
            "research_to_sale_ratio": null,
            "price_fair": 0,
            "eps_avg_yearly": 0,
            "eps_latest_yearly": 0,
            "eps_growth_yearly": 0
        },
        "20091": {
            "year_quarter": 20091,
            "year": 2009,
            "quarter": 1,
            "eps": null,
            "eps_growth_year": null,
            "eps_4q": null,
            "eps_4q_growth_year": null,
            "roe": null,
            "roe_4q": 0,
            "gross_profit": null,
            "gross_margin": null,
            "gross_margin_4q_avg": 0,
            "net_income": null,
            "net_income_4q": null,
            "revenue": null,
            "revenue_4q": null,
            "common_shares": null,
            "book_valuer_per_share": null,
            "book_valuer_per_share_4q_avg": 0,
            "equity": null,
            "current_ratio": null,
            "debt_ratio": null,
            "inventory_turnover_ratio": null,
            "account_receivable_turnover_ratio": null,
            "reinvestment_rate": null,
            "research_to_sale_ratio": null,
            "price_fair": 0,
            "eps_avg_yearly": 0,
            "eps_latest_yearly": 0,
            "eps_growth_yearly": 0
        },
        "20092": {
            "year_quarter": 20092,
            "year": 2009,
            "quarter": 2,
            "eps": null,
            "eps_growth_year": null,
            "eps_4q": null,
            "eps_4q_growth_year": null,
            "roe": null,
            "roe_4q": 0,
            "gross_profit": null,
            "gross_margin": null,
            "gross_margin_4q_avg": 0,
            "net_income": null,
            "net_income_4q": null,
            "revenue": null,
            "revenue_4q": null,
            "common_shares": null,
            "book_valuer_per_share": null,
            "book_valuer_per_share_4q_avg": 0,
            "equity": null,
            "current_ratio": null,
            "debt_ratio": null,
            "inventory_turnover_ratio": null,
            "account_receivable_turnover_ratio": null,
            "reinvestment_rate": null,
            "research_to_sale_ratio": null,
            "price_fair": 0,
            "eps_avg_yearly": 0,
            "eps_latest_yearly": 0,
            "eps_growth_yearly": 0
        },
        "20093": {
            "year_quarter": 20093,
            "year": 2009,
            "quarter": 3,
            "eps": null,
            "eps_growth_year": null,
            "eps_4q": null,
            "eps_4q_growth_year": null,
            "roe": null,
            "roe_4q": 0,
            "gross_profit": null,
            "gross_margin": null,
            "gross_margin_4q_avg": 0,
            "net_income": null,
            "net_income_4q": null,
            "revenue": null,
            "revenue_4q": null,
            "common_shares": null,
            "book_valuer_per_share": null,
            "book_valuer_per_share_4q_avg": 0,
            "equity": null,
            "current_ratio": null,
            "debt_ratio": null,
            "inventory_turnover_ratio": null,
            "account_receivable_turnover_ratio": null,
            "reinvestment_rate": null,
            "research_to_sale_ratio": null,
            "price_fair": 0,
            "eps_avg_yearly": 0,
            "eps_latest_yearly": 0,
            "eps_growth_yearly": 0
        },
        "20094": {
            "year_quarter": 20094,
            "year": 2009,
            "quarter": 4,
            "eps": null,
            "eps_growth_year": null,
            "eps_4q": null,
            "eps_4q_growth_year": null,
            "roe": null,
            "roe_4q": 0,
            "gross_profit": null,
            "gross_margin": null,
            "gross_margin_4q_avg": 0,
            "net_income": null,
            "net_income_4q": null,
            "revenue": null,
            "revenue_4q": null,
            "common_shares": null,
            "book_valuer_per_share": null,
            "book_valuer_per_share_4q_avg": 0,
            "equity": null,
            "current_ratio": null,
            "debt_ratio": null,
            "inventory_turnover_ratio": null,
            "account_receivable_turnover_ratio": null,
            "reinvestment_rate": null,
            "research_to_sale_ratio": null,
            "price_fair": 0,
            "eps_avg_yearly": 0,
            "eps_latest_yearly": 0,
            "eps_growth_yearly": 0
        },
        "20101": {
            "year_quarter": 20101,
            "year": 2010,
            "quarter": 1,
            "eps": null,
            "eps_growth_year": null,
            "eps_4q": null,
            "eps_4q_growth_year": null,
            "roe": null,
            "roe_4q": 0,
            "gross_profit": null,
            "gross_margin": null,
            "gross_margin_4q_avg": 0,
            "net_income": null,
            "net_income_4q": null,
            "revenue": null,
            "revenue_4q": null,
            "common_shares": null,
            "book_valuer_per_share": null,
            "book_valuer_per_share_4q_avg": 0,
            "equity": null,
            "current_ratio": null,
            "debt_ratio": null,
            "inventory_turnover_ratio": null,
            "account_receivable_turnover_ratio": null,
            "reinvestment_rate": null,
            "research_to_sale_ratio": null,
            "price_fair": 0,
            "eps_avg_yearly": 0,
            "eps_latest_yearly": 0,
            "eps_growth_yearly": 0
        },
        "20102": {
            "year_quarter": 20102,
            "year": 2010,
            "quarter": 2,
            "eps": null,
            "eps_growth_year": null,
            "eps_4q": null,
            "eps_4q_growth_year": null,
            "roe": null,
            "roe_4q": 0,
            "gross_profit": null,
            "gross_margin": null,
            "gross_margin_4q_avg": 0,
            "net_income": null,
            "net_income_4q": null,
            "revenue": null,
            "revenue_4q": null,
            "common_shares": null,
            "book_valuer_per_share": null,
            "book_valuer_per_share_4q_avg": 0,
            "equity": null,
            "current_ratio": null,
            "debt_ratio": null,
            "inventory_turnover_ratio": null,
            "account_receivable_turnover_ratio": null,
            "reinvestment_rate": null,
            "research_to_sale_ratio": null,
            "price_fair": 0,
            "eps_avg_yearly": 0,
            "eps_latest_yearly": 0,
            "eps_growth_yearly": 0
        },
        "20103": {
            "year_quarter": 20103,
            "year": 2010,
            "quarter": 3,
            "eps": null,
            "eps_growth_year": null,
            "eps_4q": null,
            "eps_4q_growth_year": null,
            "roe": null,
            "roe_4q": 0,
            "gross_profit": null,
            "gross_margin": null,
            "gross_margin_4q_avg": 0,
            "net_income": null,
            "net_income_4q": null,
            "revenue": null,
            "revenue_4q": null,
            "common_shares": null,
            "book_valuer_per_share": null,
            "book_valuer_per_share_4q_avg": 0,
            "equity": null,
            "current_ratio": null,
            "debt_ratio": null,
            "inventory_turnover_ratio": null,
            "account_receivable_turnover_ratio": null,
            "reinvestment_rate": null,
            "research_to_sale_ratio": null,
            "price_fair": 0,
            "eps_avg_yearly": 0,
            "eps_latest_yearly": 0,
            "eps_growth_yearly": 0
        },
        "20104": {
            "year_quarter": 20104,
            "year": 2010,
            "quarter": 4,
            "eps": null,
            "eps_growth_year": null,
            "eps_4q": null,
            "eps_4q_growth_year": null,
            "roe": null,
            "roe_4q": 0,
            "gross_profit": null,
            "gross_margin": null,
            "gross_margin_4q_avg": 0,
            "net_income": null,
            "net_income_4q": null,
            "revenue": null,
            "revenue_4q": null,
            "common_shares": null,
            "book_valuer_per_share": null,
            "book_valuer_per_share_4q_avg": 0,
            "equity": null,
            "current_ratio": null,
            "debt_ratio": null,
            "inventory_turnover_ratio": null,
            "account_receivable_turnover_ratio": null,
            "reinvestment_rate": null,
            "research_to_sale_ratio": null,
            "price_fair": 0,
            "eps_avg_yearly": 0,
            "eps_latest_yearly": 0,
            "eps_growth_yearly": 0
        },
        "20111": {
            "year_quarter": 20111,
            "year": 2011,
            "quarter": 1,
            "eps": null,
            "eps_growth_year": null,
            "eps_4q": null,
            "eps_4q_growth_year": null,
            "roe": null,
            "roe_4q": 0,
            "gross_profit": null,
            "gross_margin": null,
            "gross_margin_4q_avg": 0,
            "net_income": null,
            "net_income_4q": null,
            "revenue": null,
            "revenue_4q": null,
            "common_shares": null,
            "book_valuer_per_share": null,
            "book_valuer_per_share_4q_avg": 0,
            "equity": null,
            "current_ratio": null,
            "debt_ratio": null,
            "inventory_turnover_ratio": null,
            "account_receivable_turnover_ratio": null,
            "reinvestment_rate": null,
            "research_to_sale_ratio": null,
            "price_fair": 0,
            "eps_avg_yearly": 0,
            "eps_latest_yearly": 0,
            "eps_growth_yearly": 0
        },
        "20112": {
            "year_quarter": 20112,
            "year": 2011,
            "quarter": 2,
            "eps": null,
            "eps_growth_year": null,
            "eps_4q": null,
            "eps_4q_growth_year": null,
            "roe": null,
            "roe_4q": 0,
            "gross_profit": null,
            "gross_margin": null,
            "gross_margin_4q_avg": 0,
            "net_income": null,
            "net_income_4q": null,
            "revenue": null,
            "revenue_4q": null,
            "common_shares": null,
            "book_valuer_per_share": null,
            "book_valuer_per_share_4q_avg": 0,
            "equity": null,
            "current_ratio": null,
            "debt_ratio": null,
            "inventory_turnover_ratio": null,
            "account_receivable_turnover_ratio": null,
            "reinvestment_rate": null,
            "research_to_sale_ratio": null,
            "price_fair": 0,
            "eps_avg_yearly": 0,
            "eps_latest_yearly": 0,
            "eps_growth_yearly": 0
        },
        "20113": {
            "year_quarter": 20113,
            "year": 2011,
            "quarter": 3,
            "eps": null,
            "eps_growth_year": null,
            "eps_4q": null,
            "eps_4q_growth_year": null,
            "roe": null,
            "roe_4q": 0,
            "gross_profit": null,
            "gross_margin": null,
            "gross_margin_4q_avg": 0,
            "net_income": null,
            "net_income_4q": null,
            "revenue": null,
            "revenue_4q": null,
            "common_shares": null,
            "book_valuer_per_share": null,
            "book_valuer_per_share_4q_avg": 0,
            "equity": null,
            "current_ratio": null,
            "debt_ratio": null,
            "inventory_turnover_ratio": null,
            "account_receivable_turnover_ratio": null,
            "reinvestment_rate": null,
            "research_to_sale_ratio": null,
            "price_fair": 0,
            "eps_avg_yearly": 0,
            "eps_latest_yearly": 0,
            "eps_growth_yearly": 0
        },
        "20114": {
            "year_quarter": 20114,
            "year": 2011,
            "quarter": 4,
            "eps": null,
            "eps_growth_year": null,
            "eps_4q": null,
            "eps_4q_growth_year": null,
            "roe": null,
            "roe_4q": 0,
            "gross_profit": null,
            "gross_margin": null,
            "gross_margin_4q_avg": 0,
            "net_income": null,
            "net_income_4q": null,
            "revenue": null,
            "revenue_4q": null,
            "common_shares": null,
            "book_valuer_per_share": null,
            "book_valuer_per_share_4q_avg": 0,
            "equity": null,
            "current_ratio": null,
            "debt_ratio": null,
            "inventory_turnover_ratio": null,
            "account_receivable_turnover_ratio": null,
            "reinvestment_rate": null,
            "research_to_sale_ratio": null,
            "price_fair": 0,
            "eps_avg_yearly": 0,
            "eps_latest_yearly": 0,
            "eps_growth_yearly": 0
        },
        "20121": {
            "year_quarter": 20121,
            "year": 2012,
            "quarter": 1,
            "eps": null,
            "eps_growth_year": null,
            "eps_4q": null,
            "eps_4q_growth_year": null,
            "roe": null,
            "roe_4q": 0,
            "gross_profit": null,
            "gross_margin": null,
            "gross_margin_4q_avg": 0,
            "net_income": null,
            "net_income_4q": null,
            "revenue": null,
            "revenue_4q": null,
            "common_shares": null,
            "book_valuer_per_share": null,
            "book_valuer_per_share_4q_avg": 0,
            "equity": null,
            "current_ratio": null,
            "debt_ratio": null,
            "inventory_turnover_ratio": null,
            "account_receivable_turnover_ratio": null,
            "reinvestment_rate": null,
            "research_to_sale_ratio": null,
            "price_fair": 0,
            "eps_avg_yearly": 0,
            "eps_latest_yearly": 0,
            "eps_growth_yearly": 0
        },
        "20122": {
            "year_quarter": 20122,
            "year": 2012,
            "quarter": 2,
            "eps": null,
            "eps_growth_year": null,
            "eps_4q": null,
            "eps_4q_growth_year": null,
            "roe": null,
            "roe_4q": 0,
            "gross_profit": null,
            "gross_margin": null,
            "gross_margin_4q_avg": 0,
            "net_income": null,
            "net_income_4q": null,
            "revenue": null,
            "revenue_4q": null,
            "common_shares": null,
            "book_valuer_per_share": null,
            "book_valuer_per_share_4q_avg": 0,
            "equity": null,
            "current_ratio": null,
            "debt_ratio": null,
            "inventory_turnover_ratio": null,
            "account_receivable_turnover_ratio": null,
            "reinvestment_rate": null,
            "research_to_sale_ratio": null,
            "price_fair": 0,
            "eps_avg_yearly": 0,
            "eps_latest_yearly": 0,
            "eps_growth_yearly": 0
        },
        "20123": {
            "year_quarter": 20123,
            "year": 2012,
            "quarter": 3,
            "eps": null,
            "eps_growth_year": null,
            "eps_4q": null,
            "eps_4q_growth_year": null,
            "roe": null,
            "roe_4q": 0,
            "gross_profit": null,
            "gross_margin": null,
            "gross_margin_4q_avg": 0,
            "net_income": null,
            "net_income_4q": null,
            "revenue": null,
            "revenue_4q": null,
            "common_shares": null,
            "book_valuer_per_share": null,
            "book_valuer_per_share_4q_avg": 0,
            "equity": null,
            "current_ratio": null,
            "debt_ratio": null,
            "inventory_turnover_ratio": null,
            "account_receivable_turnover_ratio": null,
            "reinvestment_rate": null,
            "research_to_sale_ratio": null,
            "price_fair": 0,
            "eps_avg_yearly": 0,
            "eps_latest_yearly": 0,
            "eps_growth_yearly": 0
        },
        "20124": {
            "year_quarter": 20124,
            "year": 2012,
            "quarter": 4,
            "eps": null,
            "eps_growth_year": null,
            "eps_4q": null,
            "eps_4q_growth_year": null,
            "roe": null,
            "roe_4q": 0,
            "gross_profit": null,
            "gross_margin": null,
            "gross_margin_4q_avg": 0,
            "net_income": null,
            "net_income_4q": null,
            "revenue": null,
            "revenue_4q": null,
            "common_shares": null,
            "book_valuer_per_share": null,
            "book_valuer_per_share_4q_avg": 0,
            "equity": null,
            "current_ratio": null,
            "debt_ratio": null,
            "inventory_turnover_ratio": null,
            "account_receivable_turnover_ratio": null,
            "reinvestment_rate": null,
            "research_to_sale_ratio": null,
            "price_fair": 0,
            "eps_avg_yearly": 0,
            "eps_latest_yearly": 0,
            "eps_growth_yearly": 0
        },
        "20131": {
            "year_quarter": 20131,
            "year": 2013,
            "quarter": 1,
            "eps": null,
            "eps_growth_year": null,
            "eps_4q": null,
            "eps_4q_growth_year": null,
            "roe": null,
            "roe_4q": 0,
            "gross_profit": null,
            "gross_margin": null,
            "gross_margin_4q_avg": 0,
            "net_income": null,
            "net_income_4q": null,
            "revenue": null,
            "revenue_4q": null,
            "common_shares": null,
            "book_valuer_per_share": null,
            "book_valuer_per_share_4q_avg": 0,
            "equity": null,
            "current_ratio": null,
            "debt_ratio": null,
            "inventory_turnover_ratio": null,
            "account_receivable_turnover_ratio": null,
            "reinvestment_rate": null,
            "research_to_sale_ratio": null,
            "price_fair": 0,
            "eps_avg_yearly": 0,
            "eps_latest_yearly": 0,
            "eps_growth_yearly": 0
        },
        "20132": {
            "year_quarter": 20132,
            "year": 2013,
            "quarter": 2,
            "eps": null,
            "eps_growth_year": null,
            "eps_4q": null,
            "eps_4q_growth_year": null,
            "roe": null,
            "roe_4q": 0,
            "gross_profit": null,
            "gross_margin": null,
            "gross_margin_4q_avg": 0,
            "net_income": null,
            "net_income_4q": null,
            "revenue": null,
            "revenue_4q": null,
            "common_shares": null,
            "book_valuer_per_share": null,
            "book_valuer_per_share_4q_avg": 0,
            "equity": null,
            "current_ratio": null,
            "debt_ratio": null,
            "inventory_turnover_ratio": null,
            "account_receivable_turnover_ratio": null,
            "reinvestment_rate": null,
            "research_to_sale_ratio": null,
            "price_fair": 0,
            "eps_avg_yearly": 0,
            "eps_latest_yearly": 0,
            "eps_growth_yearly": 0
        },
        "20133": {
            "year_quarter": 20133,
            "year": 2013,
            "quarter": 3,
            "eps": null,
            "eps_growth_year": null,
            "eps_4q": null,
            "eps_4q_growth_year": null,
            "roe": null,
            "roe_4q": 0,
            "gross_profit": null,
            "gross_margin": null,
            "gross_margin_4q_avg": 0,
            "net_income": null,
            "net_income_4q": null,
            "revenue": null,
            "revenue_4q": null,
            "common_shares": null,
            "book_valuer_per_share": null,
            "book_valuer_per_share_4q_avg": 0,
            "equity": null,
            "current_ratio": null,
            "debt_ratio": null,
            "inventory_turnover_ratio": null,
            "account_receivable_turnover_ratio": null,
            "reinvestment_rate": null,
            "research_to_sale_ratio": null,
            "price_fair": 0,
            "eps_avg_yearly": 0,
            "eps_latest_yearly": 0,
            "eps_growth_yearly": 0
        },
        "20134": {
            "year_quarter": 20134,
            "year": 2013,
            "quarter": 4,
            "eps": null,
            "eps_growth_year": null,
            "eps_4q": null,
            "eps_4q_growth_year": null,
            "roe": null,
            "roe_4q": 0,
            "gross_profit": null,
            "gross_margin": null,
            "gross_margin_4q_avg": 0,
            "net_income": null,
            "net_income_4q": null,
            "revenue": null,
            "revenue_4q": null,
            "common_shares": null,
            "book_valuer_per_share": null,
            "book_valuer_per_share_4q_avg": 0,
            "equity": null,
            "current_ratio": null,
            "debt_ratio": null,
            "inventory_turnover_ratio": null,
            "account_receivable_turnover_ratio": null,
            "reinvestment_rate": null,
            "research_to_sale_ratio": null,
            "price_fair": 0,
            "eps_avg_yearly": 0,
            "eps_latest_yearly": 0,
            "eps_growth_yearly": 0
        },
        "20141": {
            "year_quarter": 20141,
            "year": 2014,
            "quarter": 1,
            "eps": null,
            "eps_growth_year": null,
            "eps_4q": null,
            "eps_4q_growth_year": null,
            "roe": null,
            "roe_4q": 0,
            "gross_profit": null,
            "gross_margin": null,
            "gross_margin_4q_avg": 0,
            "net_income": null,
            "net_income_4q": null,
            "revenue": null,
            "revenue_4q": null,
            "common_shares": null,
            "book_valuer_per_share": null,
            "book_valuer_per_share_4q_avg": 0,
            "equity": null,
            "current_ratio": null,
            "debt_ratio": null,
            "inventory_turnover_ratio": null,
            "account_receivable_turnover_ratio": null,
            "reinvestment_rate": null,
            "research_to_sale_ratio": null,
            "price_fair": 0,
            "eps_avg_yearly": 0,
            "eps_latest_yearly": 0,
            "eps_growth_yearly": 0
        },
        "20142": {
            "year_quarter": 20142,
            "year": 2014,
            "quarter": 2,
            "eps": null,
            "eps_growth_year": null,
            "eps_4q": null,
            "eps_4q_growth_year": null,
            "roe": null,
            "roe_4q": 0,
            "gross_profit": null,
            "gross_margin": null,
            "gross_margin_4q_avg": 0,
            "net_income": null,
            "net_income_4q": null,
            "revenue": null,
            "revenue_4q": null,
            "common_shares": 265427,
            "book_valuer_per_share": null,
            "book_valuer_per_share_4q_avg": 0,
            "equity": 468192,
            "current_ratio": null,
            "debt_ratio": null,
            "inventory_turnover_ratio": null,
            "account_receivable_turnover_ratio": null,
            "reinvestment_rate": null,
            "research_to_sale_ratio": null,
            "price_fair": 0,
            "eps_avg_yearly": 0,
            "eps_latest_yearly": 0,
            "eps_growth_yearly": 0
        },
        "20143": {
            "year_quarter": 20143,
            "year": 2014,
            "quarter": 3,
            "eps": null,
            "eps_growth_year": null,
            "eps_4q": null,
            "eps_4q_growth_year": null,
            "roe": null,
            "roe_4q": 0,
            "gross_profit": null,
            "gross_margin": null,
            "gross_margin_4q_avg": 0,
            "net_income": null,
            "net_income_4q": null,
            "revenue": null,
            "revenue_4q": null,
            "common_shares": null,
            "book_valuer_per_share": null,
            "book_valuer_per_share_4q_avg": 0,
            "equity": null,
            "current_ratio": null,
            "debt_ratio": null,
            "inventory_turnover_ratio": null,
            "account_receivable_turnover_ratio": null,
            "reinvestment_rate": null,
            "research_to_sale_ratio": null,
            "price_fair": 0,
            "eps_avg_yearly": 0,
            "eps_latest_yearly": 0,
            "eps_growth_yearly": 0
        },
        "20144": {
            "year_quarter": 20144,
            "year": 2014,
            "quarter": 4,
            "eps": null,
            "eps_growth_year": null,
            "eps_4q": null,
            "eps_4q_growth_year": null,
            "roe": null,
            "roe_4q": 0,
            "gross_profit": null,
            "gross_margin": null,
            "gross_margin_4q_avg": 0,
            "net_income": null,
            "net_income_4q": null,
            "revenue": null,
            "revenue_4q": null,
            "common_shares": 265427,
            "book_valuer_per_share": null,
            "book_valuer_per_share_4q_avg": 0,
            "equity": 510780,
            "current_ratio": null,
            "debt_ratio": null,
            "inventory_turnover_ratio": null,
            "account_receivable_turnover_ratio": null,
            "reinvestment_rate": null,
            "research_to_sale_ratio": null,
            "price_fair": 0,
            "eps_avg_yearly": 0,
            "eps_latest_yearly": 0,
            "eps_growth_yearly": 0
        },
        "20151": {
            "year_quarter": 20151,
            "year": 2015,
            "quarter": 1,
            "eps": null,
            "eps_growth_year": null,
            "eps_4q": null,
            "eps_4q_growth_year": null,
            "roe": null,
            "roe_4q": 0,
            "gross_profit": null,
            "gross_margin": null,
            "gross_margin_4q_avg": 0,
            "net_income": null,
            "net_income_4q": null,
            "revenue": null,
            "revenue_4q": null,
            "common_shares": null,
            "book_valuer_per_share": null,
            "book_valuer_per_share_4q_avg": 0,
            "equity": null,
            "current_ratio": null,
            "debt_ratio": null,
            "inventory_turnover_ratio": null,
            "account_receivable_turnover_ratio": null,
            "reinvestment_rate": null,
            "research_to_sale_ratio": null,
            "price_fair": 0,
            "eps_avg_yearly": 0,
            "eps_latest_yearly": 0,
            "eps_growth_yearly": 0
        },
        "20152": {
            "year_quarter": 20152,
            "year": 2015,
            "quarter": 2,
            "eps": null,
            "eps_growth_year": null,
            "eps_4q": null,
            "eps_4q_growth_year": null,
            "roe": null,
            "roe_4q": 0,
            "gross_profit": null,
            "gross_margin": null,
            "gross_margin_4q_avg": 0,
            "net_income": null,
            "net_income_4q": null,
            "revenue": null,
            "revenue_4q": null,
            "common_shares": 265427,
            "book_valuer_per_share": 17.86,
            "book_valuer_per_share_4q_avg": 4.47,
            "equity": 495016,
            "current_ratio": 84.76,
            "debt_ratio": 62.37,
            "inventory_turnover_ratio": null,
            "account_receivable_turnover_ratio": null,
            "reinvestment_rate": null,
            "research_to_sale_ratio": null,
            "price_fair": 0,
            "eps_avg_yearly": 0,
            "eps_latest_yearly": 0,
            "eps_growth_yearly": 0
        },
        "20153": {
            "year_quarter": 20153,
            "year": 2015,
            "quarter": 3,
            "eps": null,
            "eps_growth_year": null,
            "eps_4q": null,
            "eps_4q_growth_year": null,
            "roe": null,
            "roe_4q": 0,
            "gross_profit": null,
            "gross_margin": null,
            "gross_margin_4q_avg": 0,
            "net_income": null,
            "net_income_4q": null,
            "revenue": null,
            "revenue_4q": null,
            "common_shares": null,
            "book_valuer_per_share": null,
            "book_valuer_per_share_4q_avg": 4.47,
            "equity": null,
            "current_ratio": null,
            "debt_ratio": null,
            "inventory_turnover_ratio": null,
            "account_receivable_turnover_ratio": null,
            "reinvestment_rate": null,
            "research_to_sale_ratio": null,
            "price_fair": 0,
            "eps_avg_yearly": 0,
            "eps_latest_yearly": 0,
            "eps_growth_yearly": 0
        },
        "20154": {
            "year_quarter": 20154,
            "year": 2015,
            "quarter": 4,
            "eps": null,
            "eps_growth_year": null,
            "eps_4q": null,
            "eps_4q_growth_year": null,
            "roe": null,
            "roe_4q": 0,
            "gross_profit": null,
            "gross_margin": null,
            "gross_margin_4q_avg": 0,
            "net_income": null,
            "net_income_4q": null,
            "revenue": null,
            "revenue_4q": null,
            "common_shares": 265427,
            "book_valuer_per_share": 20.06,
            "book_valuer_per_share_4q_avg": 9.48,
            "equity": 553779,
            "current_ratio": 88.3,
            "debt_ratio": 63.25,
            "inventory_turnover_ratio": null,
            "account_receivable_turnover_ratio": null,
            "reinvestment_rate": null,
            "research_to_sale_ratio": null,
            "price_fair": 0,
            "eps_avg_yearly": 0,
            "eps_latest_yearly": 0,
            "eps_growth_yearly": 0
        },
        "20161": {
            "year_quarter": 20161,
            "year": 2016,
            "quarter": 1,
            "eps": null,
            "eps_growth_year": null,
            "eps_4q": null,
            "eps_4q_growth_year": null,
            "roe": null,
            "roe_4q": 0,
            "gross_profit": null,
            "gross_margin": null,
            "gross_margin_4q_avg": 0,
            "net_income": null,
            "net_income_4q": null,
            "revenue": null,
            "revenue_4q": null,
            "common_shares": null,
            "book_valuer_per_share": null,
            "book_valuer_per_share_4q_avg": 9.48,
            "equity": null,
            "current_ratio": null,
            "debt_ratio": null,
            "inventory_turnover_ratio": null,
            "account_receivable_turnover_ratio": null,
            "reinvestment_rate": null,
            "research_to_sale_ratio": null,
            "price_fair": 0,
            "eps_avg_yearly": 0,
            "eps_latest_yearly": 0,
            "eps_growth_yearly": 0
        },
        "20162": {
            "year_quarter": 20162,
            "year": 2016,
            "quarter": 2,
            "eps": null,
            "eps_growth_year": null,
            "eps_4q": null,
            "eps_4q_growth_year": null,
            "roe": null,
            "roe_4q": 0,
            "gross_profit": null,
            "gross_margin": null,
            "gross_margin_4q_avg": 0,
            "net_income": null,
            "net_income_4q": null,
            "revenue": null,
            "revenue_4q": null,
            "common_shares": 300427,
            "book_valuer_per_share": 19.82,
            "book_valuer_per_share_4q_avg": 9.97,
            "equity": 616473,
            "current_ratio": 105.62,
            "debt_ratio": 58.93,
            "inventory_turnover_ratio": null,
            "account_receivable_turnover_ratio": null,
            "reinvestment_rate": null,
            "research_to_sale_ratio": null,
            "price_fair": 0,
            "eps_avg_yearly": 0,
            "eps_latest_yearly": 0,
            "eps_growth_yearly": 0
        },
        "20163": {
            "year_quarter": 20163,
            "year": 2016,
            "quarter": 3,
            "eps": null,
            "eps_growth_year": null,
            "eps_4q": null,
            "eps_4q_growth_year": null,
            "roe": null,
            "roe_4q": 0,
            "gross_profit": null,
            "gross_margin": null,
            "gross_margin_4q_avg": 0,
            "net_income": null,
            "net_income_4q": null,
            "revenue": null,
            "revenue_4q": null,
            "common_shares": null,
            "book_valuer_per_share": null,
            "book_valuer_per_share_4q_avg": 9.97,
            "equity": null,
            "current_ratio": null,
            "debt_ratio": null,
            "inventory_turnover_ratio": null,
            "account_receivable_turnover_ratio": null,
            "reinvestment_rate": null,
            "research_to_sale_ratio": null,
            "price_fair": 0,
            "eps_avg_yearly": 0,
            "eps_latest_yearly": 0,
            "eps_growth_yearly": 0
        },
        "20164": {
            "year_quarter": 20164,
            "year": 2016,
            "quarter": 4,
            "eps": null,
            "eps_growth_year": null,
            "eps_4q": null,
            "eps_4q_growth_year": null,
            "roe": null,
            "roe_4q": 0,
            "gross_profit": null,
            "gross_margin": null,
            "gross_margin_4q_avg": 0,
            "net_income": null,
            "net_income_4q": null,
            "revenue": null,
            "revenue_4q": null,
            "common_shares": 300427,
            "book_valuer_per_share": 23.3,
            "book_valuer_per_share_4q_avg": 10.78,
            "equity": 722902,
            "current_ratio": 109.24,
            "debt_ratio": 53.56,
            "inventory_turnover_ratio": null,
            "account_receivable_turnover_ratio": null,
            "reinvestment_rate": null,
            "research_to_sale_ratio": null,
            "price_fair": 0,
            "eps_avg_yearly": 0,
            "eps_latest_yearly": 0,
            "eps_growth_yearly": 0
        },
        "20171": {
            "year_quarter": 20171,
            "year": 2017,
            "quarter": 1,
            "eps": 1.09,
            "eps_growth_year": null,
            "eps_4q": null,
            "eps_4q_growth_year": null,
            "roe": 4.66,
            "roe_4q": 4.66,
            "gross_profit": 113979,
            "gross_margin": 19.65,
            "gross_margin_4q_avg": 4.91,
            "net_income": 34421,
            "net_income_4q": null,
            "revenue": 580117,
            "revenue_4q": null,
            "common_shares": 300427,
            "book_valuer_per_share": 24.35,
            "book_valuer_per_share_4q_avg": 16.87,
            "equity": 755966,
            "current_ratio": 119.05,
            "debt_ratio": 52.22,
            "inventory_turnover_ratio": 4.7,
            "account_receivable_turnover_ratio": 2.27,
            "reinvestment_rate": null,
            "research_to_sale_ratio": 0.65,
            "price_fair": 0,
            "eps_avg_yearly": 0,
            "eps_latest_yearly": 0,
            "eps_growth_yearly": 0
        },
        "20172": {
            "year_quarter": 20172,
            "year": 2017,
            "quarter": 2,
            "eps": 0.65,
            "eps_growth_year": null,
            "eps_4q": null,
            "eps_4q_growth_year": null,
            "roe": 3.05,
            "roe_4q": 7.71,
            "gross_profit": 48009,
            "gross_margin": 14.83,
            "gross_margin_4q_avg": 8.62,
            "net_income": 20638,
            "net_income_4q": null,
            "revenue": 323651,
            "revenue_4q": null,
            "common_shares": 300427,
            "book_valuer_per_share": 19.17,
            "book_valuer_per_share_4q_avg": 16.71,
            "equity": 597754,
            "current_ratio": 87.98,
            "debt_ratio": 53.87,
            "inventory_turnover_ratio": 3.48,
            "account_receivable_turnover_ratio": 1.59,
            "reinvestment_rate": null,
            "research_to_sale_ratio": 1.02,
            "price_fair": 7.8,
            "eps_avg_yearly": 2.6,
            "eps_latest_yearly": 2.6,
            "eps_growth_yearly": -161.47
        },
        "20173": {
            "year_quarter": 20173,
            "year": 2017,
            "quarter": 3,
            "eps": 0.33,
            "eps_growth_year": null,
            "eps_4q": null,
            "eps_4q_growth_year": null,
            "roe": 1.8,
            "roe_4q": 9.51,
            "gross_profit": 43801,
            "gross_margin": 18.69,
            "gross_margin_4q_avg": 13.29,
            "net_income": 10853,
            "net_income_4q": null,
            "revenue": 234328,
            "revenue_4q": null,
            "common_shares": 300427,
            "book_valuer_per_share": 19.51,
            "book_valuer_per_share_4q_avg": 21.58,
            "equity": 608717,
            "current_ratio": 91.44,
            "debt_ratio": 55.6,
            "inventory_turnover_ratio": 3.11,
            "account_receivable_turnover_ratio": 2.04,
            "reinvestment_rate": null,
            "research_to_sale_ratio": 1.39,
            "price_fair": 5.88,
            "eps_avg_yearly": 1.96,
            "eps_latest_yearly": 1.32,
            "eps_growth_yearly": -179.2
        },
        "20174": {
            "year_quarter": 20174,
            "year": 2017,
            "quarter": 4,
            "eps": 0.22,
            "eps_growth_year": null,
            "eps_4q": 2.11,
            "eps_4q_growth_year": null,
            "roe": 1.2,
            "roe_4q": 10.71,
            "gross_profit": 58038,
            "gross_margin": 17.04,
            "gross_margin_4q_avg": 17.55,
            "net_income": 8192,
            "net_income_4q": null,
            "revenue": 340583,
            "revenue_4q": null,
            "common_shares": 330427,
            "book_valuer_per_share": 22.17,
            "book_valuer_per_share_4q_avg": 21.3,
            "equity": 756076,
            "current_ratio": 110.21,
            "debt_ratio": 49.94,
            "inventory_turnover_ratio": 3.38,
            "account_receivable_turnover_ratio": 2.19,
            "reinvestment_rate": null,
            "research_to_sale_ratio": 1.21,
            "price_fair": 4.8,
            "eps_avg_yearly": 1.6,
            "eps_latest_yearly": 0.88,
            "eps_growth_yearly": -163.91
        },
        "20181": {
            "year_quarter": 20181,
            "year": 2018,
            "quarter": 1,
            "eps": 0.13,
            "eps_growth_year": -88.07,
            "eps_4q": 1.25,
            "eps_4q_growth_year": null,
            "roe": 0.67,
            "roe_4q": 6.72,
            "gross_profit": 52010,
            "gross_margin": 14.8,
            "gross_margin_4q_avg": 16.34,
            "net_income": 5055,
            "net_income_4q": null,
            "revenue": 351470,
            "revenue_4q": null,
            "common_shares": 330427,
            "book_valuer_per_share": 22.24,
            "book_valuer_per_share_4q_avg": 20.77,
            "equity": 758801,
            "current_ratio": 105.01,
            "debt_ratio": 48.04,
            "inventory_turnover_ratio": 3.43,
            "account_receivable_turnover_ratio": 1.98,
            "reinvestment_rate": null,
            "research_to_sale_ratio": 0.98,
            "price_fair": 3.99,
            "eps_avg_yearly": 1.33,
            "eps_latest_yearly": 0.52,
            "eps_growth_yearly": -163.84
        },
        "20182": {
            "year_quarter": 20182,
            "year": 2018,
            "quarter": 2,
            "eps": 1.06,
            "eps_growth_year": 62.1,
            "eps_4q": 1.71,
            "eps_4q_growth_year": null,
            "roe": 4.95,
            "roe_4q": 8.620000000000001,
            "gross_profit": 46128,
            "gross_margin": 14.69,
            "gross_margin_4q_avg": 16.31,
            "net_income": 36062,
            "net_income_4q": null,
            "revenue": 313951,
            "revenue_4q": null,
            "common_shares": 333202,
            "book_valuer_per_share": 20.28,
            "book_valuer_per_share_4q_avg": 21.05,
            "equity": 697630,
            "current_ratio": 93.97,
            "debt_ratio": 54.32,
            "inventory_turnover_ratio": 3.44,
            "account_receivable_turnover_ratio": 2.07,
            "reinvestment_rate": null,
            "research_to_sale_ratio": 1.58,
            "price_fair": 66.92,
            "eps_avg_yearly": 1.91,
            "eps_latest_yearly": 4.24,
            "eps_growth_yearly": 441.24
        },
        "20183": {
            "year_quarter": 20183,
            "year": 2018,
            "quarter": 3,
            "eps": 1.05,
            "eps_growth_year": 218.18,
            "eps_4q": 2.46,
            "eps_4q_growth_year": null,
            "roe": 4.96,
            "roe_4q": 11.78,
            "gross_profit": 74146,
            "gross_margin": 19.41,
            "gross_margin_4q_avg": 16.49,
            "net_income": 35521,
            "net_income_4q": null,
            "revenue": 381971,
            "revenue_4q": null,
            "common_shares": 333202,
            "book_valuer_per_share": 21.34,
            "book_valuer_per_share_4q_avg": 21.51,
            "equity": 733358,
            "current_ratio": 90.97,
            "debt_ratio": 52.49,
            "inventory_turnover_ratio": 3.29,
            "account_receivable_turnover_ratio": 2.47,
            "reinvestment_rate": null,
            "research_to_sale_ratio": 1.49,
            "price_fair": 80.27,
            "eps_avg_yearly": 2.29,
            "eps_latest_yearly": 4.2,
            "eps_growth_yearly": 367.07
        },
        "20184": {
            "year_quarter": 20184,
            "year": 2018,
            "quarter": 4,
            "eps": 1.17,
            "eps_growth_year": 424.84,
            "eps_4q": 3.41,
            "eps_4q_growth_year": 61.45,
            "roe": 5.32,
            "roe_4q": 15.9,
            "gross_profit": 82453,
            "gross_margin": 20.46,
            "gross_margin_4q_avg": 17.34,
            "net_income": 40100,
            "net_income_4q": null,
            "revenue": 403008,
            "revenue_4q": null,
            "common_shares": 333202,
            "book_valuer_per_share": 22.52,
            "book_valuer_per_share_4q_avg": 21.6,
            "equity": 774837,
            "current_ratio": 86.71,
            "debt_ratio": 48.36,
            "inventory_turnover_ratio": 3.23,
            "account_receivable_turnover_ratio": 2.24,
            "reinvestment_rate": null,
            "research_to_sale_ratio": 1.48,
            "price_fair": 92.2,
            "eps_avg_yearly": 2.63,
            "eps_latest_yearly": 4.68,
            "eps_growth_yearly": 321.16
        },
        "20191": {
            "year_quarter": 20191,
            "year": 2019,
            "quarter": 1,
            "eps": 0.61,
            "eps_growth_year": 369.23,
            "eps_4q": 3.87,
            "eps_4q_growth_year": 209.1,
            "roe": 2.75,
            "roe_4q": 17.98,
            "gross_profit": 56663,
            "gross_margin": 18.5,
            "gross_margin_4q_avg": 18.27,
            "net_income": 21704,
            "net_income_4q": null,
            "revenue": 306266,
            "revenue_4q": null,
            "common_shares": 335367,
            "book_valuer_per_share": 23.19,
            "book_valuer_per_share_4q_avg": 21.83,
            "equity": 802168,
            "current_ratio": 84.48,
            "debt_ratio": 48.17,
            "inventory_turnover_ratio": 2.93,
            "account_receivable_turnover_ratio": 1.78,
            "reinvestment_rate": null,
            "research_to_sale_ratio": 1.31,
            "price_fair": 91.35,
            "eps_avg_yearly": 2.61,
            "eps_latest_yearly": 2.44,
            "eps_growth_yearly": 257.08
        },
        "20192": {
            "year_quarter": 20192,
            "year": 2019,
            "quarter": 2,
            "eps": 0.62,
            "eps_growth_year": -41.51,
            "eps_4q": 3.44,
            "eps_4q_growth_year": 101.48,
            "roe": 2.87,
            "roe_4q": 15.900000000000002,
            "gross_profit": 57295,
            "gross_margin": 19.29,
            "gross_margin_4q_avg": 19.42,
            "net_income": 21689,
            "net_income_4q": null,
            "revenue": 296995,
            "revenue_4q": null,
            "common_shares": 335367,
            "book_valuer_per_share": 20.36,
            "book_valuer_per_share_4q_avg": 21.85,
            "equity": 706977,
            "current_ratio": 117.42,
            "debt_ratio": 54.36,
            "inventory_turnover_ratio": 3.2,
            "account_receivable_turnover_ratio": 2.12,
            "reinvestment_rate": null,
            "research_to_sale_ratio": 1.27,
            "price_fair": 90.84,
            "eps_avg_yearly": 2.6,
            "eps_latest_yearly": 2.48,
            "eps_growth_yearly": 229.25
        },
        "20193": {
            "year_quarter": 20193,
            "year": 2019,
            "quarter": 3,
            "eps": 0.74,
            "eps_growth_year": -29.52,
            "eps_4q": 3.13,
            "eps_4q_growth_year": 27.23,
            "roe": 3.56,
            "roe_4q": 14.5,
            "gross_profit": 62475,
            "gross_margin": 21.52,
            "gross_margin_4q_avg": 19.94,
            "net_income": 25627,
            "net_income_4q": null,
            "revenue": 290310,
            "revenue_4q": null,
            "common_shares": 335367,
            "book_valuer_per_share": 21.1,
            "book_valuer_per_share_4q_avg": 21.79,
            "equity": 732489,
            "current_ratio": 120.49,
            "debt_ratio": 53.09,
            "inventory_turnover_ratio": 2.88,
            "account_receivable_turnover_ratio": 2.13,
            "reinvestment_rate": null,
            "research_to_sale_ratio": 1.53,
            "price_fair": 92.12,
            "eps_avg_yearly": 2.63,
            "eps_latest_yearly": 2.96,
            "eps_growth_yearly": 214.06
        },
        "20194": {
            "year_quarter": 20194,
            "year": 2019,
            "quarter": 4,
            "eps": 1.08,
            "eps_growth_year": -7.8,
            "eps_4q": 3.05,
            "eps_4q_growth_year": -10.54,
            "roe": 5.47,
            "roe_4q": 14.649999999999999,
            "gross_profit": 75125,
            "gross_margin": 19.79,
            "gross_margin_4q_avg": 19.78,
            "net_income": 41154,
            "net_income_4q": null,
            "revenue": 379650,
            "revenue_4q": null,
            "common_shares": 335367,
            "book_valuer_per_share": 22.13,
            "book_valuer_per_share_4q_avg": 21.7,
            "equity": 772013,
            "current_ratio": 122.55,
            "debt_ratio": 52.06,
            "inventory_turnover_ratio": 3.06,
            "account_receivable_turnover_ratio": 2.23,
            "reinvestment_rate": null,
            "research_to_sale_ratio": 1.13,
            "price_fair": 97.49,
            "eps_avg_yearly": 2.79,
            "eps_latest_yearly": 4.32,
            "eps_growth_yearly": 211.31
        },
        "20201": {
            "year_quarter": 20201,
            "year": 2020,
            "quarter": 1,
            "eps": 0.95,
            "eps_growth_year": 55.74,
            "eps_4q": 3.39,
            "eps_4q_growth_year": -12.52,
            "roe": 4.28,
            "roe_4q": 16.18,
            "gross_profit": 75827,
            "gross_margin": 20.15,
            "gross_margin_4q_avg": 20.19,
            "net_income": 33670,
            "net_income_4q": null,
            "revenue": 376299,
            "revenue_4q": null,
            "common_shares": 335367,
            "book_valuer_per_share": 22.98,
            "book_valuer_per_share_4q_avg": 21.64,
            "equity": 802525,
            "current_ratio": 128.35,
            "debt_ratio": 51.02,
            "inventory_turnover_ratio": 2.66,
            "account_receivable_turnover_ratio": 2.13,
            "reinvestment_rate": null,
            "research_to_sale_ratio": 1.41,
            "price_fair": 100.45,
            "eps_avg_yearly": 2.87,
            "eps_latest_yearly": 3.8,
            "eps_growth_yearly": 189.69
        },
        "20202": {
            "year_quarter": 20202,
            "year": 2020,
            "quarter": 2,
            "eps": 1.14,
            "eps_growth_year": 83.87,
            "eps_4q": 3.9,
            "eps_4q_growth_year": 13.41,
            "roe": 5.14,
            "roe_4q": 18.45,
            "gross_profit": 84681,
            "gross_margin": 22.01,
            "gross_margin_4q_avg": 20.87,
            "net_income": 39116,
            "net_income_4q": null,
            "revenue": 384680,
            "revenue_4q": null,
            "common_shares": 335367,
            "book_valuer_per_share": 20.67,
            "book_valuer_per_share_4q_avg": 21.72,
            "equity": 718997,
            "current_ratio": 106.58,
            "debt_ratio": 56.02,
            "inventory_turnover_ratio": 2.33,
            "account_receivable_turnover_ratio": 2.33,
            "reinvestment_rate": null,
            "research_to_sale_ratio": 1.14,
            "price_fair": 105,
            "eps_avg_yearly": 3,
            "eps_latest_yearly": 4.56,
            "eps_growth_yearly": 181.25
        },
        "20203": {
            "year_quarter": 20203,
            "year": 2020,
            "quarter": 3,
            "eps": 0.72,
            "eps_growth_year": -2.7,
            "eps_4q": 3.88,
            "eps_4q_growth_year": 23.76,
            "roe": 3.52,
            "roe_4q": 18.41,
            "gross_profit": 74921,
            "gross_margin": 19.04,
            "gross_margin_4q_avg": 20.25,
            "net_income": 25751,
            "net_income_4q": null,
            "revenue": 393433,
            "revenue_4q": null,
            "common_shares": 335367,
            "book_valuer_per_share": 21.33,
            "book_valuer_per_share_4q_avg": 21.78,
            "equity": 742846,
            "current_ratio": 107.6,
            "debt_ratio": 55.31,
            "inventory_turnover_ratio": 2.48,
            "account_receivable_turnover_ratio": 2.36,
            "reinvestment_rate": null,
            "research_to_sale_ratio": 1.15,
            "price_fair": 104.7,
            "eps_avg_yearly": 2.99,
            "eps_latest_yearly": 2.88,
            "eps_growth_yearly": 157.78
        },
        "20204": {
            "year_quarter": 20204,
            "year": 2020,
            "quarter": 4,
            "eps": 2.83,
            "eps_growth_year": 162.5,
            "eps_4q": 5.63,
            "eps_4q_growth_year": 84.71,
            "roe": 12.2,
            "roe_4q": 25.14,
            "gross_profit": 73043,
            "gross_margin": 17.74,
            "gross_margin_4q_avg": 19.74,
            "net_income": 96482,
            "net_income_4q": null,
            "revenue": 411763,
            "revenue_4q": null,
            "common_shares": 335367,
            "book_valuer_per_share": 24.15,
            "book_valuer_per_share_4q_avg": 22.28,
            "equity": 838982,
            "current_ratio": 130.6,
            "debt_ratio": 41.23,
            "inventory_turnover_ratio": 2.71,
            "account_receivable_turnover_ratio": 2.13,
            "reinvestment_rate": -19.92,
            "research_to_sale_ratio": 1.25,
            "price_fair": 124.13,
            "eps_avg_yearly": 3.55,
            "eps_latest_yearly": 11.32,
            "eps_growth_yearly": 225.41
        },
        "20211": {
            "year_quarter": 20211,
            "year": 2021,
            "quarter": 1,
            "eps": 0.91,
            "eps_growth_year": -4.21,
            "eps_4q": 5.59,
            "eps_4q_growth_year": 65.16,
            "roe": 3.82,
            "roe_4q": 24.68,
            "gross_profit": 75481,
            "gross_margin": 20.38,
            "gross_margin_4q_avg": 19.79,
            "net_income": 32546,
            "net_income_4q": null,
            "revenue": 370288,
            "revenue_4q": null,
            "common_shares": 335367,
            "book_valuer_per_share": 24.82,
            "book_valuer_per_share_4q_avg": 22.74,
            "equity": 863491,
            "current_ratio": 156.76,
            "debt_ratio": 40.83,
            "inventory_turnover_ratio": 1.91,
            "account_receivable_turnover_ratio": 1.82,
            "reinvestment_rate": -26.02,
            "research_to_sale_ratio": 0.91,
            "price_fair": 124.34,
            "eps_avg_yearly": 3.55,
            "eps_latest_yearly": 3.64,
            "eps_growth_yearly": 194.36
        },
        "20212": {
            "year_quarter": 20212,
            "year": 2021,
            "quarter": 2,
            "eps": 0.88,
            "eps_growth_year": -22.81,
            "eps_4q": 5.33,
            "eps_4q_growth_year": 36.68,
            "roe": 3.75,
            "roe_4q": 23.29,
            "gross_profit": 66838,
            "gross_margin": 17.48,
            "gross_margin_4q_avg": 18.66,
            "net_income": 30375,
            "net_income_4q": null,
            "revenue": 382281,
            "revenue_4q": null,
            "common_shares": 335367,
            "book_valuer_per_share": 21.71,
            "book_valuer_per_share_4q_avg": 23,
            "equity": 756270,
            "current_ratio": 134.42,
            "debt_ratio": 48.32,
            "inventory_turnover_ratio": 1.75,
            "account_receivable_turnover_ratio": 2.05,
            "reinvestment_rate": -28.27,
            "research_to_sale_ratio": 0.96,
            "price_fair": 126.35,
            "eps_avg_yearly": 3.61,
            "eps_latest_yearly": 3.52,
            "eps_growth_yearly": 203.63
        },
        "20213": {
            "year_quarter": 20213,
            "year": 2021,
            "quarter": 3,
            "eps": 0.93,
            "eps_growth_year": 29.17,
            "eps_4q": 5.54,
            "eps_4q_growth_year": 42.9,
            "roe": 4.17,
            "roe_4q": 23.939999999999998,
            "gross_profit": 71952,
            "gross_margin": 16.97,
            "gross_margin_4q_avg": 18.14,
            "net_income": 32128,
            "net_income_4q": null,
            "revenue": 424080,
            "revenue_4q": null,
            "common_shares": 335367,
            "book_valuer_per_share": 22.61,
            "book_valuer_per_share_4q_avg": 23.32,
            "equity": 785930,
            "current_ratio": 137.76,
            "debt_ratio": 46.91,
            "inventory_turnover_ratio": 1.84,
            "account_receivable_turnover_ratio": 1.94,
            "reinvestment_rate": -28.54,
            "research_to_sale_ratio": 0.79,
            "price_fair": 131.6,
            "eps_avg_yearly": 3.76,
            "eps_latest_yearly": 3.72,
            "eps_growth_yearly": 217.36
        },
        "20214": {
            "year_quarter": 20214,
            "year": 2021,
            "quarter": 4,
            "eps": 1.02,
            "eps_growth_year": -64.06,
            "eps_4q": 3.73,
            "eps_4q_growth_year": -33.75,
            "roe": 4.37,
            "roe_4q": 16.11,
            "gross_profit": 87656,
            "gross_margin": 18.6,
            "gross_margin_4q_avg": 18.36,
            "net_income": 35067,
            "net_income_4q": null,
            "revenue": 471159,
            "revenue_4q": null,
            "common_shares": 335367,
            "book_valuer_per_share": 23.61,
            "book_valuer_per_share_4q_avg": 23.19,
            "equity": 820236,
            "current_ratio": 138.99,
            "debt_ratio": 46.54,
            "inventory_turnover_ratio": 1.88,
            "account_receivable_turnover_ratio": 1.78,
            "reinvestment_rate": -29.57,
            "research_to_sale_ratio": 0.91,
            "price_fair": 138.6,
            "eps_avg_yearly": 3.96,
            "eps_latest_yearly": 4.08,
            "eps_growth_yearly": 228.11
        },
        "20221": {
            "year_quarter": 20221,
            "year": 2022,
            "quarter": 1,
            "eps": 1.85,
            "eps_growth_year": 103.3,
            "eps_4q": 4.67,
            "eps_4q_growth_year": -16.48,
            "roe": 7.44,
            "roe_4q": 19.73,
            "gross_profit": 79011,
            "gross_margin": 15.89,
            "gross_margin_4q_avg": 17.24,
            "net_income": 63111,
            "net_income_4q": null,
            "revenue": 497380,
            "revenue_4q": null,
            "common_shares": 335367,
            "book_valuer_per_share": 25.25,
            "book_valuer_per_share_4q_avg": 23.3,
            "equity": 876204,
            "current_ratio": 147.13,
            "debt_ratio": 44.64,
            "inventory_turnover_ratio": 2.23,
            "account_receivable_turnover_ratio": 1.62,
            "reinvestment_rate": -25.91,
            "research_to_sale_ratio": 0.75,
            "price_fair": 153.65,
            "eps_avg_yearly": 4.39,
            "eps_latest_yearly": 7.4,
            "eps_growth_yearly": 258.68
        },
        "20222": {
            "year_quarter": 20222,
            "year": 2022,
            "quarter": 2,
            "eps": 2.36,
            "eps_growth_year": 168.18,
            "eps_4q": 6.15,
            "eps_4q_growth_year": 15.33,
            "roe": 9.48,
            "roe_4q": 25.46,
            "gross_profit": 97089,
            "gross_margin": 19.9,
            "gross_margin_4q_avg": 17.84,
            "net_income": 80703,
            "net_income_4q": null,
            "revenue": 487938,
            "revenue_4q": null,
            "common_shares": 335367,
            "book_valuer_per_share": 23.87,
            "book_valuer_per_share_4q_avg": 23.84,
            "equity": 826787,
            "current_ratio": 129.63,
            "debt_ratio": 49.75,
            "inventory_turnover_ratio": 2.25,
            "account_receivable_turnover_ratio": 1.49,
            "reinvestment_rate": -26.73,
            "research_to_sale_ratio": 0.75,
            "price_fair": 165.03,
            "eps_avg_yearly": 4.72,
            "eps_latest_yearly": 9.44,
            "eps_growth_yearly": 86.72
        },
        "20223": {
            "year_quarter": 20223,
            "year": 2022,
            "quarter": 3,
            "eps": 1.9,
            "eps_growth_year": 104.3,
            "eps_4q": 7.12,
            "eps_4q_growth_year": 28.47,
            "roe": 7.53,
            "roe_4q": 28.820000000000004,
            "gross_profit": 72656,
            "gross_margin": 18.61,
            "gross_margin_4q_avg": 18.25,
            "net_income": 64633,
            "net_income_4q": null,
            "revenue": 390457,
            "revenue_4q": null,
            "common_shares": 335367,
            "book_valuer_per_share": 25.73,
            "book_valuer_per_share_4q_avg": 24.62,
            "equity": 890063,
            "current_ratio": 145.68,
            "debt_ratio": 43.23,
            "inventory_turnover_ratio": 1.64,
            "account_receivable_turnover_ratio": 1.46,
            "reinvestment_rate": -27.68,
            "research_to_sale_ratio": 0.99,
            "price_fair": 172.46,
            "eps_avg_yearly": 4.93,
            "eps_latest_yearly": 7.6,
            "eps_growth_yearly": 82.09
        },
        "20224": {
            "year_quarter": 20224,
            "year": 2022,
            "quarter": 4,
            "eps": 0.43,
            "eps_growth_year": -57.87,
            "eps_4q": 6.53,
            "eps_4q_growth_year": 75.12,
            "roe": 1.68,
            "roe_4q": 26.130000000000003,
            "gross_profit": 65248,
            "gross_margin": 19.97,
            "gross_margin_4q_avg": 18.59,
            "net_income": 15123,
            "net_income_4q": null,
            "revenue": 326715,
            "revenue_4q": null,
            "common_shares": 335367,
            "book_valuer_per_share": 26.33,
            "book_valuer_per_share_4q_avg": 25.3,
            "equity": 911128,
            "current_ratio": 185.27,
            "debt_ratio": 40.22,
            "inventory_turnover_ratio": 1.29,
            "account_receivable_turnover_ratio": 1.73,
            "reinvestment_rate": -46.23,
            "research_to_sale_ratio": 2.26,
            "price_fair": 165.99,
            "eps_avg_yearly": 4.74,
            "eps_latest_yearly": 1.72,
            "eps_growth_yearly": 59.89
        },
        "20231": {
            "year_quarter": 20231,
            "year": 2023,
            "quarter": 1,
            "eps": 0.67,
            "eps_growth_year": -63.78,
            "eps_4q": 5.35,
            "eps_4q_growth_year": 14.58,
            "roe": 2.47,
            "roe_4q": 21.16,
            "gross_profit": 60251,
            "gross_margin": 19.29,
            "gross_margin_4q_avg": 19.44,
            "net_income": 22795,
            "net_income_4q": null,
            "revenue": 312422,
            "revenue_4q": null,
            "common_shares": 335367,
            "book_valuer_per_share": 27.03,
            "book_valuer_per_share_4q_avg": 25.74,
            "equity": 935536,
            "current_ratio": 192.43,
            "debt_ratio": 38.24,
            "inventory_turnover_ratio": 1.39,
            "account_receivable_turnover_ratio": 1.9,
            "reinvestment_rate": -55.02,
            "research_to_sale_ratio": 1.12,
            "price_fair": 166.51,
            "eps_avg_yearly": 4.76,
            "eps_latest_yearly": 2.68,
            "eps_growth_yearly": 85.81
        },
        "20232": {
            "year_quarter": 20232,
            "year": 2023,
            "quarter": 2,
            "eps": 1.47,
            "eps_growth_year": -37.71,
            "eps_4q": 4.46,
            "eps_4q_growth_year": -27.47,
            "roe": 5.6,
            "roe_4q": 17.28,
            "gross_profit": 74395,
            "gross_margin": 22.22,
            "gross_margin_4q_avg": 20.02,
            "net_income": 49496,
            "net_income_4q": null,
            "revenue": 334811,
            "revenue_4q": null,
            "common_shares": 335367,
            "book_valuer_per_share": 24.08,
            "book_valuer_per_share_4q_avg": 25.79,
            "equity": 833238,
            "current_ratio": 145.82,
            "debt_ratio": 46.43,
            "inventory_turnover_ratio": 1.72,
            "account_receivable_turnover_ratio": 2.13,
            "reinvestment_rate": -3.79,
            "research_to_sale_ratio": 1.11,
            "price_fair": 173.95,
            "eps_avg_yearly": 4.97,
            "eps_latest_yearly": 5.88,
            "eps_growth_yearly": 115.25
        },
        "20233": {
            "year_quarter": 20233,
            "year": 2023,
            "quarter": 3,
            "eps": 1.61,
            "eps_growth_year": -15.26,
            "eps_4q": 4.17,
            "eps_4q_growth_year": -41.39,
            "roe": 6.18,
            "roe_4q": 15.93,
            "gross_profit": 84937,
            "gross_margin": 24.64,
            "gross_margin_4q_avg": 21.53,
            "net_income": 53421,
            "net_income_4q": null,
            "revenue": 344756,
            "revenue_4q": null,
            "common_shares": 335367,
            "book_valuer_per_share": 25.66,
            "book_valuer_per_share_4q_avg": 25.78,
            "equity": 894835,
            "current_ratio": 145.53,
            "debt_ratio": 47.21,
            "inventory_turnover_ratio": 1.57,
            "account_receivable_turnover_ratio": 1.94,
            "reinvestment_rate": -3.41,
            "research_to_sale_ratio": 1.18,
            "price_fair": 181.56,
            "eps_avg_yearly": 5.19,
            "eps_latest_yearly": 6.44,
            "eps_growth_yearly": 112.79
        },
        "20234": {
            "year_quarter": 20234,
            "year": 2023,
            "quarter": 4,
            "eps": 0.97,
            "eps_growth_year": 126.01,
            "eps_4q": 4.71,
            "eps_4q_growth_year": -27.84,
            "roe": 3.58,
            "roe_4q": 17.83,
            "gross_profit": 115095,
            "gross_margin": 26.17,
            "gross_margin_4q_avg": 23.08,
            "net_income": 32759,
            "net_income_4q": null,
            "revenue": 439850,
            "revenue_4q": null,
            "common_shares": 335367,
            "book_valuer_per_share": 26.77,
            "book_valuer_per_share_4q_avg": 25.89,
            "equity": 932768,
            "current_ratio": 155.83,
            "debt_ratio": 46.11,
            "inventory_turnover_ratio": 1.71,
            "account_receivable_turnover_ratio": 2.11,
            "reinvestment_rate": -3.67,
            "research_to_sale_ratio": 1.56,
            "price_fair": 180.6,
            "eps_avg_yearly": 5.16,
            "eps_latest_yearly": 3.88,
            "eps_growth_yearly": 91.37
        }
    },
    "months": {
        "2016-06": {
            "month": "2016-06",
            "price": "53.30",
            "revenue": 102124
        },
        "2016-07": {
            "month": "2016-07",
            "price": "48.63",
            "revenue": 112413
        },
        "2016-08": {
            "month": "2016-08",
            "price": "51.35",
            "revenue": 208855
        },
        "2016-09": {
            "month": "2016-09",
            "price": "59.42",
            "revenue": 175205
        },
        "2016-10": {
            "month": "2016-10",
            "price": "63.72",
            "revenue": 190601
        },
        "2016-11": {
            "month": "2016-11",
            "price": "59.73",
            "revenue": 204641
        },
        "2016-12": {
            "month": "2016-12",
            "price": "60.82",
            "revenue": 170299
        },
        "2017-01": {
            "month": "2017-01",
            "price": "60.36",
            "revenue": 167900
        },
        "2017-02": {
            "month": "2017-02",
            "price": "60.87",
            "revenue": 161070
        },
        "2017-03": {
            "month": "2017-03",
            "price": "77.64",
            "revenue": 251146
        },
        "2017-04": {
            "month": "2017-04",
            "price": "83.38",
            "revenue": 143880
        },
        "2017-05": {
            "month": "2017-05",
            "price": "82.28",
            "revenue": 94404
        },
        "2017-06": {
            "month": "2017-06",
            "price": "77.10",
            "revenue": 85368
        },
        "2017-07": {
            "month": "2017-07",
            "price": "69.23",
            "revenue": 74848
        },
        "2017-08": {
            "month": "2017-08",
            "price": "63.90",
            "revenue": 79681
        },
        "2017-09": {
            "month": "2017-09",
            "price": "53.09",
            "revenue": 79799
        },
        "2017-10": {
            "month": "2017-10",
            "price": "53.51",
            "revenue": 88029
        },
        "2017-11": {
            "month": "2017-11",
            "price": "52.60",
            "revenue": 131104
        },
        "2017-12": {
            "month": "2017-12",
            "price": "43.75",
            "revenue": 121450
        },
        "2018-01": {
            "month": "2018-01",
            "price": "40.01",
            "revenue": 146945
        },
        "2018-02": {
            "month": "2018-02",
            "price": "38.25",
            "revenue": 75660
        },
        "2018-03": {
            "month": "2018-03",
            "price": "39.28",
            "revenue": 128870
        },
        "2018-04": {
            "month": "2018-04",
            "price": "38.89",
            "revenue": 94610
        },
        "2018-05": {
            "month": "2018-05",
            "price": "37.91",
            "revenue": 105878
        },
        "2018-06": {
            "month": "2018-06",
            "price": "39.01",
            "revenue": 113459
        },
        "2018-07": {
            "month": "2018-07",
            "price": "37.57",
            "revenue": 138553
        },
        "2018-08": {
            "month": "2018-08",
            "price": "39.40",
            "revenue": 119168
        },
        "2018-09": {
            "month": "2018-09",
            "price": "39.47",
            "revenue": 124249
        },
        "2018-10": {
            "month": "2018-10",
            "price": "38.66",
            "revenue": 141430
        },
        "2018-11": {
            "month": "2018-11",
            "price": "39.23",
            "revenue": 127114
        },
        "2018-12": {
            "month": "2018-12",
            "price": "39.72",
            "revenue": 134464
        },
        "2019-01": {
            "month": "2019-01",
            "price": "40.85",
            "revenue": 135730
        },
        "2019-02": {
            "month": "2019-02",
            "price": "41.09",
            "revenue": 71524
        },
        "2019-03": {
            "month": "2019-03",
            "price": "47.69",
            "revenue": 99013
        },
        "2019-04": {
            "month": "2019-04",
            "price": "49.19",
            "revenue": 96640
        },
        "2019-05": {
            "month": "2019-05",
            "price": "48.68",
            "revenue": 109266
        },
        "2019-06": {
            "month": "2019-06",
            "price": "47.96",
            "revenue": 91088
        },
        "2019-07": {
            "month": "2019-07",
            "price": "45.13",
            "revenue": 96004
        },
        "2019-08": {
            "month": "2019-08",
            "price": "44.61",
            "revenue": 94491
        },
        "2019-09": {
            "month": "2019-09",
            "price": "43.66",
            "revenue": 99815
        },
        "2019-10": {
            "month": "2019-10",
            "price": "42.65",
            "revenue": 94038
        },
        "2019-11": {
            "month": "2019-11",
            "price": "44.62",
            "revenue": 125249
        },
        "2019-12": {
            "month": "2019-12",
            "price": "46.20",
            "revenue": 160363
        },
        "2020-01": {
            "month": "2020-01",
            "price": "45.56",
            "revenue": 119755
        },
        "2020-02": {
            "month": "2020-02",
            "price": "44.53",
            "revenue": 117994
        },
        "2020-03": {
            "month": "2020-03",
            "price": "43.68",
            "revenue": 138552
        },
        "2020-04": {
            "month": "2020-04",
            "price": "44.51",
            "revenue": 123832
        },
        "2020-05": {
            "month": "2020-05",
            "price": "51.34",
            "revenue": 136592
        },
        "2020-06": {
            "month": "2020-06",
            "price": "55.08",
            "revenue": 124275
        },
        "2020-07": {
            "month": "2020-07",
            "price": "51.70",
            "revenue": 144796
        },
        "2020-08": {
            "month": "2020-08",
            "price": "53.57",
            "revenue": 124550
        },
        "2020-09": {
            "month": "2020-09",
            "price": "54.40",
            "revenue": 124068
        },
        "2020-10": {
            "month": "2020-10",
            "price": "53.56",
            "revenue": 115918
        },
        "2020-11": {
            "month": "2020-11",
            "price": "52.88",
            "revenue": 128624
        },
        "2020-12": {
            "month": "2020-12",
            "price": "51.82",
            "revenue": 167211
        },
        "2021-01": {
            "month": "2021-01",
            "price": "51.92",
            "revenue": 156861
        },
        "2021-02": {
            "month": "2021-02",
            "price": "53.16",
            "revenue": 90609
        },
        "2021-03": {
            "month": "2021-03",
            "price": "56.55",
            "revenue": 122819
        },
        "2021-04": {
            "month": "2021-04",
            "price": "56.33",
            "revenue": 107006
        },
        "2021-05": {
            "month": "2021-05",
            "price": "55.38",
            "revenue": 132518
        },
        "2021-06": {
            "month": "2021-06",
            "price": "52.75",
            "revenue": 142767
        },
        "2021-07": {
            "month": "2021-07",
            "price": "51.52",
            "revenue": 170328
        },
        "2021-08": {
            "month": "2021-08",
            "price": "50.56",
            "revenue": 127622
        },
        "2021-09": {
            "month": "2021-09",
            "price": "50.93",
            "revenue": 126133
        },
        "2021-10": {
            "month": "2021-10",
            "price": "50.84",
            "revenue": 133783
        },
        "2021-11": {
            "month": "2021-11",
            "price": "51.76",
            "revenue": 166673
        },
        "2021-12": {
            "month": "2021-12",
            "price": "51.97",
            "revenue": 170691
        },
        "2022-01": {
            "month": "2022-01",
            "price": "51.81",
            "revenue": 179386
        },
        "2022-02": {
            "month": "2022-02",
            "price": "52.07",
            "revenue": 119349
        },
        "2022-03": {
            "month": "2022-03",
            "price": "52.77",
            "revenue": 198645
        },
        "2022-04": {
            "month": "2022-04",
            "price": "52.93",
            "revenue": 166996
        },
        "2022-05": {
            "month": "2022-05",
            "price": "52.94",
            "revenue": 154998
        },
        "2022-06": {
            "month": "2022-06",
            "price": "52.31",
            "revenue": 165944
        },
        "2022-07": {
            "month": "2022-07",
            "price": "50.30",
            "revenue": 128773
        },
        "2022-08": {
            "month": "2022-08",
            "price": "52.38",
            "revenue": 132940
        },
        "2022-09": {
            "month": "2022-09",
            "price": "54.06",
            "revenue": 128764
        },
        "2022-10": {
            "month": "2022-10",
            "price": "53.59",
            "revenue": 104017
        },
        "2022-11": {
            "month": "2022-11",
            "price": "54.57",
            "revenue": 119261
        },
        "2022-12": {
            "month": "2022-12",
            "price": "54.65",
            "revenue": 103427
        },
        "2023-01": {
            "month": "2023-01",
            "price": "55.12",
            "revenue": 84345
        },
        "2023-02": {
            "month": "2023-02",
            "price": "56.29",
            "revenue": 93670
        },
        "2023-03": {
            "month": "2023-03",
            "price": "57.29",
            "revenue": 134420
        },
        "2023-04": {
            "month": "2023-04",
            "price": "57.91",
            "revenue": 96905
        },
        "2023-05": {
            "month": "2023-05",
            "price": "57.66",
            "revenue": 108772
        },
        "2023-06": {
            "month": "2023-06",
            "price": "57.33",
            "revenue": 129135
        },
        "2023-07": {
            "month": "2023-07",
            "price": "55.99",
            "revenue": 103788
        },
        "2023-08": {
            "month": "2023-08",
            "price": "58.10",
            "revenue": 127388
        },
        "2023-09": {
            "month": "2023-09",
            "price": "59.94",
            "revenue": 113606
        },
        "2023-10": {
            "month": "2023-10",
            "price": "60.18",
            "revenue": 133837
        },
        "2023-11": {
            "month": "2023-11",
            "price": "61.20",
            "revenue": 149491
        },
        "2023-12": {
            "month": "2023-12",
            "price": "65.47",
            "revenue": 156681
        },
        "2024-01": {
            "month": "2024-01",
            "price": "69.33",
            "revenue": 131789
        },
        "2024-02": {
            "month": "2024-02",
            "price": "68.05",
            "revenue": 121267
        }
    }
}
