{
    "summary": {
        "stock_name": "恒耀",
        "stock_id": "8349",
        "category": "鋼鐵",
        "main_business": "國際貿易業。<br>螺絲、螺帽、螺絲釘及鉚釘等製品製造業。<br>熱處理業。",
        "website_url": "http://www.qst.com.tw",
        "ceo": "吳健序",
        "pe_ratio": 23,
        "report_year_from": 2001,
        "report_year_to": 2023,
        "age": 23,
        "eps_negative_percentage": 5,
        "eps_growth_avg": {
            "last_all": 0.42,
            "last_2y": 2,
            "last_4y": -7.51,
            "last_8y": 2.31,
            "last_12y": 9.61,
            "last_16y": -3.83,
            "last_20y": null,
            "at_2006_last_3y": null,
            "at_2007_last_3y": null,
            "at_2008_last_3y": -4.34,
            "at_2009_last_3y": -48.75,
            "at_2010_last_3y": -62.09,
            "at_2011_last_3y": -26.54,
            "at_2012_last_3y": -20.27,
            "at_2013_last_3y": 29.24,
            "at_2014_last_3y": 26.02,
            "at_2015_last_3y": 29.49,
            "at_2016_last_3y": 29.77,
            "at_2017_last_3y": 24.12,
            "at_2018_last_3y": 14.6,
            "at_2019_last_3y": -13.73,
            "at_2020_last_3y": -9.84,
            "at_2021_last_3y": -11.27,
            "at_2022_last_3y": 5.97,
            "at_2023_last_3y": 5.67,
            "at_2024_last_3y": 5.67,
            "at_2006_last_all": 34.45,
            "at_2007_last_all": 0.49,
            "at_2008_last_all": -4.34,
            "at_2009_last_all": -23.47,
            "at_2010_last_all": -23.47,
            "at_2011_last_all": -13.03,
            "at_2012_last_all": -11.17,
            "at_2013_last_all": -3.7,
            "at_2014_last_all": -1.48,
            "at_2015_last_all": 3.98,
            "at_2016_last_all": 3.72,
            "at_2017_last_all": 5.57,
            "at_2018_last_all": 3.47,
            "at_2019_last_all": -1.08,
            "at_2020_last_all": 0.1,
            "at_2021_last_all": 1.36,
            "at_2022_last_all": 4.06,
            "at_2023_last_all": 0.42,
            "at_2024_last_all": 0.42
        },
        "latest_eps": 2.66,
        "latest_price": 61.2,
        "latest_roe": 6.68,
        "latest_gross_margin": 17.51,
        "latest_equity": 6312927,
        "latest_revenue": 3122034,
        "latest_gross_profit": 546816,
        "latest_net_income": 130672,
        "latest_debt_ratio": 66.83,
        "latest_current_ratio": 124.64,
        "latest_account_receivable_turnover_ratio": 1.1,
        "latest_inventory_turnover_ratio": 0.59,
        "latest_reinvestment_rate": 65.1,
        "latest_research_to_sale_ratio": 0.27
    },
    "eps_dividends": {
        "2001": {
            "cash": 0,
            "stock": 0,
            "eps": 0
        },
        "2002": {
            "cash": 0,
            "stock": 0,
            "eps": 0
        },
        "2003": {
            "cash": 0,
            "stock": 1.5,
            "eps": 0
        },
        "2004": {
            "cash": 0,
            "stock": 0,
            "eps": 1.61
        },
        "2005": {
            "cash": 0,
            "stock": 1,
            "eps": 2.86
        },
        "2006": {
            "cash": 1.2,
            "stock": 0.5,
            "eps": 2.61
        },
        "2007": {
            "cash": 0.5,
            "stock": 1,
            "eps": 0.85
        },
        "2008": {
            "cash": 0.3,
            "stock": 0.3,
            "eps": 0.69
        },
        "2009": {
            "cash": 0.15,
            "stock": 0.35,
            "eps": -0.55
        },
        "2010": {
            "cash": 0,
            "stock": 0.4,
            "eps": 1.48
        },
        "2011": {
            "cash": 1.3,
            "stock": 0,
            "eps": 2.06
        },
        "2012": {
            "cash": 1.29,
            "stock": 0.5,
            "eps": 2.06
        },
        "2013": {
            "cash": 0.71,
            "stock": 0,
            "eps": 3.06
        },
        "2014": {
            "cash": 2.5,
            "stock": 0,
            "eps": 3.56
        },
        "2015": {
            "cash": 4,
            "stock": 0,
            "eps": 5.45
        },
        "2016": {
            "cash": 4,
            "stock": 0,
            "eps": 5.51
        },
        "2017": {
            "cash": 5.1,
            "stock": 0,
            "eps": 6.94
        },
        "2018": {
            "cash": 5.6,
            "stock": 0,
            "eps": 5.43
        },
        "2019": {
            "cash": 4.66,
            "stock": 0,
            "eps": 2.16
        },
        "2020": {
            "cash": 2,
            "stock": 0,
            "eps": 2.52
        },
        "2021": {
            "cash": 2.12,
            "stock": 0,
            "eps": 3.03
        },
        "2022": {
            "cash": 1.2,
            "stock": 1,
            "eps": 4.46
        },
        "2023": {
            "cash": 2,
            "stock": 1,
            "eps": 1.72
        }
    },
    "dividends": {
        "2003-06-17": {
            "cash": 0,
            "stock": 1.5
        },
        "2005-03-08": {
            "cash": 0,
            "stock": 1
        },
        "2006-04-11": {
            "cash": 1.2,
            "stock": 0.5
        },
        "2007-04-04": {
            "cash": 0.5,
            "stock": 1
        },
        "2008-04-03": {
            "cash": 0.3,
            "stock": 0.3
        },
        "2009-04-06": {
            "cash": 0.15,
            "stock": 0.35
        },
        "2010-04-06": {
            "cash": 0,
            "stock": 0.4
        },
        "2011-04-01": {
            "cash": 1.3,
            "stock": 0
        },
        "2012-06-28": {
            "cash": 1.29,
            "stock": 0.5
        },
        "2013-06-24": {
            "cash": 0.71,
            "stock": 0
        },
        "2014-08-29": {
            "cash": 2.5,
            "stock": 0
        },
        "2015-09-11": {
            "cash": 4,
            "stock": 0
        },
        "2016-10-07": {
            "cash": 4,
            "stock": 0
        },
        "2017-03-22": {
            "cash": 5.1,
            "stock": 0
        },
        "2018-08-15": {
            "cash": 5.6,
            "stock": 0
        },
        "2019-03-20": {
            "cash": 4.66,
            "stock": 0
        },
        "2020-08-06": {
            "cash": 2,
            "stock": 0
        },
        "2021-08-17": {
            "cash": 2.12,
            "stock": 0
        },
        "2022-08-08": {
            "cash": 1.2,
            "stock": 1
        },
        "2023-08-17": {
            "cash": 2,
            "stock": 1
        }
    },
    "prices": {
        "200101": "無",
        "200102": "無",
        "200103": "無",
        "200104": "無",
        "200105": "無",
        "200106": "無",
        "200107": "無",
        "200108": "無",
        "200109": "無",
        "200110": "無",
        "200111": "無",
        "200112": "無",
        "200201": "無",
        "200202": "無",
        "200203": "無",
        "200204": "無",
        "200205": "無",
        "200206": "無",
        "200207": "無",
        "200208": "無",
        "200209": "無",
        "200210": "無",
        "200211": "無",
        "200212": "無",
        "200301": "無",
        "200302": "無",
        "200303": "無",
        "200304": "無",
        "200305": "無",
        "200306": "無",
        "200307": "無",
        "200308": "無",
        "200309": "無",
        "200310": "無",
        "200311": "無",
        "200312": "無",
        "200401": "無",
        "200402": "無",
        "200403": "無",
        "200404": "無",
        "200405": "無",
        "200406": "無",
        "200407": "無",
        "200408": "無",
        "200409": "無",
        "200410": "無",
        "200411": "18.30",
        "200412": "18.06",
        "200501": "無",
        "200502": "無",
        "200503": "18.46",
        "200504": "19.85",
        "200505": "20.43",
        "200506": "19.97",
        "200507": "19.25",
        "200508": "18.60",
        "200509": "18.27",
        "200510": "18.00",
        "200511": "17.66",
        "200512": "18.56",
        "200601": "20.12",
        "200602": "19.42",
        "200603": "16.51",
        "200604": "19.08",
        "200605": "29.54",
        "200606": "22.46",
        "200607": "23.42",
        "200608": "23.19",
        "200609": "25.12",
        "200610": "27.12",
        "200611": "28.78",
        "200612": "29.96",
        "200701": "29.89",
        "200702": "28.55",
        "200703": "29.30",
        "200704": "31.64",
        "200705": "30.16",
        "200706": "29.80",
        "200707": "32.97",
        "200708": "28.25",
        "200709": "25.18",
        "200710": "22.94",
        "200711": "19.73",
        "200712": "20.40",
        "200801": "20.70",
        "200802": "20.57",
        "200803": "20.82",
        "200804": "21.62",
        "200805": "22.18",
        "200806": "19.98",
        "200807": "18.33",
        "200808": "18.96",
        "200809": "18.88",
        "200810": "18.07",
        "200811": "17.60",
        "200812": "17.57",
        "200901": "18.39",
        "200902": "17.75",
        "200903": "17.28",
        "200904": "17.03",
        "200905": "17.01",
        "200906": "17.01",
        "200907": "17.25",
        "200908": "18.21",
        "200909": "18.09",
        "200910": "19.49",
        "200911": "19.63",
        "200912": "23.00",
        "201001": "24.21",
        "201002": "24.81",
        "201003": "25.60",
        "201004": "28.05",
        "201005": "28.15",
        "201006": "28.70",
        "201007": "29.11",
        "201008": "26.54",
        "201009": "23.55",
        "201010": "23.09",
        "201011": "22.60",
        "201012": "26.50",
        "201101": "25.64",
        "201102": "27.12",
        "201103": "26.90",
        "201104": "27.04",
        "201105": "26.96",
        "201106": "27.86",
        "201107": "27.71",
        "201108": "27.37",
        "201109": "26.42",
        "201110": "26.04",
        "201111": "25.36",
        "201112": "25.25",
        "201201": "26.04",
        "201202": "27.50",
        "201203": "28.93",
        "201204": "28.26",
        "201205": "28.40",
        "201206": "30.11",
        "201207": "27.26",
        "201208": "26.85",
        "201209": "27.66",
        "201210": "25.64",
        "201211": "25.19",
        "201212": "28.12",
        "201301": "27.99",
        "201302": "28.09",
        "201303": "27.90",
        "201304": "27.32",
        "201305": "29.15",
        "201306": "29.64",
        "201307": "26.88",
        "201308": "27.85",
        "201309": "32.61",
        "201310": "42.99",
        "201311": "47.43",
        "201312": "49.60",
        "201401": "59.81",
        "201402": "69.04",
        "201403": "71.06",
        "201404": "72.31",
        "201405": "80.13",
        "201406": "79.46",
        "201407": "89.28",
        "201408": "108.57",
        "201409": "110.93",
        "201410": "101.49",
        "201411": "89.90",
        "201412": "102.23",
        "201501": "97.54",
        "201502": "96.65",
        "201503": "97.46",
        "201504": "103.58",
        "201505": "103.65",
        "201506": "96.85",
        "201507": "93.72",
        "201508": "91.30",
        "201509": "89.78",
        "201510": "84.01",
        "201511": "81.42",
        "201512": "83.78",
        "201601": "79.64",
        "201602": "81.29",
        "201603": "80.28",
        "201604": "78.55",
        "201605": "76.66",
        "201606": "77.32",
        "201607": "77.18",
        "201608": "76.15",
        "201609": "75.78",
        "201610": "74.24",
        "201611": "72.48",
        "201612": "74.67",
        "201701": "79.11",
        "201702": "88.76",
        "201703": "90.05",
        "201704": "88.56",
        "201705": "96.18",
        "201706": "106.67",
        "201707": "104.90",
        "201708": "101.77",
        "201709": "126.05",
        "201710": "134.24",
        "201711": "122.16",
        "201712": "107.38",
        "201801": "111.00",
        "201802": "105.96",
        "201803": "113.22",
        "201804": "118.94",
        "201805": "111.48",
        "201806": "108.05",
        "201807": "99.74",
        "201808": "95.03",
        "201809": "86.09",
        "201810": "75.02",
        "201811": "75.23",
        "201812": "79.49",
        "201901": "77.35",
        "201902": "79.39",
        "201903": "79.94",
        "201904": "82.05",
        "201905": "73.08",
        "201906": "70.17",
        "201907": "69.16",
        "201908": "62.90",
        "201909": "64.00",
        "201910": "65.85",
        "201911": "64.41",
        "201912": "62.87",
        "202001": "64.34",
        "202002": "60.13",
        "202003": "47.92",
        "202004": "42.87",
        "202005": "43.36",
        "202006": "49.41",
        "202007": "48.20",
        "202008": "45.77",
        "202009": "49.17",
        "202010": "53.03",
        "202011": "57.30",
        "202012": "65.42",
        "202101": "71.07",
        "202102": "69.98",
        "202103": "70.34",
        "202104": "77.39",
        "202105": "69.06",
        "202106": "67.94",
        "202107": "67.06",
        "202108": "62.76",
        "202109": "60.70",
        "202110": "59.13",
        "202111": "58.21",
        "202112": "58.51",
        "202201": "62.10",
        "202202": "60.36",
        "202203": "59.24",
        "202204": "59.15",
        "202205": "57.61",
        "202206": "58.18",
        "202207": "53.47",
        "202208": "62.15",
        "202209": "71.39",
        "202210": "63.72",
        "202211": "61.56",
        "202212": "60.56",
        "202301": "55.83",
        "202302": "65.00",
        "202303": "65.04",
        "202304": "66.61",
        "202305": "63.98",
        "202306": "65.94",
        "202307": "63.71",
        "202308": "60.10",
        "202309": "60.75",
        "202310": "60.00",
        "202311": "58.47",
        "202312": "60.99"
    },
    "quarters": {
        "20011": {
            "year_quarter": 20011,
            "year": 2001,
            "quarter": 1,
            "eps": null,
            "eps_growth_year": null,
            "eps_4q": null,
            "eps_4q_growth_year": null,
            "roe": null,
            "roe_4q": 0,
            "gross_profit": null,
            "gross_margin": null,
            "gross_margin_4q_avg": 0,
            "net_income": null,
            "net_income_4q": null,
            "revenue": null,
            "revenue_4q": null,
            "common_shares": null,
            "book_valuer_per_share": null,
            "book_valuer_per_share_4q_avg": 0,
            "equity": null,
            "current_ratio": null,
            "debt_ratio": null,
            "inventory_turnover_ratio": null,
            "account_receivable_turnover_ratio": null,
            "reinvestment_rate": null,
            "research_to_sale_ratio": null,
            "price_fair": 0,
            "eps_avg_yearly": 0,
            "eps_latest_yearly": 0,
            "eps_growth_yearly": 0
        },
        "20012": {
            "year_quarter": 20012,
            "year": 2001,
            "quarter": 2,
            "eps": null,
            "eps_growth_year": null,
            "eps_4q": null,
            "eps_4q_growth_year": null,
            "roe": null,
            "roe_4q": 0,
            "gross_profit": null,
            "gross_margin": null,
            "gross_margin_4q_avg": 0,
            "net_income": null,
            "net_income_4q": null,
            "revenue": null,
            "revenue_4q": null,
            "common_shares": null,
            "book_valuer_per_share": null,
            "book_valuer_per_share_4q_avg": 0,
            "equity": null,
            "current_ratio": null,
            "debt_ratio": null,
            "inventory_turnover_ratio": null,
            "account_receivable_turnover_ratio": null,
            "reinvestment_rate": null,
            "research_to_sale_ratio": null,
            "price_fair": 0,
            "eps_avg_yearly": 0,
            "eps_latest_yearly": 0,
            "eps_growth_yearly": 0
        },
        "20013": {
            "year_quarter": 20013,
            "year": 2001,
            "quarter": 3,
            "eps": null,
            "eps_growth_year": null,
            "eps_4q": null,
            "eps_4q_growth_year": null,
            "roe": null,
            "roe_4q": 0,
            "gross_profit": null,
            "gross_margin": null,
            "gross_margin_4q_avg": 0,
            "net_income": null,
            "net_income_4q": null,
            "revenue": null,
            "revenue_4q": null,
            "common_shares": null,
            "book_valuer_per_share": null,
            "book_valuer_per_share_4q_avg": 0,
            "equity": null,
            "current_ratio": null,
            "debt_ratio": null,
            "inventory_turnover_ratio": null,
            "account_receivable_turnover_ratio": null,
            "reinvestment_rate": null,
            "research_to_sale_ratio": null,
            "price_fair": 0,
            "eps_avg_yearly": 0,
            "eps_latest_yearly": 0,
            "eps_growth_yearly": 0
        },
        "20014": {
            "year_quarter": 20014,
            "year": 2001,
            "quarter": 4,
            "eps": null,
            "eps_growth_year": null,
            "eps_4q": null,
            "eps_4q_growth_year": null,
            "roe": null,
            "roe_4q": 0,
            "gross_profit": null,
            "gross_margin": null,
            "gross_margin_4q_avg": 0,
            "net_income": null,
            "net_income_4q": null,
            "revenue": null,
            "revenue_4q": null,
            "common_shares": 259182,
            "book_valuer_per_share": 13,
            "book_valuer_per_share_4q_avg": 3.25,
            "equity": 337037,
            "current_ratio": 122.27,
            "debt_ratio": 56.87,
            "inventory_turnover_ratio": null,
            "account_receivable_turnover_ratio": null,
            "reinvestment_rate": null,
            "research_to_sale_ratio": null,
            "price_fair": 0,
            "eps_avg_yearly": 0,
            "eps_latest_yearly": 0,
            "eps_growth_yearly": 0
        },
        "20021": {
            "year_quarter": 20021,
            "year": 2002,
            "quarter": 1,
            "eps": null,
            "eps_growth_year": null,
            "eps_4q": null,
            "eps_4q_growth_year": null,
            "roe": null,
            "roe_4q": 0,
            "gross_profit": null,
            "gross_margin": null,
            "gross_margin_4q_avg": 0,
            "net_income": null,
            "net_income_4q": null,
            "revenue": null,
            "revenue_4q": null,
            "common_shares": null,
            "book_valuer_per_share": null,
            "book_valuer_per_share_4q_avg": 3.25,
            "equity": null,
            "current_ratio": null,
            "debt_ratio": null,
            "inventory_turnover_ratio": null,
            "account_receivable_turnover_ratio": null,
            "reinvestment_rate": null,
            "research_to_sale_ratio": null,
            "price_fair": 0,
            "eps_avg_yearly": 0,
            "eps_latest_yearly": 0,
            "eps_growth_yearly": 0
        },
        "20022": {
            "year_quarter": 20022,
            "year": 2002,
            "quarter": 2,
            "eps": null,
            "eps_growth_year": null,
            "eps_4q": null,
            "eps_4q_growth_year": null,
            "roe": null,
            "roe_4q": 0,
            "gross_profit": null,
            "gross_margin": null,
            "gross_margin_4q_avg": 0,
            "net_income": null,
            "net_income_4q": null,
            "revenue": null,
            "revenue_4q": null,
            "common_shares": null,
            "book_valuer_per_share": null,
            "book_valuer_per_share_4q_avg": 3.25,
            "equity": null,
            "current_ratio": null,
            "debt_ratio": null,
            "inventory_turnover_ratio": null,
            "account_receivable_turnover_ratio": null,
            "reinvestment_rate": null,
            "research_to_sale_ratio": null,
            "price_fair": 0,
            "eps_avg_yearly": 0,
            "eps_latest_yearly": 0,
            "eps_growth_yearly": 0
        },
        "20023": {
            "year_quarter": 20023,
            "year": 2002,
            "quarter": 3,
            "eps": null,
            "eps_growth_year": null,
            "eps_4q": null,
            "eps_4q_growth_year": null,
            "roe": null,
            "roe_4q": 0,
            "gross_profit": null,
            "gross_margin": null,
            "gross_margin_4q_avg": 0,
            "net_income": null,
            "net_income_4q": null,
            "revenue": null,
            "revenue_4q": null,
            "common_shares": null,
            "book_valuer_per_share": null,
            "book_valuer_per_share_4q_avg": 3.25,
            "equity": null,
            "current_ratio": null,
            "debt_ratio": null,
            "inventory_turnover_ratio": null,
            "account_receivable_turnover_ratio": null,
            "reinvestment_rate": null,
            "research_to_sale_ratio": null,
            "price_fair": 0,
            "eps_avg_yearly": 0,
            "eps_latest_yearly": 0,
            "eps_growth_yearly": 0
        },
        "20024": {
            "year_quarter": 20024,
            "year": 2002,
            "quarter": 4,
            "eps": null,
            "eps_growth_year": null,
            "eps_4q": null,
            "eps_4q_growth_year": null,
            "roe": null,
            "roe_4q": 0,
            "gross_profit": null,
            "gross_margin": null,
            "gross_margin_4q_avg": 0,
            "net_income": null,
            "net_income_4q": null,
            "revenue": null,
            "revenue_4q": null,
            "common_shares": 278621,
            "book_valuer_per_share": 13.43,
            "book_valuer_per_share_4q_avg": 3.36,
            "equity": 435247,
            "current_ratio": 133.25,
            "debt_ratio": 53.99,
            "inventory_turnover_ratio": null,
            "account_receivable_turnover_ratio": null,
            "reinvestment_rate": null,
            "research_to_sale_ratio": null,
            "price_fair": 0,
            "eps_avg_yearly": 0,
            "eps_latest_yearly": 0,
            "eps_growth_yearly": 0
        },
        "20031": {
            "year_quarter": 20031,
            "year": 2003,
            "quarter": 1,
            "eps": null,
            "eps_growth_year": null,
            "eps_4q": null,
            "eps_4q_growth_year": null,
            "roe": null,
            "roe_4q": 0,
            "gross_profit": null,
            "gross_margin": null,
            "gross_margin_4q_avg": 0,
            "net_income": null,
            "net_income_4q": null,
            "revenue": null,
            "revenue_4q": null,
            "common_shares": null,
            "book_valuer_per_share": null,
            "book_valuer_per_share_4q_avg": 3.36,
            "equity": null,
            "current_ratio": null,
            "debt_ratio": null,
            "inventory_turnover_ratio": null,
            "account_receivable_turnover_ratio": null,
            "reinvestment_rate": null,
            "research_to_sale_ratio": null,
            "price_fair": 0,
            "eps_avg_yearly": 0,
            "eps_latest_yearly": 0,
            "eps_growth_yearly": 0
        },
        "20032": {
            "year_quarter": 20032,
            "year": 2003,
            "quarter": 2,
            "eps": null,
            "eps_growth_year": null,
            "eps_4q": null,
            "eps_4q_growth_year": null,
            "roe": null,
            "roe_4q": 0,
            "gross_profit": null,
            "gross_margin": null,
            "gross_margin_4q_avg": 0,
            "net_income": null,
            "net_income_4q": null,
            "revenue": null,
            "revenue_4q": null,
            "common_shares": null,
            "book_valuer_per_share": null,
            "book_valuer_per_share_4q_avg": 3.36,
            "equity": null,
            "current_ratio": null,
            "debt_ratio": null,
            "inventory_turnover_ratio": null,
            "account_receivable_turnover_ratio": null,
            "reinvestment_rate": null,
            "research_to_sale_ratio": null,
            "price_fair": 0,
            "eps_avg_yearly": 0,
            "eps_latest_yearly": 0,
            "eps_growth_yearly": 0
        },
        "20033": {
            "year_quarter": 20033,
            "year": 2003,
            "quarter": 3,
            "eps": null,
            "eps_growth_year": null,
            "eps_4q": null,
            "eps_4q_growth_year": null,
            "roe": null,
            "roe_4q": 0,
            "gross_profit": null,
            "gross_margin": null,
            "gross_margin_4q_avg": 0,
            "net_income": null,
            "net_income_4q": null,
            "revenue": null,
            "revenue_4q": null,
            "common_shares": null,
            "book_valuer_per_share": null,
            "book_valuer_per_share_4q_avg": 3.36,
            "equity": null,
            "current_ratio": null,
            "debt_ratio": null,
            "inventory_turnover_ratio": null,
            "account_receivable_turnover_ratio": null,
            "reinvestment_rate": null,
            "research_to_sale_ratio": null,
            "price_fair": 0,
            "eps_avg_yearly": 0,
            "eps_latest_yearly": 0,
            "eps_growth_yearly": 0
        },
        "20034": {
            "year_quarter": 20034,
            "year": 2003,
            "quarter": 4,
            "eps": null,
            "eps_growth_year": null,
            "eps_4q": null,
            "eps_4q_growth_year": null,
            "roe": null,
            "roe_4q": 0,
            "gross_profit": null,
            "gross_margin": null,
            "gross_margin_4q_avg": 0,
            "net_income": null,
            "net_income_4q": null,
            "revenue": null,
            "revenue_4q": null,
            "common_shares": 344414,
            "book_valuer_per_share": 13.37,
            "book_valuer_per_share_4q_avg": 3.34,
            "equity": 496047,
            "current_ratio": 149.79,
            "debt_ratio": 55.02,
            "inventory_turnover_ratio": null,
            "account_receivable_turnover_ratio": null,
            "reinvestment_rate": null,
            "research_to_sale_ratio": null,
            "price_fair": 0,
            "eps_avg_yearly": 0,
            "eps_latest_yearly": 0,
            "eps_growth_yearly": 0
        },
        "20041": {
            "year_quarter": 20041,
            "year": 2004,
            "quarter": 1,
            "eps": null,
            "eps_growth_year": null,
            "eps_4q": null,
            "eps_4q_growth_year": null,
            "roe": null,
            "roe_4q": 0,
            "gross_profit": null,
            "gross_margin": null,
            "gross_margin_4q_avg": 0,
            "net_income": null,
            "net_income_4q": null,
            "revenue": null,
            "revenue_4q": null,
            "common_shares": null,
            "book_valuer_per_share": null,
            "book_valuer_per_share_4q_avg": 3.34,
            "equity": null,
            "current_ratio": null,
            "debt_ratio": null,
            "inventory_turnover_ratio": null,
            "account_receivable_turnover_ratio": null,
            "reinvestment_rate": null,
            "research_to_sale_ratio": null,
            "price_fair": 0,
            "eps_avg_yearly": 0,
            "eps_latest_yearly": 0,
            "eps_growth_yearly": 0
        },
        "20042": {
            "year_quarter": 20042,
            "year": 2004,
            "quarter": 2,
            "eps": null,
            "eps_growth_year": null,
            "eps_4q": null,
            "eps_4q_growth_year": null,
            "roe": null,
            "roe_4q": 0,
            "gross_profit": null,
            "gross_margin": null,
            "gross_margin_4q_avg": 0,
            "net_income": null,
            "net_income_4q": null,
            "revenue": null,
            "revenue_4q": null,
            "common_shares": null,
            "book_valuer_per_share": null,
            "book_valuer_per_share_4q_avg": 3.34,
            "equity": null,
            "current_ratio": null,
            "debt_ratio": null,
            "inventory_turnover_ratio": null,
            "account_receivable_turnover_ratio": null,
            "reinvestment_rate": null,
            "research_to_sale_ratio": null,
            "price_fair": 0,
            "eps_avg_yearly": 0,
            "eps_latest_yearly": 0,
            "eps_growth_yearly": 0
        },
        "20043": {
            "year_quarter": 20043,
            "year": 2004,
            "quarter": 3,
            "eps": 1.52,
            "eps_growth_year": null,
            "eps_4q": null,
            "eps_4q_growth_year": null,
            "roe": 10.8,
            "roe_4q": 10.8,
            "gross_profit": 111276,
            "gross_margin": 21.77,
            "gross_margin_4q_avg": 5.44,
            "net_income": 54799,
            "net_income_4q": null,
            "revenue": 511051,
            "revenue_4q": null,
            "common_shares": 361634,
            "book_valuer_per_share": 14.03,
            "book_valuer_per_share_4q_avg": 6.85,
            "equity": 507421,
            "current_ratio": 130.2,
            "debt_ratio": 51.4,
            "inventory_turnover_ratio": 2.84,
            "account_receivable_turnover_ratio": null,
            "reinvestment_rate": null,
            "research_to_sale_ratio": null,
            "price_fair": 0,
            "eps_avg_yearly": 0,
            "eps_latest_yearly": 0,
            "eps_growth_yearly": 0
        },
        "20044": {
            "year_quarter": 20044,
            "year": 2004,
            "quarter": 4,
            "eps": 0.09,
            "eps_growth_year": null,
            "eps_4q": null,
            "eps_4q_growth_year": null,
            "roe": 0.65,
            "roe_4q": 11.450000000000001,
            "gross_profit": 84644,
            "gross_margin": 17.63,
            "gross_margin_4q_avg": 9.85,
            "net_income": 3249,
            "net_income_4q": null,
            "revenue": 480223,
            "revenue_4q": null,
            "common_shares": 361634,
            "book_valuer_per_share": 13.76,
            "book_valuer_per_share_4q_avg": 6.95,
            "equity": 497627,
            "current_ratio": 121.95,
            "debt_ratio": 67.68,
            "inventory_turnover_ratio": 1.74,
            "account_receivable_turnover_ratio": null,
            "reinvestment_rate": null,
            "research_to_sale_ratio": null,
            "price_fair": 1.08,
            "eps_avg_yearly": 0.36,
            "eps_latest_yearly": 0.36,
            "eps_growth_yearly": -376.32
        },
        "20051": {
            "year_quarter": 20051,
            "year": 2005,
            "quarter": 1,
            "eps": 0.56,
            "eps_growth_year": null,
            "eps_4q": null,
            "eps_4q_growth_year": null,
            "roe": 3.97,
            "roe_4q": 15.420000000000002,
            "gross_profit": 77670,
            "gross_margin": 17.59,
            "gross_margin_4q_avg": 14.25,
            "net_income": 20156,
            "net_income_4q": null,
            "revenue": 441660,
            "revenue_4q": null,
            "common_shares": 361634,
            "book_valuer_per_share": 14.29,
            "book_valuer_per_share_4q_avg": 10.52,
            "equity": 516948,
            "current_ratio": 142.16,
            "debt_ratio": 54.64,
            "inventory_turnover_ratio": 1.49,
            "account_receivable_turnover_ratio": null,
            "reinvestment_rate": null,
            "research_to_sale_ratio": null,
            "price_fair": 45.5,
            "eps_avg_yearly": 1.3,
            "eps_latest_yearly": 2.24,
            "eps_growth_yearly": 856.29
        },
        "20052": {
            "year_quarter": 20052,
            "year": 2005,
            "quarter": 2,
            "eps": 0.66,
            "eps_growth_year": null,
            "eps_4q": 2.63,
            "eps_4q_growth_year": null,
            "roe": 5.15,
            "roe_4q": 20.57,
            "gross_profit": 78019,
            "gross_margin": 17.25,
            "gross_margin_4q_avg": 18.56,
            "net_income": 26140,
            "net_income_4q": null,
            "revenue": 452332,
            "revenue_4q": null,
            "common_shares": 361634,
            "book_valuer_per_share": 13.79,
            "book_valuer_per_share_4q_avg": 13.97,
            "equity": 498854,
            "current_ratio": 129.07,
            "debt_ratio": 56.85,
            "inventory_turnover_ratio": 2.29,
            "account_receivable_turnover_ratio": null,
            "reinvestment_rate": null,
            "research_to_sale_ratio": null,
            "price_fair": 61.13,
            "eps_avg_yearly": 1.75,
            "eps_latest_yearly": 2.64,
            "eps_growth_yearly": 594.67
        },
        "20053": {
            "year_quarter": 20053,
            "year": 2005,
            "quarter": 3,
            "eps": 0.86,
            "eps_growth_year": -43.42,
            "eps_4q": 2.11,
            "eps_4q_growth_year": null,
            "roe": 6.5,
            "roe_4q": 16.27,
            "gross_profit": 78954,
            "gross_margin": 18.72,
            "gross_margin_4q_avg": 17.8,
            "net_income": 34174,
            "net_income_4q": null,
            "revenue": 421678,
            "revenue_4q": null,
            "common_shares": 397798,
            "book_valuer_per_share": 13.91,
            "book_valuer_per_share_4q_avg": 13.94,
            "equity": 553376,
            "current_ratio": 142.32,
            "debt_ratio": 53.11,
            "inventory_turnover_ratio": 2.33,
            "account_receivable_turnover_ratio": null,
            "reinvestment_rate": null,
            "research_to_sale_ratio": null,
            "price_fair": 75.95,
            "eps_avg_yearly": 2.17,
            "eps_latest_yearly": 3.44,
            "eps_growth_yearly": 476.3
        },
        "20054": {
            "year_quarter": 20054,
            "year": 2005,
            "quarter": 4,
            "eps": 0.78,
            "eps_growth_year": 766.67,
            "eps_4q": 2.79,
            "eps_4q_growth_year": null,
            "roe": 5.45,
            "roe_4q": 21.07,
            "gross_profit": 100259,
            "gross_margin": 20.2,
            "gross_margin_4q_avg": 18.44,
            "net_income": 31225,
            "net_income_4q": null,
            "revenue": 496294,
            "revenue_4q": null,
            "common_shares": 397798,
            "book_valuer_per_share": 14.59,
            "book_valuer_per_share_4q_avg": 14.15,
            "equity": 592936,
            "current_ratio": 150.85,
            "debt_ratio": 61.64,
            "inventory_turnover_ratio": 1.78,
            "account_receivable_turnover_ratio": null,
            "reinvestment_rate": null,
            "research_to_sale_ratio": null,
            "price_fair": 82.6,
            "eps_avg_yearly": 2.36,
            "eps_latest_yearly": 3.12,
            "eps_growth_yearly": 373.6
        },
        "20061": {
            "year_quarter": 20061,
            "year": 2006,
            "quarter": 1,
            "eps": 0.58,
            "eps_growth_year": 3.57,
            "eps_4q": 2.88,
            "eps_4q_growth_year": null,
            "roe": 3.64,
            "roe_4q": 20.740000000000002,
            "gross_profit": 75261,
            "gross_margin": 16.78,
            "gross_margin_4q_avg": 18.24,
            "net_income": 23130,
            "net_income_4q": null,
            "revenue": 448386,
            "revenue_4q": null,
            "common_shares": 447798,
            "book_valuer_per_share": 15.11,
            "book_valuer_per_share_4q_avg": 14.35,
            "equity": 676643,
            "current_ratio": 167.63,
            "debt_ratio": 46.88,
            "inventory_turnover_ratio": 1.75,
            "account_receivable_turnover_ratio": null,
            "reinvestment_rate": null,
            "research_to_sale_ratio": null,
            "price_fair": 82.37,
            "eps_avg_yearly": 2.35,
            "eps_latest_yearly": 2.32,
            "eps_growth_yearly": 294.24
        },
        "20062": {
            "year_quarter": 20062,
            "year": 2006,
            "quarter": 2,
            "eps": 0.79,
            "eps_growth_year": 19.7,
            "eps_4q": 2.76,
            "eps_4q_growth_year": 4.87,
            "roe": 5.34,
            "roe_4q": 20.93,
            "gross_profit": 83622,
            "gross_margin": 17.36,
            "gross_margin_4q_avg": 18.27,
            "net_income": 35451,
            "net_income_4q": null,
            "revenue": 481789,
            "revenue_4q": null,
            "common_shares": 447798,
            "book_valuer_per_share": 14.56,
            "book_valuer_per_share_4q_avg": 14.54,
            "equity": 652124,
            "current_ratio": 146.53,
            "debt_ratio": 55.04,
            "inventory_turnover_ratio": 2.83,
            "account_receivable_turnover_ratio": null,
            "reinvestment_rate": null,
            "research_to_sale_ratio": null,
            "price_fair": 86.4,
            "eps_avg_yearly": 2.47,
            "eps_latest_yearly": 3.16,
            "eps_growth_yearly": 272.9
        },
        "20063": {
            "year_quarter": 20063,
            "year": 2006,
            "quarter": 3,
            "eps": 0.79,
            "eps_growth_year": -8.14,
            "eps_4q": 2.76,
            "eps_4q_growth_year": 30.97,
            "roe": 5.33,
            "roe_4q": 19.76,
            "gross_profit": 89955,
            "gross_margin": 17.76,
            "gross_margin_4q_avg": 18.03,
            "net_income": 36026,
            "net_income_4q": null,
            "revenue": 506616,
            "revenue_4q": null,
            "common_shares": 470188,
            "book_valuer_per_share": 14.88,
            "book_valuer_per_share_4q_avg": 14.79,
            "equity": 699749,
            "current_ratio": 130.14,
            "debt_ratio": 57.25,
            "inventory_turnover_ratio": 2.43,
            "account_receivable_turnover_ratio": null,
            "reinvestment_rate": null,
            "research_to_sale_ratio": null,
            "price_fair": 89.43,
            "eps_avg_yearly": 2.56,
            "eps_latest_yearly": 3.16,
            "eps_growth_yearly": 238.78
        },
        "20064": {
            "year_quarter": 20064,
            "year": 2006,
            "quarter": 4,
            "eps": 0.45,
            "eps_growth_year": -42.31,
            "eps_4q": 2.49,
            "eps_4q_growth_year": -10.89,
            "roe": 2.85,
            "roe_4q": 17.16,
            "gross_profit": 93353,
            "gross_margin": 16.8,
            "gross_margin_4q_avg": 17.18,
            "net_income": 20908,
            "net_income_4q": null,
            "revenue": 555741,
            "revenue_4q": null,
            "common_shares": 470188,
            "book_valuer_per_share": 15.24,
            "book_valuer_per_share_4q_avg": 14.95,
            "equity": 767664,
            "current_ratio": 120.11,
            "debt_ratio": 66.99,
            "inventory_turnover_ratio": 1.46,
            "account_receivable_turnover_ratio": null,
            "reinvestment_rate": null,
            "research_to_sale_ratio": null,
            "price_fair": 86.49,
            "eps_avg_yearly": 2.47,
            "eps_latest_yearly": 1.8,
            "eps_growth_yearly": 193.12
        },
        "20071": {
            "year_quarter": 20071,
            "year": 2007,
            "quarter": 1,
            "eps": 0.35,
            "eps_growth_year": -39.66,
            "eps_4q": 2.17,
            "eps_4q_growth_year": -24.5,
            "roe": 2.17,
            "roe_4q": 15.69,
            "gross_profit": 64847,
            "gross_margin": 15.23,
            "gross_margin_4q_avg": 16.79,
            "net_income": 17757,
            "net_income_4q": null,
            "revenue": 425746,
            "revenue_4q": null,
            "common_shares": 530188,
            "book_valuer_per_share": 16.38,
            "book_valuer_per_share_4q_avg": 15.27,
            "equity": 868578,
            "current_ratio": 149.59,
            "debt_ratio": 51.04,
            "inventory_turnover_ratio": 1.05,
            "account_receivable_turnover_ratio": null,
            "reinvestment_rate": null,
            "research_to_sale_ratio": null,
            "price_fair": 82.74,
            "eps_avg_yearly": 2.36,
            "eps_latest_yearly": 1.4,
            "eps_growth_yearly": 164.92
        },
        "20072": {
            "year_quarter": 20072,
            "year": 2007,
            "quarter": 2,
            "eps": 0.03,
            "eps_growth_year": -96.2,
            "eps_4q": 1.46,
            "eps_4q_growth_year": -47.09,
            "roe": 0.18,
            "roe_4q": 10.530000000000001,
            "gross_profit": 52941,
            "gross_margin": 12.25,
            "gross_margin_4q_avg": 15.51,
            "net_income": 1565,
            "net_income_4q": null,
            "revenue": 432004,
            "revenue_4q": null,
            "common_shares": 530188,
            "book_valuer_per_share": 15.79,
            "book_valuer_per_share_4q_avg": 15.57,
            "equity": 837287,
            "current_ratio": 125.29,
            "debt_ratio": 53.6,
            "inventory_turnover_ratio": 1.48,
            "account_receivable_turnover_ratio": null,
            "reinvestment_rate": null,
            "research_to_sale_ratio": null,
            "price_fair": 75.6,
            "eps_avg_yearly": 2.16,
            "eps_latest_yearly": 0.12,
            "eps_growth_yearly": 116.68
        },
        "20073": {
            "year_quarter": 20073,
            "year": 2007,
            "quarter": 3,
            "eps": 0.21,
            "eps_growth_year": -73.42,
            "eps_4q": 0.92,
            "eps_4q_growth_year": -66.51,
            "roe": 1.4,
            "roe_4q": 6.6,
            "gross_profit": 56054,
            "gross_margin": 12.01,
            "gross_margin_4q_avg": 14.07,
            "net_income": 11832,
            "net_income_4q": null,
            "revenue": 466739,
            "revenue_4q": null,
            "common_shares": 583207,
            "book_valuer_per_share": 14.6,
            "book_valuer_per_share_4q_avg": 15.5,
            "equity": 851637,
            "current_ratio": 127.2,
            "debt_ratio": 53.6,
            "inventory_turnover_ratio": 1.58,
            "account_receivable_turnover_ratio": null,
            "reinvestment_rate": null,
            "research_to_sale_ratio": null,
            "price_fair": 71.75,
            "eps_avg_yearly": 2.05,
            "eps_latest_yearly": 0.84,
            "eps_growth_yearly": 306.96
        },
        "20074": {
            "year_quarter": 20074,
            "year": 2007,
            "quarter": 4,
            "eps": 0.26,
            "eps_growth_year": -42.22,
            "eps_4q": 0.81,
            "eps_4q_growth_year": -67.53,
            "roe": 1.65,
            "roe_4q": 5.4,
            "gross_profit": 64849,
            "gross_margin": 12.68,
            "gross_margin_4q_avg": 13.04,
            "net_income": 14800,
            "net_income_4q": null,
            "revenue": 511469,
            "revenue_4q": null,
            "common_shares": 583207,
            "book_valuer_per_share": 15.01,
            "book_valuer_per_share_4q_avg": 15.45,
            "equity": 943201,
            "current_ratio": 149.48,
            "debt_ratio": 62.67,
            "inventory_turnover_ratio": 1.22,
            "account_receivable_turnover_ratio": null,
            "reinvestment_rate": null,
            "research_to_sale_ratio": null,
            "price_fair": 69.03,
            "eps_avg_yearly": 1.97,
            "eps_latest_yearly": 1.04,
            "eps_growth_yearly": 290.67
        },
        "20081": {
            "year_quarter": 20081,
            "year": 2008,
            "quarter": 1,
            "eps": 0.06,
            "eps_growth_year": -82.86,
            "eps_4q": 0.27,
            "eps_4q_growth_year": -87.6,
            "roe": 0.75,
            "roe_4q": 3.98,
            "gross_profit": 164338,
            "gross_margin": 21.19,
            "gross_margin_4q_avg": 14.53,
            "net_income": 7040,
            "net_income_4q": null,
            "revenue": 775590,
            "revenue_4q": null,
            "common_shares": 583207,
            "book_valuer_per_share": 14.81,
            "book_valuer_per_share_4q_avg": 15.05,
            "equity": 931528,
            "current_ratio": 159.95,
            "debt_ratio": 64.29,
            "inventory_turnover_ratio": 1.18,
            "account_receivable_turnover_ratio": null,
            "reinvestment_rate": null,
            "research_to_sale_ratio": null,
            "price_fair": 64.7,
            "eps_avg_yearly": 1.85,
            "eps_latest_yearly": 0.24,
            "eps_growth_yearly": 247.93
        },
        "20082": {
            "year_quarter": 20082,
            "year": 2008,
            "quarter": 2,
            "eps": 0.02,
            "eps_growth_year": -33.33,
            "eps_4q": 0.11,
            "eps_4q_growth_year": -92.47,
            "roe": 0.61,
            "roe_4q": 4.41,
            "gross_profit": 144218,
            "gross_margin": 17.42,
            "gross_margin_4q_avg": 15.83,
            "net_income": 5665,
            "net_income_4q": null,
            "revenue": 828092,
            "revenue_4q": null,
            "common_shares": 583207,
            "book_valuer_per_share": 14.6,
            "book_valuer_per_share_4q_avg": 14.76,
            "equity": 918429,
            "current_ratio": 176.35,
            "debt_ratio": 65.61,
            "inventory_turnover_ratio": 1.27,
            "account_receivable_turnover_ratio": null,
            "reinvestment_rate": 281.2,
            "research_to_sale_ratio": null,
            "price_fair": 60.57,
            "eps_avg_yearly": 1.73,
            "eps_latest_yearly": 0.08,
            "eps_growth_yearly": 213.63
        },
        "20083": {
            "year_quarter": 20083,
            "year": 2008,
            "quarter": 3,
            "eps": 0.33,
            "eps_growth_year": 57.14,
            "eps_4q": 0.49,
            "eps_4q_growth_year": -46.7,
            "roe": 2.75,
            "roe_4q": 5.76,
            "gross_profit": 193715,
            "gross_margin": 20.78,
            "gross_margin_4q_avg": 18.02,
            "net_income": 26076,
            "net_income_4q": null,
            "revenue": 932200,
            "revenue_4q": null,
            "common_shares": 600703,
            "book_valuer_per_share": 14.98,
            "book_valuer_per_share_4q_avg": 14.85,
            "equity": 977238,
            "current_ratio": 183.35,
            "debt_ratio": 66.36,
            "inventory_turnover_ratio": 1.27,
            "account_receivable_turnover_ratio": null,
            "reinvestment_rate": 274.1,
            "research_to_sale_ratio": null,
            "price_fair": 59.68,
            "eps_avg_yearly": 1.71,
            "eps_latest_yearly": 1.32,
            "eps_growth_yearly": 587.77
        },
        "20084": {
            "year_quarter": 20084,
            "year": 2008,
            "quarter": 4,
            "eps": 0.28,
            "eps_growth_year": 7.69,
            "eps_4q": 0.6,
            "eps_4q_growth_year": -26.25,
            "roe": 1.95,
            "roe_4q": 6.0600000000000005,
            "gross_profit": 131715,
            "gross_margin": 18.68,
            "gross_margin_4q_avg": 19.52,
            "net_income": 19337,
            "net_income_4q": null,
            "revenue": 705078,
            "revenue_4q": null,
            "common_shares": 600703,
            "book_valuer_per_share": 15.48,
            "book_valuer_per_share_4q_avg": 14.97,
            "equity": 1007061,
            "current_ratio": 187.71,
            "debt_ratio": 64.09,
            "inventory_turnover_ratio": 0.9,
            "account_receivable_turnover_ratio": 2.43,
            "reinvestment_rate": 194,
            "research_to_sale_ratio": null,
            "price_fair": 61.34,
            "eps_avg_yearly": 1.75,
            "eps_latest_yearly": 1.12,
            "eps_growth_yearly": 607.51
        },
        "20091": {
            "year_quarter": 20091,
            "year": 2009,
            "quarter": 1,
            "eps": -0.22,
            "eps_growth_year": -466.67,
            "eps_4q": 0.41,
            "eps_4q_growth_year": 50.54,
            "roe": -1.17,
            "roe_4q": 4.140000000000001,
            "gross_profit": 69165,
            "gross_margin": 19.66,
            "gross_margin_4q_avg": 19.14,
            "net_income": -11832,
            "net_income_4q": null,
            "revenue": 351745,
            "revenue_4q": null,
            "common_shares": 600703,
            "book_valuer_per_share": 15.52,
            "book_valuer_per_share_4q_avg": 15.15,
            "equity": 1013637,
            "current_ratio": 194.26,
            "debt_ratio": 61.59,
            "inventory_turnover_ratio": 0.47,
            "account_receivable_turnover_ratio": 0.72,
            "reinvestment_rate": 256.54,
            "research_to_sale_ratio": null,
            "price_fair": 60.2,
            "eps_avg_yearly": 1.72,
            "eps_latest_yearly": 1.12,
            "eps_growth_yearly": 508.75
        },
        "20092": {
            "year_quarter": 20092,
            "year": 2009,
            "quarter": 2,
            "eps": 0.07,
            "eps_growth_year": 250,
            "eps_4q": 0.47,
            "eps_4q_growth_year": 328.86,
            "roe": 0.41,
            "roe_4q": 3.94,
            "gross_profit": 107570,
            "gross_margin": 19.22,
            "gross_margin_4q_avg": 19.59,
            "net_income": 4069,
            "net_income_4q": null,
            "revenue": 559789,
            "revenue_4q": null,
            "common_shares": 600703,
            "book_valuer_per_share": 15.15,
            "book_valuer_per_share_4q_avg": 15.28,
            "equity": 982696,
            "current_ratio": 199.41,
            "debt_ratio": 58.2,
            "inventory_turnover_ratio": 0.85,
            "account_receivable_turnover_ratio": 1.39,
            "reinvestment_rate": 263.61,
            "research_to_sale_ratio": null,
            "price_fair": 57.9,
            "eps_avg_yearly": 1.65,
            "eps_latest_yearly": 1.12,
            "eps_growth_yearly": 539.98
        },
        "20093": {
            "year_quarter": 20093,
            "year": 2009,
            "quarter": 3,
            "eps": -0.21,
            "eps_growth_year": -163.64,
            "eps_4q": -0.08,
            "eps_4q_growth_year": -116.08,
            "roe": -1.44,
            "roe_4q": -0.2500000000000002,
            "gross_profit": 105517,
            "gross_margin": 17.15,
            "gross_margin_4q_avg": 18.68,
            "net_income": -14019,
            "net_income_4q": null,
            "revenue": 615319,
            "revenue_4q": null,
            "common_shares": 621728,
            "book_valuer_per_share": 14.28,
            "book_valuer_per_share_4q_avg": 15.11,
            "equity": 958568,
            "current_ratio": 177.67,
            "debt_ratio": 59.74,
            "inventory_turnover_ratio": 1.05,
            "account_receivable_turnover_ratio": 1.42,
            "reinvestment_rate": 307.84,
            "research_to_sale_ratio": null,
            "price_fair": 53.09,
            "eps_avg_yearly": 1.52,
            "eps_latest_yearly": 1.12,
            "eps_growth_yearly": 572.2
        },
        "20094": {
            "year_quarter": 20094,
            "year": 2009,
            "quarter": 4,
            "eps": -0.19,
            "eps_growth_year": -167.86,
            "eps_4q": -0.54,
            "eps_4q_growth_year": -190.72,
            "roe": -1.79,
            "roe_4q": -3.9899999999999998,
            "gross_profit": 95776,
            "gross_margin": 15.32,
            "gross_margin_4q_avg": 17.84,
            "net_income": -17031,
            "net_income_4q": null,
            "revenue": 625134,
            "revenue_4q": null,
            "common_shares": 621728,
            "book_valuer_per_share": 14.06,
            "book_valuer_per_share_4q_avg": 14.75,
            "equity": 939267,
            "current_ratio": 181.58,
            "debt_ratio": 60.92,
            "inventory_turnover_ratio": 1.22,
            "account_receivable_turnover_ratio": 2.35,
            "reinvestment_rate": 582.65,
            "research_to_sale_ratio": null,
            "price_fair": 48.42,
            "eps_avg_yearly": 1.38,
            "eps_latest_yearly": 1.12,
            "eps_growth_yearly": 622.98
        },
        "20101": {
            "year_quarter": 20101,
            "year": 2010,
            "quarter": 1,
            "eps": 0.35,
            "eps_growth_year": null,
            "eps_4q": 0.02,
            "eps_4q_growth_year": -94.66,
            "roe": 2.28,
            "roe_4q": -0.5400000000000003,
            "gross_profit": 138966,
            "gross_margin": 20.36,
            "gross_margin_4q_avg": 18.01,
            "net_income": 21584,
            "net_income_4q": null,
            "revenue": 682584,
            "revenue_4q": null,
            "common_shares": 621728,
            "book_valuer_per_share": 14.36,
            "book_valuer_per_share_4q_avg": 14.46,
            "equity": 958256,
            "current_ratio": 173,
            "debt_ratio": 60.9,
            "inventory_turnover_ratio": 1.26,
            "account_receivable_turnover_ratio": 1.24,
            "reinvestment_rate": 632.37,
            "research_to_sale_ratio": 0.2,
            "price_fair": 45.44,
            "eps_avg_yearly": 1.3,
            "eps_latest_yearly": 1.12,
            "eps_growth_yearly": 688.94
        },
        "20102": {
            "year_quarter": 20102,
            "year": 2010,
            "quarter": 2,
            "eps": 0.37,
            "eps_growth_year": 426.69,
            "eps_4q": 0.32,
            "eps_4q_growth_year": -31.54,
            "roe": 2.73,
            "roe_4q": 1.7799999999999998,
            "gross_profit": 173073,
            "gross_margin": 19.56,
            "gross_margin_4q_avg": 18.1,
            "net_income": 26670,
            "net_income_4q": null,
            "revenue": 884791,
            "revenue_4q": null,
            "common_shares": 621728,
            "book_valuer_per_share": 14.91,
            "book_valuer_per_share_4q_avg": 14.4,
            "equity": 992376,
            "current_ratio": 168.13,
            "debt_ratio": 65.58,
            "inventory_turnover_ratio": 1.5,
            "account_receivable_turnover_ratio": 1.3,
            "reinvestment_rate": 655.03,
            "research_to_sale_ratio": 0.17,
            "price_fair": 40.09,
            "eps_avg_yearly": 1.15,
            "eps_latest_yearly": 1.48,
            "eps_growth_yearly": 677.85
        },
        "20103": {
            "year_quarter": 20103,
            "year": 2010,
            "quarter": 3,
            "eps": 0.73,
            "eps_growth_year": null,
            "eps_4q": 1.25,
            "eps_4q_growth_year": null,
            "roe": 4.94,
            "roe_4q": 8.16,
            "gross_profit": 195546,
            "gross_margin": 19.55,
            "gross_margin_4q_avg": 18.7,
            "net_income": 50048,
            "net_income_4q": null,
            "revenue": 1000287,
            "revenue_4q": null,
            "common_shares": 646597,
            "book_valuer_per_share": 14.95,
            "book_valuer_per_share_4q_avg": 14.57,
            "equity": 1035399,
            "current_ratio": 156.18,
            "debt_ratio": 65.86,
            "inventory_turnover_ratio": 1.57,
            "account_receivable_turnover_ratio": 1.26,
            "reinvestment_rate": 368.05,
            "research_to_sale_ratio": 0.13,
            "price_fair": 39.33,
            "eps_avg_yearly": 1.12,
            "eps_latest_yearly": 2.92,
            "eps_growth_yearly": 713.23
        },
        "20104": {
            "year_quarter": 20104,
            "year": 2010,
            "quarter": 4,
            "eps": 0.03,
            "eps_growth_year": null,
            "eps_4q": 1.46,
            "eps_4q_growth_year": null,
            "roe": 0.76,
            "roe_4q": 10.709999999999999,
            "gross_profit": 171130,
            "gross_margin": 20.16,
            "gross_margin_4q_avg": 19.91,
            "net_income": 7858,
            "net_income_4q": null,
            "revenue": 849031,
            "revenue_4q": null,
            "common_shares": 646597,
            "book_valuer_per_share": 14.73,
            "book_valuer_per_share_4q_avg": 14.74,
            "equity": 1020108,
            "current_ratio": 149.12,
            "debt_ratio": 66.93,
            "inventory_turnover_ratio": 1.25,
            "account_receivable_turnover_ratio": 1.13,
            "reinvestment_rate": 130.55,
            "research_to_sale_ratio": 0.12,
            "price_fair": 33.98,
            "eps_avg_yearly": 0.97,
            "eps_latest_yearly": 0.12,
            "eps_growth_yearly": 694.01
        },
        "20111": {
            "year_quarter": 20111,
            "year": 2011,
            "quarter": 1,
            "eps": 0.48,
            "eps_growth_year": 37.14,
            "eps_4q": 1.6,
            "eps_4q_growth_year": 7309.8,
            "roe": 3.28,
            "roe_4q": 11.71,
            "gross_profit": 158573,
            "gross_margin": 18.36,
            "gross_margin_4q_avg": 19.41,
            "net_income": 34230,
            "net_income_4q": null,
            "revenue": 863471,
            "revenue_4q": null,
            "common_shares": 646597,
            "book_valuer_per_share": 15.36,
            "book_valuer_per_share_4q_avg": 14.99,
            "equity": 1063881,
            "current_ratio": 170.99,
            "debt_ratio": 67.07,
            "inventory_turnover_ratio": 1.3,
            "account_receivable_turnover_ratio": 1.16,
            "reinvestment_rate": 294.62,
            "research_to_sale_ratio": 0.08,
            "price_fair": 35.64,
            "eps_avg_yearly": 1.02,
            "eps_latest_yearly": 1.92,
            "eps_growth_yearly": 1247.55
        },
        "20112": {
            "year_quarter": 20112,
            "year": 2011,
            "quarter": 2,
            "eps": 0.32,
            "eps_growth_year": -13.92,
            "eps_4q": 1.55,
            "eps_4q_growth_year": 379.35,
            "roe": 2.36,
            "roe_4q": 11.34,
            "gross_profit": 170475,
            "gross_margin": 17.67,
            "gross_margin_4q_avg": 18.94,
            "net_income": 24341,
            "net_income_4q": null,
            "revenue": 964681,
            "revenue_4q": null,
            "common_shares": 646597,
            "book_valuer_per_share": 14.28,
            "book_valuer_per_share_4q_avg": 14.83,
            "equity": 996625,
            "current_ratio": 152.24,
            "debt_ratio": 69.37,
            "inventory_turnover_ratio": 1.48,
            "account_receivable_turnover_ratio": 1.25,
            "reinvestment_rate": 259.98,
            "research_to_sale_ratio": 0.1,
            "price_fair": 39.33,
            "eps_avg_yearly": 1.12,
            "eps_latest_yearly": 1.28,
            "eps_growth_yearly": 1268.67
        },
        "20113": {
            "year_quarter": 20113,
            "year": 2011,
            "quarter": 3,
            "eps": 0.6,
            "eps_growth_year": -17.49,
            "eps_4q": 1.42,
            "eps_4q_growth_year": 13.93,
            "roe": 4.02,
            "roe_4q": 10.419999999999998,
            "gross_profit": 191552,
            "gross_margin": 19.02,
            "gross_margin_4q_avg": 18.8,
            "net_income": 42220,
            "net_income_4q": null,
            "revenue": 1006888,
            "revenue_4q": null,
            "common_shares": 648814,
            "book_valuer_per_share": 15.8,
            "book_valuer_per_share_4q_avg": 15.04,
            "equity": 1106485,
            "current_ratio": 158.27,
            "debt_ratio": 67.43,
            "inventory_turnover_ratio": 1.43,
            "account_receivable_turnover_ratio": 1.24,
            "reinvestment_rate": 249.17,
            "research_to_sale_ratio": 0.09,
            "price_fair": 44.29,
            "eps_avg_yearly": 1.27,
            "eps_latest_yearly": 2.4,
            "eps_growth_yearly": 1082.31
        },
        "20114": {
            "year_quarter": 20114,
            "year": 2011,
            "quarter": 4,
            "eps": 0.66,
            "eps_growth_year": 2180.57,
            "eps_4q": 2.06,
            "eps_4q_growth_year": 41.05,
            "roe": 4.04,
            "roe_4q": 13.699999999999998,
            "gross_profit": 193968,
            "gross_margin": 19.29,
            "gross_margin_4q_avg": 18.59,
            "net_income": 45271,
            "net_income_4q": null,
            "revenue": 1005505,
            "revenue_4q": null,
            "common_shares": 648115,
            "book_valuer_per_share": 16.17,
            "book_valuer_per_share_4q_avg": 15.4,
            "equity": 1132991,
            "current_ratio": 152.03,
            "debt_ratio": 63.84,
            "inventory_turnover_ratio": 1.4,
            "account_receivable_turnover_ratio": 1.23,
            "reinvestment_rate": 86.74,
            "research_to_sale_ratio": 0.04,
            "price_fair": 49.38,
            "eps_avg_yearly": 1.41,
            "eps_latest_yearly": 2.64,
            "eps_growth_yearly": 1077.29
        },
        "20121": {
            "year_quarter": 20121,
            "year": 2012,
            "quarter": 1,
            "eps": 0.47,
            "eps_growth_year": -2.08,
            "eps_4q": 2.04,
            "eps_4q_growth_year": 27.34,
            "roe": 3.14,
            "roe_4q": 13.559999999999999,
            "gross_profit": 178014,
            "gross_margin": 20.25,
            "gross_margin_4q_avg": 19.06,
            "net_income": 35746,
            "net_income_4q": null,
            "revenue": 879183,
            "revenue_4q": null,
            "common_shares": 651448,
            "book_valuer_per_share": 16.23,
            "book_valuer_per_share_4q_avg": 15.62,
            "equity": 1144834,
            "current_ratio": 141.04,
            "debt_ratio": 64.19,
            "inventory_turnover_ratio": 1.29,
            "account_receivable_turnover_ratio": 1.16,
            "reinvestment_rate": 82.48,
            "research_to_sale_ratio": 0.09,
            "price_fair": 54.6,
            "eps_avg_yearly": 1.56,
            "eps_latest_yearly": 1.88,
            "eps_growth_yearly": 1094.79
        },
        "20122": {
            "year_quarter": 20122,
            "year": 2012,
            "quarter": 2,
            "eps": 0.61,
            "eps_growth_year": 91.63,
            "eps_4q": 2.25,
            "eps_4q_growth_year": 45.01,
            "roe": 4.33,
            "roe_4q": 15.530000000000001,
            "gross_profit": 196947,
            "gross_margin": 19.85,
            "gross_margin_4q_avg": 19.6,
            "net_income": 48898,
            "net_income_4q": null,
            "revenue": 992007,
            "revenue_4q": null,
            "common_shares": 652133,
            "book_valuer_per_share": 15.61,
            "book_valuer_per_share_4q_avg": 15.95,
            "equity": 1113889,
            "current_ratio": 91.44,
            "debt_ratio": 63.7,
            "inventory_turnover_ratio": 1.51,
            "account_receivable_turnover_ratio": 1.32,
            "reinvestment_rate": 77.69,
            "research_to_sale_ratio": 0.11,
            "price_fair": 62.11,
            "eps_avg_yearly": 1.77,
            "eps_latest_yearly": 2.44,
            "eps_growth_yearly": 1129.87
        },
        "20123": {
            "year_quarter": 20123,
            "year": 2012,
            "quarter": 3,
            "eps": 0.56,
            "eps_growth_year": -7.45,
            "eps_4q": 2.23,
            "eps_4q_growth_year": 56.55,
            "roe": 3.94,
            "roe_4q": 15.45,
            "gross_profit": 185107,
            "gross_margin": 19.71,
            "gross_margin_4q_avg": 19.78,
            "net_income": 44679,
            "net_income_4q": null,
            "revenue": 939018,
            "revenue_4q": null,
            "common_shares": 688860,
            "book_valuer_per_share": 15.35,
            "book_valuer_per_share_4q_avg": 15.84,
            "equity": 1156748,
            "current_ratio": 94.26,
            "debt_ratio": 62.88,
            "inventory_turnover_ratio": 1.4,
            "account_receivable_turnover_ratio": 1.24,
            "reinvestment_rate": 66.58,
            "research_to_sale_ratio": 0.11,
            "price_fair": 65.04,
            "eps_avg_yearly": 1.86,
            "eps_latest_yearly": 2.24,
            "eps_growth_yearly": 563.25
        },
        "20124": {
            "year_quarter": 20124,
            "year": 2012,
            "quarter": 4,
            "eps": 0.42,
            "eps_growth_year": -36.29,
            "eps_4q": 2.01,
            "eps_4q_growth_year": -2.46,
            "roe": 2.78,
            "roe_4q": 14.190000000000001,
            "gross_profit": 161912,
            "gross_margin": 17.06,
            "gross_margin_4q_avg": 19.22,
            "net_income": 32360,
            "net_income_4q": null,
            "revenue": 949257,
            "revenue_4q": null,
            "common_shares": 692094,
            "book_valuer_per_share": 15.49,
            "book_valuer_per_share_4q_avg": 15.67,
            "equity": 1169996,
            "current_ratio": 159.8,
            "debt_ratio": 61.22,
            "inventory_turnover_ratio": 1.48,
            "account_receivable_turnover_ratio": 1.3,
            "reinvestment_rate": 63.55,
            "research_to_sale_ratio": 0.13,
            "price_fair": 66.82,
            "eps_avg_yearly": 1.91,
            "eps_latest_yearly": 1.68,
            "eps_growth_yearly": 559.67
        },
        "20131": {
            "year_quarter": 20131,
            "year": 2013,
            "quarter": 1,
            "eps": 0.52,
            "eps_growth_year": 10.64,
            "eps_4q": 2.05,
            "eps_4q_growth_year": 0.38,
            "roe": 3.28,
            "roe_4q": 14.33,
            "gross_profit": 166521,
            "gross_margin": 19.71,
            "gross_margin_4q_avg": 19.08,
            "net_income": 41285,
            "net_income_4q": null,
            "revenue": 844698,
            "revenue_4q": null,
            "common_shares": 705737,
            "book_valuer_per_share": 17.47,
            "book_valuer_per_share_4q_avg": 15.98,
            "equity": 1343681,
            "current_ratio": 204.51,
            "debt_ratio": 59.03,
            "inventory_turnover_ratio": 1.25,
            "account_receivable_turnover_ratio": 1.19,
            "reinvestment_rate": 104.02,
            "research_to_sale_ratio": 0.12,
            "price_fair": 67.32,
            "eps_avg_yearly": 1.92,
            "eps_latest_yearly": 2.08,
            "eps_growth_yearly": 520.97
        },
        "20132": {
            "year_quarter": 20132,
            "year": 2013,
            "quarter": 2,
            "eps": 0.71,
            "eps_growth_year": 16.74,
            "eps_4q": 2.27,
            "eps_4q_growth_year": 1.04,
            "roe": 4.33,
            "roe_4q": 14.329999999999998,
            "gross_profit": 203599,
            "gross_margin": 20.82,
            "gross_margin_4q_avg": 19.33,
            "net_income": 56682,
            "net_income_4q": null,
            "revenue": 977669,
            "revenue_4q": null,
            "common_shares": 713777,
            "book_valuer_per_share": 17.1,
            "book_valuer_per_share_4q_avg": 16.35,
            "equity": 1277296,
            "current_ratio": 183.29,
            "debt_ratio": 61.75,
            "inventory_turnover_ratio": 1.29,
            "account_receivable_turnover_ratio": 1.32,
            "reinvestment_rate": 84.52,
            "research_to_sale_ratio": 0.11,
            "price_fair": 69.78,
            "eps_avg_yearly": 1.99,
            "eps_latest_yearly": 2.84,
            "eps_growth_yearly": 492.13
        },
        "20133": {
            "year_quarter": 20133,
            "year": 2013,
            "quarter": 3,
            "eps": 0.87,
            "eps_growth_year": 56.65,
            "eps_4q": 2.55,
            "eps_4q_growth_year": 14.72,
            "roe": 4.99,
            "roe_4q": 15.379999999999999,
            "gross_profit": 206464,
            "gross_margin": 19.89,
            "gross_margin_4q_avg": 19.37,
            "net_income": 65100,
            "net_income_4q": null,
            "revenue": 1038144,
            "revenue_4q": null,
            "common_shares": 691937,
            "book_valuer_per_share": 17.84,
            "book_valuer_per_share_4q_avg": 16.98,
            "equity": 1334383,
            "current_ratio": 209.5,
            "debt_ratio": 64.27,
            "inventory_turnover_ratio": 1.33,
            "account_receivable_turnover_ratio": 1.3,
            "reinvestment_rate": 82.23,
            "research_to_sale_ratio": 0.11,
            "price_fair": 73.5,
            "eps_avg_yearly": 2.1,
            "eps_latest_yearly": 3.48,
            "eps_growth_yearly": 463.42
        },
        "20134": {
            "year_quarter": 20134,
            "year": 2013,
            "quarter": 4,
            "eps": 0.96,
            "eps_growth_year": 127.22,
            "eps_4q": 2.78,
            "eps_4q_growth_year": 38.53,
            "roe": 5.1,
            "roe_4q": 17.7,
            "gross_profit": 239700,
            "gross_margin": 22.27,
            "gross_margin_4q_avg": 20.67,
            "net_income": 81892,
            "net_income_4q": null,
            "revenue": 1076434,
            "revenue_4q": null,
            "common_shares": 798554,
            "book_valuer_per_share": 21.86,
            "book_valuer_per_share_4q_avg": 18.57,
            "equity": 1878493,
            "current_ratio": 242.35,
            "debt_ratio": 52.46,
            "inventory_turnover_ratio": 1.37,
            "account_receivable_turnover_ratio": 1.27,
            "reinvestment_rate": -18.97,
            "research_to_sale_ratio": 0.11,
            "price_fair": 77.56,
            "eps_avg_yearly": 2.22,
            "eps_latest_yearly": 3.84,
            "eps_growth_yearly": 435.28
        },
        "20141": {
            "year_quarter": 20141,
            "year": 2014,
            "quarter": 1,
            "eps": 0.97,
            "eps_growth_year": 86.54,
            "eps_4q": 3.3,
            "eps_4q_growth_year": 61.29,
            "roe": 4.38,
            "roe_4q": 18.8,
            "gross_profit": 223682,
            "gross_margin": 21.82,
            "gross_margin_4q_avg": 21.2,
            "net_income": 84096,
            "net_income_4q": null,
            "revenue": 1025325,
            "revenue_4q": null,
            "common_shares": 815255,
            "book_valuer_per_share": 22.79,
            "book_valuer_per_share_4q_avg": 19.9,
            "equity": 1960057,
            "current_ratio": 242.67,
            "debt_ratio": 48.68,
            "inventory_turnover_ratio": 1.35,
            "account_receivable_turnover_ratio": 1.19,
            "reinvestment_rate": -11.08,
            "research_to_sale_ratio": 0.11,
            "price_fair": 81.2,
            "eps_avg_yearly": 2.32,
            "eps_latest_yearly": 3.88,
            "eps_growth_yearly": 408.34
        },
        "20142": {
            "year_quarter": 20142,
            "year": 2014,
            "quarter": 2,
            "eps": 0.78,
            "eps_growth_year": 9.86,
            "eps_4q": 3.45,
            "eps_4q_growth_year": 51.86,
            "roe": 3.64,
            "roe_4q": 18.11,
            "gross_profit": 228876,
            "gross_margin": 21.83,
            "gross_margin_4q_avg": 21.45,
            "net_income": 68422,
            "net_income_4q": null,
            "revenue": 1048509,
            "revenue_4q": null,
            "common_shares": 815255,
            "book_valuer_per_share": 20.82,
            "book_valuer_per_share_4q_avg": 20.83,
            "equity": 1801939,
            "current_ratio": 220.17,
            "debt_ratio": 58.43,
            "inventory_turnover_ratio": 1.31,
            "account_receivable_turnover_ratio": 1.28,
            "reinvestment_rate": -2.34,
            "research_to_sale_ratio": 0.1,
            "price_fair": 84.79,
            "eps_avg_yearly": 2.42,
            "eps_latest_yearly": 3.12,
            "eps_growth_yearly": 402.01
        },
        "20143": {
            "year_quarter": 20143,
            "year": 2014,
            "quarter": 3,
            "eps": 0.38,
            "eps_growth_year": -56.32,
            "eps_4q": 3.04,
            "eps_4q_growth_year": 18.93,
            "roe": 3.64,
            "roe_4q": 16.759999999999998,
            "gross_profit": 552065,
            "gross_margin": 25.18,
            "gross_margin_4q_avg": 22.78,
            "net_income": 94204,
            "net_income_4q": null,
            "revenue": 2192748,
            "revenue_4q": null,
            "common_shares": 815255,
            "book_valuer_per_share": 21.64,
            "book_valuer_per_share_4q_avg": 21.78,
            "equity": 3376287,
            "current_ratio": 128.47,
            "debt_ratio": 68.08,
            "inventory_turnover_ratio": 1.06,
            "account_receivable_turnover_ratio": 1.8,
            "reinvestment_rate": 411.7,
            "research_to_sale_ratio": 0.49,
            "price_fair": 81.73,
            "eps_avg_yearly": 2.34,
            "eps_latest_yearly": 1.52,
            "eps_growth_yearly": 364.87
        },
        "20144": {
            "year_quarter": 20144,
            "year": 2014,
            "quarter": 4,
            "eps": 1.43,
            "eps_growth_year": 48.59,
            "eps_4q": 3.32,
            "eps_4q_growth_year": 19.51,
            "roe": 4.89,
            "roe_4q": 16.55,
            "gross_profit": 612944,
            "gross_margin": 23.83,
            "gross_margin_4q_avg": 23.17,
            "net_income": 192699,
            "net_income_4q": null,
            "revenue": 2572193,
            "revenue_4q": null,
            "common_shares": 915255,
            "book_valuer_per_share": 30.49,
            "book_valuer_per_share_4q_avg": 23.94,
            "equity": 4506792,
            "current_ratio": 149.98,
            "debt_ratio": 57.9,
            "inventory_turnover_ratio": 0.78,
            "account_receivable_turnover_ratio": 1.54,
            "reinvestment_rate": 350.33,
            "research_to_sale_ratio": 0.63,
            "price_fair": 93.98,
            "eps_avg_yearly": 2.69,
            "eps_latest_yearly": 5.72,
            "eps_growth_yearly": 457.92
        },
        "20151": {
            "year_quarter": 20151,
            "year": 2015,
            "quarter": 1,
            "eps": 1.41,
            "eps_growth_year": 45.36,
            "eps_4q": 3.87,
            "eps_4q_growth_year": 16.99,
            "roe": 4.89,
            "roe_4q": 17.06,
            "gross_profit": 622516,
            "gross_margin": 25.31,
            "gross_margin_4q_avg": 24.04,
            "net_income": 221977,
            "net_income_4q": null,
            "revenue": 2459142,
            "revenue_4q": null,
            "common_shares": 915255,
            "book_valuer_per_share": 30.6,
            "book_valuer_per_share_4q_avg": 25.89,
            "equity": 4568781,
            "current_ratio": 128.64,
            "debt_ratio": 55.97,
            "inventory_turnover_ratio": 0.71,
            "account_receivable_turnover_ratio": 1.39,
            "reinvestment_rate": 303.44,
            "research_to_sale_ratio": 0.47,
            "price_fair": 102.11,
            "eps_avg_yearly": 2.92,
            "eps_latest_yearly": 5.64,
            "eps_growth_yearly": 82.57
        },
        "20152": {
            "year_quarter": 20152,
            "year": 2015,
            "quarter": 2,
            "eps": 1.64,
            "eps_growth_year": 110.26,
            "eps_4q": 4.82,
            "eps_4q_growth_year": 39.75,
            "roe": 4.52,
            "roe_4q": 17.94,
            "gross_profit": 606212,
            "gross_margin": 24.63,
            "gross_margin_4q_avg": 24.74,
            "net_income": 200550,
            "net_income_4q": null,
            "revenue": 2461669,
            "revenue_4q": null,
            "common_shares": 915255,
            "book_valuer_per_share": 28.52,
            "book_valuer_per_share_4q_avg": 27.81,
            "equity": 4298100,
            "current_ratio": 147.99,
            "debt_ratio": 62.12,
            "inventory_turnover_ratio": 0.71,
            "account_receivable_turnover_ratio": 1.33,
            "reinvestment_rate": 256.71,
            "research_to_sale_ratio": 0.49,
            "price_fair": 113.66,
            "eps_avg_yearly": 3.25,
            "eps_latest_yearly": 6.56,
            "eps_growth_yearly": 94.98
        },
        "20153": {
            "year_quarter": 20153,
            "year": 2015,
            "quarter": 3,
            "eps": 1.44,
            "eps_growth_year": 278.95,
            "eps_4q": 5.95,
            "eps_4q_growth_year": 95.93,
            "roe": 2.89,
            "roe_4q": 17.19,
            "gross_profit": 496679,
            "gross_margin": 21.74,
            "gross_margin_4q_avg": 23.88,
            "net_income": 123526,
            "net_income_4q": null,
            "revenue": 2284597,
            "revenue_4q": null,
            "common_shares": 915255,
            "book_valuer_per_share": 30.28,
            "book_valuer_per_share_4q_avg": 29.97,
            "equity": 4248668,
            "current_ratio": 140.83,
            "debt_ratio": 63.37,
            "inventory_turnover_ratio": 0.64,
            "account_receivable_turnover_ratio": 1.21,
            "reinvestment_rate": 248.9,
            "research_to_sale_ratio": 0.53,
            "price_fair": 121.01,
            "eps_avg_yearly": 3.46,
            "eps_latest_yearly": 5.76,
            "eps_growth_yearly": 70.06
        },
        "20154": {
            "year_quarter": 20154,
            "year": 2015,
            "quarter": 4,
            "eps": 0.96,
            "eps_growth_year": -32.76,
            "eps_4q": 5.48,
            "eps_4q_growth_year": 65.09,
            "roe": 2.99,
            "roe_4q": 15.29,
            "gross_profit": 598822,
            "gross_margin": 24.04,
            "gross_margin_4q_avg": 23.93,
            "net_income": 126235,
            "net_income_4q": null,
            "revenue": 2491096,
            "revenue_4q": null,
            "common_shares": 915255,
            "book_valuer_per_share": 30.06,
            "book_valuer_per_share_4q_avg": 29.87,
            "equity": 4207063,
            "current_ratio": 160.47,
            "debt_ratio": 59.8,
            "inventory_turnover_ratio": 0.7,
            "account_receivable_turnover_ratio": 1.38,
            "reinvestment_rate": 249.03,
            "research_to_sale_ratio": 0.59,
            "price_fair": 123.64,
            "eps_avg_yearly": 3.53,
            "eps_latest_yearly": 3.84,
            "eps_growth_yearly": 59.23
        },
        "20161": {
            "year_quarter": 20161,
            "year": 2016,
            "quarter": 1,
            "eps": 1.17,
            "eps_growth_year": -17.02,
            "eps_4q": 5.23,
            "eps_4q_growth_year": 35.3,
            "roe": 3.47,
            "roe_4q": 13.870000000000001,
            "gross_profit": 647600,
            "gross_margin": 26.64,
            "gross_margin_4q_avg": 24.26,
            "net_income": 148723,
            "net_income_4q": null,
            "revenue": 2431013,
            "revenue_4q": null,
            "common_shares": 910265,
            "book_valuer_per_share": 31.37,
            "book_valuer_per_share_4q_avg": 30.06,
            "equity": 4369355,
            "current_ratio": 158.94,
            "debt_ratio": 60.79,
            "inventory_turnover_ratio": 0.67,
            "account_receivable_turnover_ratio": 1.4,
            "reinvestment_rate": 234.18,
            "research_to_sale_ratio": 0.49,
            "price_fair": 129.76,
            "eps_avg_yearly": 3.71,
            "eps_latest_yearly": 4.68,
            "eps_growth_yearly": 71.89
        },
        "20162": {
            "year_quarter": 20162,
            "year": 2016,
            "quarter": 2,
            "eps": 1.2,
            "eps_growth_year": -26.83,
            "eps_4q": 4.78,
            "eps_4q_growth_year": -0.8,
            "roe": 3.79,
            "roe_4q": 13.14,
            "gross_profit": 644548,
            "gross_margin": 25.16,
            "gross_margin_4q_avg": 24.4,
            "net_income": 160580,
            "net_income_4q": null,
            "revenue": 2562147,
            "revenue_4q": null,
            "common_shares": 910265,
            "book_valuer_per_share": 28.31,
            "book_valuer_per_share_4q_avg": 30.01,
            "equity": 4093713,
            "current_ratio": 149.53,
            "debt_ratio": 63.7,
            "inventory_turnover_ratio": 0.69,
            "account_receivable_turnover_ratio": 1.45,
            "reinvestment_rate": 237.61,
            "research_to_sale_ratio": 0.58,
            "price_fair": 134.93,
            "eps_avg_yearly": 3.86,
            "eps_latest_yearly": 4.8,
            "eps_growth_yearly": 65.09
        },
        "20163": {
            "year_quarter": 20163,
            "year": 2016,
            "quarter": 3,
            "eps": 1.23,
            "eps_growth_year": -14.58,
            "eps_4q": 4.56,
            "eps_4q_growth_year": -23.42,
            "roe": 3.77,
            "roe_4q": 14.020000000000001,
            "gross_profit": 616392,
            "gross_margin": 25.02,
            "gross_margin_4q_avg": 25.22,
            "net_income": 154595,
            "net_income_4q": null,
            "revenue": 2463939,
            "revenue_4q": null,
            "common_shares": 910265,
            "book_valuer_per_share": 28.53,
            "book_valuer_per_share_4q_avg": 29.57,
            "equity": 4101550,
            "current_ratio": 149.39,
            "debt_ratio": 63.52,
            "inventory_turnover_ratio": 0.66,
            "account_receivable_turnover_ratio": 1.31,
            "reinvestment_rate": 213.51,
            "research_to_sale_ratio": 0.55,
            "price_fair": 140.79,
            "eps_avg_yearly": 4.02,
            "eps_latest_yearly": 4.92,
            "eps_growth_yearly": 67.76
        },
        "20164": {
            "year_quarter": 20164,
            "year": 2016,
            "quarter": 4,
            "eps": 1.91,
            "eps_growth_year": 99.34,
            "eps_4q": 5.51,
            "eps_4q_growth_year": 0.53,
            "roe": 5.68,
            "roe_4q": 16.709999999999997,
            "gross_profit": 558467,
            "gross_margin": 21.82,
            "gross_margin_4q_avg": 24.66,
            "net_income": 234750,
            "net_income_4q": null,
            "revenue": 2559315,
            "revenue_4q": null,
            "common_shares": 910265,
            "book_valuer_per_share": 28.98,
            "book_valuer_per_share_4q_avg": 29.3,
            "equity": 4161881,
            "current_ratio": 165.36,
            "debt_ratio": 60.63,
            "inventory_turnover_ratio": 0.73,
            "account_receivable_turnover_ratio": 1.36,
            "reinvestment_rate": 189.17,
            "research_to_sale_ratio": 1.08,
            "price_fair": 153.83,
            "eps_avg_yearly": 4.4,
            "eps_latest_yearly": 7.64,
            "eps_growth_yearly": 87.83
        },
        "20171": {
            "year_quarter": 20171,
            "year": 2017,
            "quarter": 1,
            "eps": 1.66,
            "eps_growth_year": 41.88,
            "eps_4q": 5.92,
            "eps_4q_growth_year": 13.15,
            "roe": 5.48,
            "roe_4q": 18.72,
            "gross_profit": 671436,
            "gross_margin": 27.29,
            "gross_margin_4q_avg": 24.82,
            "net_income": 231984,
            "net_income_4q": null,
            "revenue": 2460274,
            "revenue_4q": null,
            "common_shares": 919556,
            "book_valuer_per_share": 29.82,
            "book_valuer_per_share_4q_avg": 28.91,
            "equity": 4298707,
            "current_ratio": 146.29,
            "debt_ratio": 61.63,
            "inventory_turnover_ratio": 0.64,
            "account_receivable_turnover_ratio": 1.32,
            "reinvestment_rate": 158.28,
            "research_to_sale_ratio": 0.56,
            "price_fair": 163.8,
            "eps_avg_yearly": 4.68,
            "eps_latest_yearly": 6.64,
            "eps_growth_yearly": 78.61
        },
        "20172": {
            "year_quarter": 20172,
            "year": 2017,
            "quarter": 2,
            "eps": 1.78,
            "eps_growth_year": 48.33,
            "eps_4q": 6.26,
            "eps_4q_growth_year": 30.88,
            "roe": 4.84,
            "roe_4q": 19.77,
            "gross_profit": 598676,
            "gross_margin": 23.98,
            "gross_margin_4q_avg": 24.53,
            "net_income": 213150,
            "net_income_4q": null,
            "revenue": 2496249,
            "revenue_4q": null,
            "common_shares": 926972,
            "book_valuer_per_share": 29.7,
            "book_valuer_per_share_4q_avg": 29.26,
            "equity": 4503133,
            "current_ratio": 111.88,
            "debt_ratio": 62.27,
            "inventory_turnover_ratio": 0.61,
            "account_receivable_turnover_ratio": 1.31,
            "reinvestment_rate": 157.55,
            "research_to_sale_ratio": 0.61,
            "price_fair": 173.16,
            "eps_avg_yearly": 4.95,
            "eps_latest_yearly": 7.12,
            "eps_growth_yearly": 71.28
        },
        "20173": {
            "year_quarter": 20173,
            "year": 2017,
            "quarter": 3,
            "eps": 1.68,
            "eps_growth_year": 36.59,
            "eps_4q": 6.35,
            "eps_4q_growth_year": 39.39,
            "roe": 4.52,
            "roe_4q": 20.52,
            "gross_profit": 644510,
            "gross_margin": 24.41,
            "gross_margin_4q_avg": 24.38,
            "net_income": 224258,
            "net_income_4q": null,
            "revenue": 2639975,
            "revenue_4q": null,
            "common_shares": 966596,
            "book_valuer_per_share": 35.47,
            "book_valuer_per_share_4q_avg": 30.99,
            "equity": 5411137,
            "current_ratio": 120.58,
            "debt_ratio": 56.72,
            "inventory_turnover_ratio": 0.58,
            "account_receivable_turnover_ratio": 1.29,
            "reinvestment_rate": 154.59,
            "research_to_sale_ratio": 0.62,
            "price_fair": 180.25,
            "eps_avg_yearly": 5.15,
            "eps_latest_yearly": 6.72,
            "eps_growth_yearly": 64.24
        },
        "20174": {
            "year_quarter": 20174,
            "year": 2017,
            "quarter": 4,
            "eps": 1.82,
            "eps_growth_year": -4.71,
            "eps_4q": 6.23,
            "eps_4q_growth_year": 12.97,
            "roe": 4.68,
            "roe_4q": 19.52,
            "gross_profit": 650260,
            "gross_margin": 23.66,
            "gross_margin_4q_avg": 24.84,
            "net_income": 269102,
            "net_income_4q": null,
            "revenue": 2748202,
            "revenue_4q": null,
            "common_shares": 1040600,
            "book_valuer_per_share": 38.9,
            "book_valuer_per_share_4q_avg": 33.47,
            "equity": 6088098,
            "current_ratio": 128.74,
            "debt_ratio": 49.88,
            "inventory_turnover_ratio": 0.59,
            "account_receivable_turnover_ratio": 1.28,
            "reinvestment_rate": 156.79,
            "research_to_sale_ratio": 0.73,
            "price_fair": 187.78,
            "eps_avg_yearly": 5.37,
            "eps_latest_yearly": 7.28,
            "eps_growth_yearly": 63.74
        },
        "20181": {
            "year_quarter": 20181,
            "year": 2018,
            "quarter": 1,
            "eps": 1.35,
            "eps_growth_year": -18.67,
            "eps_4q": 5.97,
            "eps_4q_growth_year": 0.84,
            "roe": 3.22,
            "roe_4q": 17.259999999999998,
            "gross_profit": 621622,
            "gross_margin": 23.37,
            "gross_margin_4q_avg": 23.86,
            "net_income": 205428,
            "net_income_4q": null,
            "revenue": 2659776,
            "revenue_4q": null,
            "common_shares": 1106252,
            "book_valuer_per_share": 42.07,
            "book_valuer_per_share_4q_avg": 36.54,
            "equity": 6672790,
            "current_ratio": 127.01,
            "debt_ratio": 50.13,
            "inventory_turnover_ratio": 0.57,
            "account_receivable_turnover_ratio": 1.27,
            "reinvestment_rate": 153.53,
            "research_to_sale_ratio": 0.6,
            "price_fair": 191.1,
            "eps_avg_yearly": 5.46,
            "eps_latest_yearly": 5.4,
            "eps_growth_yearly": 57.02
        },
        "20182": {
            "year_quarter": 20182,
            "year": 2018,
            "quarter": 2,
            "eps": 1.34,
            "eps_growth_year": -24.72,
            "eps_4q": 5.84,
            "eps_4q_growth_year": -6.66,
            "roe": 3.12,
            "roe_4q": 15.54,
            "gross_profit": 611924,
            "gross_margin": 21.36,
            "gross_margin_4q_avg": 23.2,
            "net_income": 200992,
            "net_income_4q": null,
            "revenue": 2865416,
            "revenue_4q": null,
            "common_shares": 1156033,
            "book_valuer_per_share": 37.71,
            "book_valuer_per_share_4q_avg": 38.54,
            "equity": 6198163,
            "current_ratio": 127.5,
            "debt_ratio": 51.89,
            "inventory_turnover_ratio": 0.64,
            "account_receivable_turnover_ratio": 1.39,
            "reinvestment_rate": 144.87,
            "research_to_sale_ratio": 0.58,
            "price_fair": 196,
            "eps_avg_yearly": 5.6,
            "eps_latest_yearly": 5.36,
            "eps_growth_yearly": 61.73
        },
        "20183": {
            "year_quarter": 20183,
            "year": 2018,
            "quarter": 3,
            "eps": 1.51,
            "eps_growth_year": -10.12,
            "eps_4q": 5.9,
            "eps_4q_growth_year": -7.13,
            "roe": 3.65,
            "roe_4q": 14.67,
            "gross_profit": 635220,
            "gross_margin": 23.65,
            "gross_margin_4q_avg": 23.01,
            "net_income": 190826,
            "net_income_4q": null,
            "revenue": 2685756,
            "revenue_4q": null,
            "common_shares": 1162364,
            "book_valuer_per_share": 34.66,
            "book_valuer_per_share_4q_avg": 38.34,
            "equity": 4263293,
            "current_ratio": 95.07,
            "debt_ratio": 66.65,
            "inventory_turnover_ratio": 0.59,
            "account_receivable_turnover_ratio": 1.3,
            "reinvestment_rate": 24.31,
            "research_to_sale_ratio": 0.67,
            "price_fair": 205.89,
            "eps_avg_yearly": 5.88,
            "eps_latest_yearly": 6.04,
            "eps_growth_yearly": 77.73
        },
        "20184": {
            "year_quarter": 20184,
            "year": 2018,
            "quarter": 4,
            "eps": 1.23,
            "eps_growth_year": -32.58,
            "eps_4q": 5.4,
            "eps_4q_growth_year": -13.32,
            "roe": 3.25,
            "roe_4q": 13.24,
            "gross_profit": 535427,
            "gross_margin": 20.36,
            "gross_margin_4q_avg": 22.19,
            "net_income": 142564,
            "net_income_4q": null,
            "revenue": 2629340,
            "revenue_4q": null,
            "common_shares": 1162364,
            "book_valuer_per_share": 36.48,
            "book_valuer_per_share_4q_avg": 37.73,
            "equity": 4514156,
            "current_ratio": 131.3,
            "debt_ratio": 62.38,
            "inventory_turnover_ratio": 0.6,
            "account_receivable_turnover_ratio": 1.32,
            "reinvestment_rate": 27.78,
            "research_to_sale_ratio": 0.75,
            "price_fair": 81.72,
            "eps_avg_yearly": 5.83,
            "eps_latest_yearly": 4.92,
            "eps_growth_yearly": 4.01
        },
        "20191": {
            "year_quarter": 20191,
            "year": 2019,
            "quarter": 1,
            "eps": 0.76,
            "eps_growth_year": -43.7,
            "eps_4q": 4.83,
            "eps_4q_growth_year": -19.01,
            "roe": 1.91,
            "roe_4q": 11.93,
            "gross_profit": 484284,
            "gross_margin": 18.96,
            "gross_margin_4q_avg": 21.08,
            "net_income": 87837,
            "net_income_4q": null,
            "revenue": 2554550,
            "revenue_4q": null,
            "common_shares": 1162364,
            "book_valuer_per_share": 38.03,
            "book_valuer_per_share_4q_avg": 36.72,
            "equity": 4700347,
            "current_ratio": 132.12,
            "debt_ratio": 62.42,
            "inventory_turnover_ratio": 0.62,
            "account_receivable_turnover_ratio": 1.29,
            "reinvestment_rate": 34.46,
            "research_to_sale_ratio": 0.22,
            "price_fair": 17.01,
            "eps_avg_yearly": 5.67,
            "eps_latest_yearly": 3.04,
            "eps_growth_yearly": -5.19
        },
        "20192": {
            "year_quarter": 20192,
            "year": 2019,
            "quarter": 2,
            "eps": 0.19,
            "eps_growth_year": -85.82,
            "eps_4q": 3.69,
            "eps_4q_growth_year": -36.87,
            "roe": 0.2,
            "roe_4q": 9.01,
            "gross_profit": 415059,
            "gross_margin": 17.19,
            "gross_margin_4q_avg": 20.04,
            "net_income": 8702,
            "net_income_4q": null,
            "revenue": 2414104,
            "revenue_4q": null,
            "common_shares": 1163382,
            "book_valuer_per_share": 33.32,
            "book_valuer_per_share_4q_avg": 35.62,
            "equity": 4146510,
            "current_ratio": 126.32,
            "debt_ratio": 65.56,
            "inventory_turnover_ratio": 0.62,
            "account_receivable_turnover_ratio": 1.25,
            "reinvestment_rate": 38.21,
            "research_to_sale_ratio": 0.27,
            "price_fair": 15.92,
            "eps_avg_yearly": 5.31,
            "eps_latest_yearly": 0.76,
            "eps_growth_yearly": -28.02
        },
        "20193": {
            "year_quarter": 20193,
            "year": 2019,
            "quarter": 3,
            "eps": 0.4,
            "eps_growth_year": -73.51,
            "eps_4q": 2.58,
            "eps_4q_growth_year": -56.31,
            "roe": 1.3,
            "roe_4q": 6.66,
            "gross_profit": 434918,
            "gross_margin": 17.71,
            "gross_margin_4q_avg": 18.56,
            "net_income": 52860,
            "net_income_4q": null,
            "revenue": 2455432,
            "revenue_4q": null,
            "common_shares": 1163830,
            "book_valuer_per_share": 32.05,
            "book_valuer_per_share_4q_avg": 34.97,
            "equity": 3958276,
            "current_ratio": 119.51,
            "debt_ratio": 65.82,
            "inventory_turnover_ratio": 0.68,
            "account_receivable_turnover_ratio": 1.31,
            "reinvestment_rate": 23.73,
            "research_to_sale_ratio": 0.23,
            "price_fair": 63.9,
            "eps_avg_yearly": 5.05,
            "eps_latest_yearly": 1.6,
            "eps_growth_yearly": 2.66
        },
        "20194": {
            "year_quarter": 20194,
            "year": 2019,
            "quarter": 4,
            "eps": 0.81,
            "eps_growth_year": -34.35,
            "eps_4q": 2.16,
            "eps_4q_growth_year": -60,
            "roe": 2.2,
            "roe_4q": 5.61,
            "gross_profit": 499311,
            "gross_margin": 19.96,
            "gross_margin_4q_avg": 18.46,
            "net_income": 89191,
            "net_income_4q": null,
            "revenue": 2501114,
            "revenue_4q": null,
            "common_shares": 1163830,
            "book_valuer_per_share": 31.99,
            "book_valuer_per_share_4q_avg": 33.85,
            "equity": 4144143,
            "current_ratio": 125.93,
            "debt_ratio": 65.18,
            "inventory_turnover_ratio": 0.69,
            "account_receivable_turnover_ratio": 1.31,
            "reinvestment_rate": 6.01,
            "research_to_sale_ratio": 0.27,
            "price_fair": 175.35,
            "eps_avg_yearly": 5.01,
            "eps_latest_yearly": 3.24,
            "eps_growth_yearly": 36.62
        },
        "20201": {
            "year_quarter": 20201,
            "year": 2020,
            "quarter": 1,
            "eps": 0.01,
            "eps_growth_year": -98.68,
            "eps_4q": 1.41,
            "eps_4q_growth_year": -70.79,
            "roe": 0.06,
            "roe_4q": 3.7600000000000007,
            "gross_profit": 313695,
            "gross_margin": 15.64,
            "gross_margin_4q_avg": 17.63,
            "net_income": 2336,
            "net_income_4q": null,
            "revenue": 2005803,
            "revenue_4q": null,
            "common_shares": 1163830,
            "book_valuer_per_share": 31.07,
            "book_valuer_per_share_4q_avg": 32.11,
            "equity": 4330264,
            "current_ratio": 127.51,
            "debt_ratio": 65.51,
            "inventory_turnover_ratio": 0.57,
            "account_receivable_turnover_ratio": 1.15,
            "reinvestment_rate": 0.55,
            "research_to_sale_ratio": 0.3,
            "price_fair": 77.68,
            "eps_avg_yearly": 4.72,
            "eps_latest_yearly": 0.04,
            "eps_growth_yearly": 6.46
        },
        "20202": {
            "year_quarter": 20202,
            "year": 2020,
            "quarter": 2,
            "eps": -0.36,
            "eps_growth_year": -289.47,
            "eps_4q": 0.85,
            "eps_4q_growth_year": -76.91,
            "roe": -1.23,
            "roe_4q": 2.33,
            "gross_profit": 240173,
            "gross_margin": 14.21,
            "gross_margin_4q_avg": 16.88,
            "net_income": -52923,
            "net_income_4q": null,
            "revenue": 1690659,
            "revenue_4q": null,
            "common_shares": 1163830,
            "book_valuer_per_share": 30.47,
            "book_valuer_per_share_4q_avg": 31.4,
            "equity": 4248109,
            "current_ratio": 118.23,
            "debt_ratio": 63.33,
            "inventory_turnover_ratio": 0.5,
            "account_receivable_turnover_ratio": 1.09,
            "reinvestment_rate": -13.18,
            "research_to_sale_ratio": 0.28,
            "price_fair": 76.4,
            "eps_avg_yearly": 4.71,
            "eps_latest_yearly": 0.04,
            "eps_growth_yearly": 6.2
        },
        "20203": {
            "year_quarter": 20203,
            "year": 2020,
            "quarter": 3,
            "eps": 1.23,
            "eps_growth_year": 207.5,
            "eps_4q": 1.68,
            "eps_4q_growth_year": -34.71,
            "roe": 3.33,
            "roe_4q": 4.36,
            "gross_profit": 511858,
            "gross_margin": 21.21,
            "gross_margin_4q_avg": 17.76,
            "net_income": 145613,
            "net_income_4q": null,
            "revenue": 2413666,
            "revenue_4q": null,
            "common_shares": 1163830,
            "book_valuer_per_share": 32.34,
            "book_valuer_per_share_4q_avg": 31.47,
            "equity": 4492659,
            "current_ratio": 120.1,
            "debt_ratio": 63.21,
            "inventory_turnover_ratio": 0.68,
            "account_receivable_turnover_ratio": 1.35,
            "reinvestment_rate": -1.19,
            "research_to_sale_ratio": 0.28,
            "price_fair": 74.89,
            "eps_avg_yearly": 4.7,
            "eps_latest_yearly": 0.04,
            "eps_growth_yearly": 5.93
        },
        "20204": {
            "year_quarter": 20204,
            "year": 2020,
            "quarter": 4,
            "eps": 1.64,
            "eps_growth_year": 103.87,
            "eps_4q": 2.52,
            "eps_4q_growth_year": 16.77,
            "roe": 4.14,
            "roe_4q": 6.3,
            "gross_profit": 631260,
            "gross_margin": 23.26,
            "gross_margin_4q_avg": 18.58,
            "net_income": 192137,
            "net_income_4q": null,
            "revenue": 2713903,
            "revenue_4q": null,
            "common_shares": 1163830,
            "book_valuer_per_share": 35.03,
            "book_valuer_per_share_4q_avg": 32.23,
            "equity": 4786221,
            "current_ratio": 143.34,
            "debt_ratio": 62.12,
            "inventory_turnover_ratio": 0.72,
            "account_receivable_turnover_ratio": 1.29,
            "reinvestment_rate": 6.71,
            "research_to_sale_ratio": 0.28,
            "price_fair": 13.87,
            "eps_avg_yearly": 4.62,
            "eps_latest_yearly": 6.56,
            "eps_growth_yearly": -0.34
        },
        "20211": {
            "year_quarter": 20211,
            "year": 2021,
            "quarter": 1,
            "eps": 0.73,
            "eps_growth_year": 7200,
            "eps_4q": 3.34,
            "eps_4q_growth_year": 136.84,
            "roe": 2.14,
            "roe_4q": 8.379999999999999,
            "gross_profit": 482188,
            "gross_margin": 19.34,
            "gross_margin_4q_avg": 19.51,
            "net_income": 100230,
            "net_income_4q": null,
            "revenue": 2492987,
            "revenue_4q": null,
            "common_shares": 1163847,
            "book_valuer_per_share": 33.36,
            "book_valuer_per_share_4q_avg": 32.8,
            "equity": 4559495,
            "current_ratio": 119.36,
            "debt_ratio": 64.06,
            "inventory_turnover_ratio": 0.66,
            "account_receivable_turnover_ratio": 1.17,
            "reinvestment_rate": 9.11,
            "research_to_sale_ratio": 0.25,
            "price_fair": 13.07,
            "eps_avg_yearly": 4.36,
            "eps_latest_yearly": 2.92,
            "eps_growth_yearly": -12.45
        },
        "20212": {
            "year_quarter": 20212,
            "year": 2021,
            "quarter": 2,
            "eps": 0.48,
            "eps_growth_year": null,
            "eps_4q": 4.14,
            "eps_4q_growth_year": 386.56,
            "roe": 1.14,
            "roe_4q": 10.75,
            "gross_profit": 441683,
            "gross_margin": 18.02,
            "gross_margin_4q_avg": 20.46,
            "net_income": 52330,
            "net_income_4q": null,
            "revenue": 2451305,
            "revenue_4q": null,
            "common_shares": 1174952,
            "book_valuer_per_share": 33.75,
            "book_valuer_per_share_4q_avg": 33.62,
            "equity": 4638655,
            "current_ratio": 117.29,
            "debt_ratio": 64.62,
            "inventory_turnover_ratio": 0.59,
            "account_receivable_turnover_ratio": 1.19,
            "reinvestment_rate": 7.95,
            "research_to_sale_ratio": 0.28,
            "price_fair": 11.96,
            "eps_avg_yearly": 3.99,
            "eps_latest_yearly": 1.92,
            "eps_growth_yearly": -24.3
        },
        "20213": {
            "year_quarter": 20213,
            "year": 2021,
            "quarter": 3,
            "eps": 0.59,
            "eps_growth_year": -52.03,
            "eps_4q": 3.52,
            "eps_4q_growth_year": 109.27,
            "roe": 1.47,
            "roe_4q": 8.89,
            "gross_profit": 473723,
            "gross_margin": 18.69,
            "gross_margin_4q_avg": 19.83,
            "net_income": 68199,
            "net_income_4q": null,
            "revenue": 2535102,
            "revenue_4q": null,
            "common_shares": 1189788,
            "book_valuer_per_share": 33.63,
            "book_valuer_per_share_4q_avg": 33.94,
            "equity": 4662155,
            "current_ratio": 120.55,
            "debt_ratio": 65.77,
            "inventory_turnover_ratio": 0.55,
            "account_receivable_turnover_ratio": 1.19,
            "reinvestment_rate": 2.29,
            "research_to_sale_ratio": 0.26,
            "price_fair": 11.02,
            "eps_avg_yearly": 3.67,
            "eps_latest_yearly": 2.36,
            "eps_growth_yearly": -16.15
        },
        "20214": {
            "year_quarter": 20214,
            "year": 2021,
            "quarter": 4,
            "eps": 1.23,
            "eps_growth_year": -25.02,
            "eps_4q": 3.15,
            "eps_4q_growth_year": 25.07,
            "roe": 3.05,
            "roe_4q": 7.799999999999999,
            "gross_profit": 536129,
            "gross_margin": 19.75,
            "gross_margin_4q_avg": 18.95,
            "net_income": 144135,
            "net_income_4q": null,
            "revenue": 2713994,
            "revenue_4q": null,
            "common_shares": 1192902,
            "book_valuer_per_share": 34.62,
            "book_valuer_per_share_4q_avg": 33.84,
            "equity": 4789786,
            "current_ratio": 125.9,
            "debt_ratio": 64.75,
            "inventory_turnover_ratio": 0.55,
            "account_receivable_turnover_ratio": 1.18,
            "reinvestment_rate": -16.93,
            "research_to_sale_ratio": 0.23,
            "price_fair": 78.75,
            "eps_avg_yearly": 3.51,
            "eps_latest_yearly": 4.92,
            "eps_growth_yearly": 12.46
        },
        "20221": {
            "year_quarter": 20221,
            "year": 2022,
            "quarter": 1,
            "eps": 1.11,
            "eps_growth_year": 52.05,
            "eps_4q": 3.57,
            "eps_4q_growth_year": 6.73,
            "roe": 3.07,
            "roe_4q": 8.729999999999999,
            "gross_profit": 565814,
            "gross_margin": 19.59,
            "gross_margin_4q_avg": 19.01,
            "net_income": 150025,
            "net_income_4q": null,
            "revenue": 2888125,
            "revenue_4q": null,
            "common_shares": 1192902,
            "book_valuer_per_share": 36.13,
            "book_valuer_per_share_4q_avg": 34.53,
            "equity": 4988721,
            "current_ratio": 112.38,
            "debt_ratio": 65.69,
            "inventory_turnover_ratio": 0.56,
            "account_receivable_turnover_ratio": 1.17,
            "reinvestment_rate": -13.36,
            "research_to_sale_ratio": 0.22,
            "price_fair": 92.99,
            "eps_avg_yearly": 3.44,
            "eps_latest_yearly": 4.44,
            "eps_growth_yearly": 17.05
        },
        "20222": {
            "year_quarter": 20222,
            "year": 2022,
            "quarter": 2,
            "eps": 0.8,
            "eps_growth_year": 66.67,
            "eps_4q": 3.54,
            "eps_4q_growth_year": -14.52,
            "roe": 1.82,
            "roe_4q": 9.41,
            "gross_profit": 468504,
            "gross_margin": 18.44,
            "gross_margin_4q_avg": 19.12,
            "net_income": 90409,
            "net_income_4q": null,
            "revenue": 2540844,
            "revenue_4q": null,
            "common_shares": 1192902,
            "book_valuer_per_share": 35.89,
            "book_valuer_per_share_4q_avg": 35.07,
            "equity": 4943520,
            "current_ratio": 106.94,
            "debt_ratio": 67.52,
            "inventory_turnover_ratio": 0.45,
            "account_receivable_turnover_ratio": 1,
            "reinvestment_rate": -14.14,
            "research_to_sale_ratio": 0.33,
            "price_fair": 63.31,
            "eps_avg_yearly": 3.28,
            "eps_latest_yearly": 3.2,
            "eps_growth_yearly": 9.29
        },
        "20223": {
            "year_quarter": 20223,
            "year": 2022,
            "quarter": 3,
            "eps": 1.56,
            "eps_growth_year": 164.41,
            "eps_4q": 4.44,
            "eps_4q_growth_year": 26.11,
            "roe": 3.93,
            "roe_4q": 11.870000000000001,
            "gross_profit": 615416,
            "gross_margin": 20,
            "gross_margin_4q_avg": 19.45,
            "net_income": 202948,
            "net_income_4q": null,
            "revenue": 3077345,
            "revenue_4q": null,
            "common_shares": 1312192,
            "book_valuer_per_share": 36.02,
            "book_valuer_per_share_4q_avg": 35.67,
            "equity": 5388028,
            "current_ratio": 108.63,
            "debt_ratio": 66.54,
            "inventory_turnover_ratio": 0.51,
            "account_receivable_turnover_ratio": 1.16,
            "reinvestment_rate": 4.53,
            "research_to_sale_ratio": 0.27,
            "price_fair": 115.4,
            "eps_avg_yearly": 3.3,
            "eps_latest_yearly": 6.24,
            "eps_growth_yearly": 32.8
        },
        "20224": {
            "year_quarter": 20224,
            "year": 2022,
            "quarter": 4,
            "eps": 0.99,
            "eps_growth_year": -19.55,
            "eps_4q": 4.34,
            "eps_4q_growth_year": 37.63,
            "roe": 2.36,
            "roe_4q": 11.18,
            "gross_profit": 529552,
            "gross_margin": 17.83,
            "gross_margin_4q_avg": 18.97,
            "net_income": 129064,
            "net_income_4q": null,
            "revenue": 2969546,
            "revenue_4q": null,
            "common_shares": 1353473,
            "book_valuer_per_share": 36.21,
            "book_valuer_per_share_4q_avg": 36.06,
            "equity": 5561109,
            "current_ratio": 110.06,
            "debt_ratio": 66.46,
            "inventory_turnover_ratio": 0.51,
            "account_receivable_turnover_ratio": 1.11,
            "reinvestment_rate": 29.41,
            "research_to_sale_ratio": 0.34,
            "price_fair": 113,
            "eps_avg_yearly": 3.23,
            "eps_latest_yearly": 3.96,
            "eps_growth_yearly": 27.66
        },
        "20231": {
            "year_quarter": 20231,
            "year": 2023,
            "quarter": 1,
            "eps": 0.16,
            "eps_growth_year": -85.59,
            "eps_4q": 3.52,
            "eps_4q_growth_year": -1.48,
            "roe": 0.66,
            "roe_4q": 8.77,
            "gross_profit": 413185,
            "gross_margin": 15.36,
            "gross_margin_4q_avg": 17.91,
            "net_income": 37026,
            "net_income_4q": null,
            "revenue": 2690149,
            "revenue_4q": null,
            "common_shares": 1357550,
            "book_valuer_per_share": 34.85,
            "book_valuer_per_share_4q_avg": 35.74,
            "equity": 5709660,
            "current_ratio": 115.01,
            "debt_ratio": 68.41,
            "inventory_turnover_ratio": 0.49,
            "account_receivable_turnover_ratio": 1.03,
            "reinvestment_rate": 33.53,
            "research_to_sale_ratio": 0.3,
            "price_fair": 75.28,
            "eps_avg_yearly": 3.06,
            "eps_latest_yearly": 0.64,
            "eps_growth_yearly": 14.63
        },
        "20232": {
            "year_quarter": 20232,
            "year": 2023,
            "quarter": 2,
            "eps": 0.71,
            "eps_growth_year": -11.25,
            "eps_4q": 3.19,
            "eps_4q_growth_year": -9.79,
            "roe": 1.64,
            "roe_4q": 8.59,
            "gross_profit": 504186,
            "gross_margin": 16.8,
            "gross_margin_4q_avg": 17.5,
            "net_income": 93888,
            "net_income_4q": null,
            "revenue": 3001220,
            "revenue_4q": null,
            "common_shares": 1362016,
            "book_valuer_per_share": 34.89,
            "book_valuer_per_share_4q_avg": 35.49,
            "equity": 5739498,
            "current_ratio": 116.94,
            "debt_ratio": 67.84,
            "inventory_turnover_ratio": 0.55,
            "account_receivable_turnover_ratio": 1.12,
            "reinvestment_rate": 48.42,
            "research_to_sale_ratio": 0.29,
            "price_fair": 112.2,
            "eps_avg_yearly": 3.21,
            "eps_latest_yearly": 2.84,
            "eps_growth_yearly": 134.27
        },
        "20233": {
            "year_quarter": 20233,
            "year": 2023,
            "quarter": 3,
            "eps": 0.85,
            "eps_growth_year": -45.51,
            "eps_4q": 2.66,
            "eps_4q_growth_year": -40.17,
            "roe": 2.17,
            "roe_4q": 6.83,
            "gross_profit": 546816,
            "gross_margin": 17.51,
            "gross_margin_4q_avg": 16.88,
            "net_income": 130672,
            "net_income_4q": null,
            "revenue": 3122034,
            "revenue_4q": null,
            "common_shares": 1502449,
            "book_valuer_per_share": 33.62,
            "book_valuer_per_share_4q_avg": 34.89,
            "equity": 6312927,
            "current_ratio": 124.64,
            "debt_ratio": 66.83,
            "inventory_turnover_ratio": 0.59,
            "account_receivable_turnover_ratio": 1.1,
            "reinvestment_rate": 65.1,
            "research_to_sale_ratio": 0.27,
            "price_fair": 116.7,
            "eps_avg_yearly": 3.33,
            "eps_latest_yearly": 3.4,
            "eps_growth_yearly": 108.32
        }
    },
    "months": {
        "2004-11": {
            "month": "2004-11",
            "price": "18.30",
            "revenue": 157205
        },
        "2004-12": {
            "month": "2004-12",
            "price": "18.06",
            "revenue": 174034
        },
        "2005-03": {
            "month": "2005-03",
            "price": "18.46",
            "revenue": 145716
        },
        "2005-04": {
            "month": "2005-04",
            "price": "19.85",
            "revenue": 143789
        },
        "2005-05": {
            "month": "2005-05",
            "price": "20.43",
            "revenue": 145970
        },
        "2005-06": {
            "month": "2005-06",
            "price": "19.97",
            "revenue": 163747
        },
        "2005-07": {
            "month": "2005-07",
            "price": "19.25",
            "revenue": 123745
        },
        "2005-08": {
            "month": "2005-08",
            "price": "18.60",
            "revenue": 163247
        },
        "2005-09": {
            "month": "2005-09",
            "price": "18.27",
            "revenue": 134686
        },
        "2005-10": {
            "month": "2005-10",
            "price": "18.00",
            "revenue": 160476
        },
        "2005-11": {
            "month": "2005-11",
            "price": "17.66",
            "revenue": 159973
        },
        "2005-12": {
            "month": "2005-12",
            "price": "18.56",
            "revenue": 175845
        },
        "2006-01": {
            "month": "2006-01",
            "price": "20.12",
            "revenue": 149680
        },
        "2006-02": {
            "month": "2006-02",
            "price": "19.42",
            "revenue": 112856
        },
        "2006-03": {
            "month": "2006-03",
            "price": "16.51",
            "revenue": 185850
        },
        "2006-04": {
            "month": "2006-04",
            "price": "19.08",
            "revenue": 148031
        },
        "2006-05": {
            "month": "2006-05",
            "price": "29.54",
            "revenue": 170973
        },
        "2006-06": {
            "month": "2006-06",
            "price": "22.46",
            "revenue": 162785
        },
        "2006-07": {
            "month": "2006-07",
            "price": "23.42",
            "revenue": 175776
        },
        "2006-08": {
            "month": "2006-08",
            "price": "23.19",
            "revenue": 180125
        },
        "2006-09": {
            "month": "2006-09",
            "price": "25.12",
            "revenue": 150715
        },
        "2006-10": {
            "month": "2006-10",
            "price": "27.12",
            "revenue": 190077
        },
        "2006-11": {
            "month": "2006-11",
            "price": "28.78",
            "revenue": 187613
        },
        "2006-12": {
            "month": "2006-12",
            "price": "29.96",
            "revenue": 178050
        },
        "2007-01": {
            "month": "2007-01",
            "price": "29.89",
            "revenue": 160221
        },
        "2007-02": {
            "month": "2007-02",
            "price": "28.55",
            "revenue": 99902
        },
        "2007-03": {
            "month": "2007-03",
            "price": "29.30",
            "revenue": 165623
        },
        "2007-04": {
            "month": "2007-04",
            "price": "31.64",
            "revenue": 134334
        },
        "2007-05": {
            "month": "2007-05",
            "price": "30.16",
            "revenue": 151975
        },
        "2007-06": {
            "month": "2007-06",
            "price": "29.80",
            "revenue": 145695
        },
        "2007-07": {
            "month": "2007-07",
            "price": "32.97",
            "revenue": 156807
        },
        "2007-08": {
            "month": "2007-08",
            "price": "28.25",
            "revenue": 162899
        },
        "2007-09": {
            "month": "2007-09",
            "price": "25.18",
            "revenue": 147033
        },
        "2007-10": {
            "month": "2007-10",
            "price": "22.94",
            "revenue": 175214
        },
        "2007-11": {
            "month": "2007-11",
            "price": "19.73",
            "revenue": 167666
        },
        "2007-12": {
            "month": "2007-12",
            "price": "20.40",
            "revenue": 168588
        },
        "2008-01": {
            "month": "2008-01",
            "price": "20.70",
            "revenue": 177324
        },
        "2008-02": {
            "month": "2008-02",
            "price": "20.57",
            "revenue": 118312
        },
        "2008-03": {
            "month": "2008-03",
            "price": "20.82",
            "revenue": 149553
        },
        "2008-04": {
            "month": "2008-04",
            "price": "21.62",
            "revenue": 153717
        },
        "2008-05": {
            "month": "2008-05",
            "price": "22.18",
            "revenue": 138809
        },
        "2008-06": {
            "month": "2008-06",
            "price": "19.98",
            "revenue": 147090
        },
        "2008-07": {
            "month": "2008-07",
            "price": "18.33",
            "revenue": 172166
        },
        "2008-08": {
            "month": "2008-08",
            "price": "18.96",
            "revenue": 154628
        },
        "2008-09": {
            "month": "2008-09",
            "price": "18.88",
            "revenue": 163309
        },
        "2008-10": {
            "month": "2008-10",
            "price": "18.07",
            "revenue": 157428
        },
        "2008-11": {
            "month": "2008-11",
            "price": "17.60",
            "revenue": 133044
        },
        "2008-12": {
            "month": "2008-12",
            "price": "17.57",
            "revenue": 173688
        },
        "2009-01": {
            "month": "2009-01",
            "price": "18.39",
            "revenue": 96250
        },
        "2009-02": {
            "month": "2009-02",
            "price": "17.75",
            "revenue": 101679
        },
        "2009-03": {
            "month": "2009-03",
            "price": "17.28",
            "revenue": 91266
        },
        "2009-04": {
            "month": "2009-04",
            "price": "17.03",
            "revenue": 102512
        },
        "2009-05": {
            "month": "2009-05",
            "price": "17.01",
            "revenue": 91928
        },
        "2009-06": {
            "month": "2009-06",
            "price": "17.01",
            "revenue": 81354
        },
        "2009-07": {
            "month": "2009-07",
            "price": "17.25",
            "revenue": 101385
        },
        "2009-08": {
            "month": "2009-08",
            "price": "18.21",
            "revenue": 87920
        },
        "2009-09": {
            "month": "2009-09",
            "price": "18.09",
            "revenue": 144893
        },
        "2009-10": {
            "month": "2009-10",
            "price": "19.49",
            "revenue": 153310
        },
        "2009-11": {
            "month": "2009-11",
            "price": "19.63",
            "revenue": 127624
        },
        "2009-12": {
            "month": "2009-12",
            "price": "23.00",
            "revenue": 180720
        },
        "2010-01": {
            "month": "2010-01",
            "price": "24.21",
            "revenue": 135020
        },
        "2010-02": {
            "month": "2010-02",
            "price": "24.81",
            "revenue": 123208
        },
        "2010-03": {
            "month": "2010-03",
            "price": "25.60",
            "revenue": 183136
        },
        "2010-04": {
            "month": "2010-04",
            "price": "28.05",
            "revenue": 181665
        },
        "2010-05": {
            "month": "2010-05",
            "price": "28.15",
            "revenue": 180930
        },
        "2010-06": {
            "month": "2010-06",
            "price": "28.70",
            "revenue": 228537
        },
        "2010-07": {
            "month": "2010-07",
            "price": "29.11",
            "revenue": 204278
        },
        "2010-08": {
            "month": "2010-08",
            "price": "26.54",
            "revenue": 197711
        },
        "2010-09": {
            "month": "2010-09",
            "price": "23.55",
            "revenue": 193303
        },
        "2010-10": {
            "month": "2010-10",
            "price": "23.09",
            "revenue": 190270
        },
        "2010-11": {
            "month": "2010-11",
            "price": "22.60",
            "revenue": 169522
        },
        "2010-12": {
            "month": "2010-12",
            "price": "26.50",
            "revenue": 218713
        },
        "2011-01": {
            "month": "2011-01",
            "price": "25.64",
            "revenue": 193384
        },
        "2011-02": {
            "month": "2011-02",
            "price": "27.12",
            "revenue": 133125
        },
        "2011-03": {
            "month": "2011-03",
            "price": "26.90",
            "revenue": 203802
        },
        "2011-04": {
            "month": "2011-04",
            "price": "27.04",
            "revenue": 175123
        },
        "2011-05": {
            "month": "2011-05",
            "price": "26.96",
            "revenue": 202431
        },
        "2011-06": {
            "month": "2011-06",
            "price": "27.86",
            "revenue": 203877
        },
        "2011-07": {
            "month": "2011-07",
            "price": "27.71",
            "revenue": 177566
        },
        "2011-08": {
            "month": "2011-08",
            "price": "27.37",
            "revenue": 204988
        },
        "2011-09": {
            "month": "2011-09",
            "price": "26.42",
            "revenue": 200707
        },
        "2011-10": {
            "month": "2011-10",
            "price": "26.04",
            "revenue": 188513
        },
        "2011-11": {
            "month": "2011-11",
            "price": "25.36",
            "revenue": 199643
        },
        "2011-12": {
            "month": "2011-12",
            "price": "25.25",
            "revenue": 205467
        },
        "2012-01": {
            "month": "2012-01",
            "price": "26.04",
            "revenue": 147969
        },
        "2012-02": {
            "month": "2012-02",
            "price": "27.50",
            "revenue": 195117
        },
        "2012-03": {
            "month": "2012-03",
            "price": "28.93",
            "revenue": 186050
        },
        "2012-04": {
            "month": "2012-04",
            "price": "28.26",
            "revenue": 216669
        },
        "2012-05": {
            "month": "2012-05",
            "price": "28.40",
            "revenue": 209950
        },
        "2012-06": {
            "month": "2012-06",
            "price": "30.11",
            "revenue": 200347
        },
        "2012-07": {
            "month": "2012-07",
            "price": "27.26",
            "revenue": 187798
        },
        "2012-08": {
            "month": "2012-08",
            "price": "26.85",
            "revenue": 189421
        },
        "2012-09": {
            "month": "2012-09",
            "price": "27.66",
            "revenue": 179315
        },
        "2012-10": {
            "month": "2012-10",
            "price": "25.64",
            "revenue": 187823
        },
        "2012-11": {
            "month": "2012-11",
            "price": "25.19",
            "revenue": 159999
        },
        "2012-12": {
            "month": "2012-12",
            "price": "28.12",
            "revenue": 202377
        },
        "2013-01": {
            "month": "2013-01",
            "price": "27.99",
            "revenue": 322346
        },
        "2013-02": {
            "month": "2013-02",
            "price": "28.09",
            "revenue": 233493
        },
        "2013-03": {
            "month": "2013-03",
            "price": "27.90",
            "revenue": 288859
        },
        "2013-04": {
            "month": "2013-04",
            "price": "27.32",
            "revenue": 323543
        },
        "2013-05": {
            "month": "2013-05",
            "price": "29.15",
            "revenue": 331853
        },
        "2013-06": {
            "month": "2013-06",
            "price": "29.64",
            "revenue": 322272
        },
        "2013-07": {
            "month": "2013-07",
            "price": "26.88",
            "revenue": 378555
        },
        "2013-08": {
            "month": "2013-08",
            "price": "27.85",
            "revenue": 337232
        },
        "2013-09": {
            "month": "2013-09",
            "price": "32.61",
            "revenue": 322357
        },
        "2013-10": {
            "month": "2013-10",
            "price": "42.99",
            "revenue": 371748
        },
        "2013-11": {
            "month": "2013-11",
            "price": "47.43",
            "revenue": 318598
        },
        "2013-12": {
            "month": "2013-12",
            "price": "49.60",
            "revenue": 386166
        },
        "2014-01": {
            "month": "2014-01",
            "price": "59.81",
            "revenue": 350755
        },
        "2014-02": {
            "month": "2014-02",
            "price": "69.04",
            "revenue": 305877
        },
        "2014-03": {
            "month": "2014-03",
            "price": "71.06",
            "revenue": 368693
        },
        "2014-04": {
            "month": "2014-04",
            "price": "72.31",
            "revenue": 372840
        },
        "2014-05": {
            "month": "2014-05",
            "price": "80.13",
            "revenue": 340150
        },
        "2014-06": {
            "month": "2014-06",
            "price": "79.46",
            "revenue": 335520
        },
        "2014-07": {
            "month": "2014-07",
            "price": "89.28",
            "revenue": 580764
        },
        "2014-08": {
            "month": "2014-08",
            "price": "108.57",
            "revenue": 757355
        },
        "2014-09": {
            "month": "2014-09",
            "price": "110.93",
            "revenue": 854630
        },
        "2014-10": {
            "month": "2014-10",
            "price": "101.49",
            "revenue": 876667
        },
        "2014-11": {
            "month": "2014-11",
            "price": "89.90",
            "revenue": 827698
        },
        "2014-12": {
            "month": "2014-12",
            "price": "102.23",
            "revenue": 867458
        },
        "2015-01": {
            "month": "2015-01",
            "price": "97.54",
            "revenue": 805877
        },
        "2015-02": {
            "month": "2015-02",
            "price": "96.65",
            "revenue": 605324
        },
        "2015-03": {
            "month": "2015-03",
            "price": "97.46",
            "revenue": 1047941
        },
        "2015-04": {
            "month": "2015-04",
            "price": "103.58",
            "revenue": 871584
        },
        "2015-05": {
            "month": "2015-05",
            "price": "103.65",
            "revenue": 745398
        },
        "2015-06": {
            "month": "2015-06",
            "price": "96.85",
            "revenue": 848485
        },
        "2015-07": {
            "month": "2015-07",
            "price": "93.72",
            "revenue": 771404
        },
        "2015-08": {
            "month": "2015-08",
            "price": "91.30",
            "revenue": 715795
        },
        "2015-09": {
            "month": "2015-09",
            "price": "89.78",
            "revenue": 793600
        },
        "2015-10": {
            "month": "2015-10",
            "price": "84.01",
            "revenue": 782909
        },
        "2015-11": {
            "month": "2015-11",
            "price": "81.42",
            "revenue": 850053
        },
        "2015-12": {
            "month": "2015-12",
            "price": "83.78",
            "revenue": 837918
        },
        "2016-01": {
            "month": "2016-01",
            "price": "79.64",
            "revenue": 869095
        },
        "2016-02": {
            "month": "2016-02",
            "price": "81.29",
            "revenue": 701339
        },
        "2016-03": {
            "month": "2016-03",
            "price": "80.28",
            "revenue": 856175
        },
        "2016-04": {
            "month": "2016-04",
            "price": "78.55",
            "revenue": 833921
        },
        "2016-05": {
            "month": "2016-05",
            "price": "76.66",
            "revenue": 850622
        },
        "2016-06": {
            "month": "2016-06",
            "price": "77.32",
            "revenue": 877603
        },
        "2016-07": {
            "month": "2016-07",
            "price": "77.18",
            "revenue": 746254
        },
        "2016-08": {
            "month": "2016-08",
            "price": "76.15",
            "revenue": 830840
        },
        "2016-09": {
            "month": "2016-09",
            "price": "75.78",
            "revenue": 878652
        },
        "2016-10": {
            "month": "2016-10",
            "price": "74.24",
            "revenue": 837141
        },
        "2016-11": {
            "month": "2016-11",
            "price": "72.48",
            "revenue": 915064
        },
        "2016-12": {
            "month": "2016-12",
            "price": "74.67",
            "revenue": 800611
        },
        "2017-01": {
            "month": "2017-01",
            "price": "79.11",
            "revenue": 847980
        },
        "2017-02": {
            "month": "2017-02",
            "price": "88.76",
            "revenue": 754009
        },
        "2017-03": {
            "month": "2017-03",
            "price": "90.05",
            "revenue": 855549
        },
        "2017-04": {
            "month": "2017-04",
            "price": "88.56",
            "revenue": 770244
        },
        "2017-05": {
            "month": "2017-05",
            "price": "96.18",
            "revenue": 841209
        },
        "2017-06": {
            "month": "2017-06",
            "price": "106.67",
            "revenue": 887746
        },
        "2017-07": {
            "month": "2017-07",
            "price": "104.90",
            "revenue": 832548
        },
        "2017-08": {
            "month": "2017-08",
            "price": "101.77",
            "revenue": 881400
        },
        "2017-09": {
            "month": "2017-09",
            "price": "126.05",
            "revenue": 929719
        },
        "2017-10": {
            "month": "2017-10",
            "price": "134.24",
            "revenue": 867735
        },
        "2017-11": {
            "month": "2017-11",
            "price": "122.16",
            "revenue": 993995
        },
        "2017-12": {
            "month": "2017-12",
            "price": "107.38",
            "revenue": 864510
        },
        "2018-01": {
            "month": "2018-01",
            "price": "111.00",
            "revenue": 976610
        },
        "2018-02": {
            "month": "2018-02",
            "price": "105.96",
            "revenue": 790265
        },
        "2018-03": {
            "month": "2018-03",
            "price": "113.22",
            "revenue": 884891
        },
        "2018-04": {
            "month": "2018-04",
            "price": "118.94",
            "revenue": 1084743
        },
        "2018-05": {
            "month": "2018-05",
            "price": "111.48",
            "revenue": 839028
        },
        "2018-06": {
            "month": "2018-06",
            "price": "108.05",
            "revenue": 934834
        },
        "2018-07": {
            "month": "2018-07",
            "price": "99.74",
            "revenue": 896749
        },
        "2018-08": {
            "month": "2018-08",
            "price": "95.03",
            "revenue": 859736
        },
        "2018-09": {
            "month": "2018-09",
            "price": "86.09",
            "revenue": 936010
        },
        "2018-10": {
            "month": "2018-10",
            "price": "75.02",
            "revenue": 912795
        },
        "2018-11": {
            "month": "2018-11",
            "price": "75.23",
            "revenue": 918477
        },
        "2018-12": {
            "month": "2018-12",
            "price": "79.49",
            "revenue": 797931
        },
        "2019-01": {
            "month": "2019-01",
            "price": "77.35",
            "revenue": 895096
        },
        "2019-02": {
            "month": "2019-02",
            "price": "79.39",
            "revenue": 675760
        },
        "2019-03": {
            "month": "2019-03",
            "price": "79.94",
            "revenue": 983590
        },
        "2019-04": {
            "month": "2019-04",
            "price": "82.05",
            "revenue": 810237
        },
        "2019-05": {
            "month": "2019-05",
            "price": "73.08",
            "revenue": 828272
        },
        "2019-06": {
            "month": "2019-06",
            "price": "70.17",
            "revenue": 775698
        },
        "2019-07": {
            "month": "2019-07",
            "price": "69.16",
            "revenue": 809991
        },
        "2019-08": {
            "month": "2019-08",
            "price": "62.90",
            "revenue": 783692
        },
        "2019-09": {
            "month": "2019-09",
            "price": "64.00",
            "revenue": 861968
        },
        "2019-10": {
            "month": "2019-10",
            "price": "65.85",
            "revenue": 855212
        },
        "2019-11": {
            "month": "2019-11",
            "price": "64.41",
            "revenue": 845875
        },
        "2019-12": {
            "month": "2019-12",
            "price": "62.87",
            "revenue": 803177
        },
        "2020-01": {
            "month": "2020-01",
            "price": "64.34",
            "revenue": 777015
        },
        "2020-02": {
            "month": "2020-02",
            "price": "60.13",
            "revenue": 590464
        },
        "2020-03": {
            "month": "2020-03",
            "price": "47.92",
            "revenue": 627544
        },
        "2020-04": {
            "month": "2020-04",
            "price": "42.87",
            "revenue": 435669
        },
        "2020-05": {
            "month": "2020-05",
            "price": "43.36",
            "revenue": 577360
        },
        "2020-06": {
            "month": "2020-06",
            "price": "49.41",
            "revenue": 685033
        },
        "2020-07": {
            "month": "2020-07",
            "price": "48.20",
            "revenue": 777302
        },
        "2020-08": {
            "month": "2020-08",
            "price": "45.77",
            "revenue": 733741
        },
        "2020-09": {
            "month": "2020-09",
            "price": "49.17",
            "revenue": 905893
        },
        "2020-10": {
            "month": "2020-10",
            "price": "53.03",
            "revenue": 917746
        },
        "2020-11": {
            "month": "2020-11",
            "price": "57.30",
            "revenue": 909252
        },
        "2020-12": {
            "month": "2020-12",
            "price": "65.42",
            "revenue": 895228
        },
        "2021-01": {
            "month": "2021-01",
            "price": "71.07",
            "revenue": 872898
        },
        "2021-02": {
            "month": "2021-02",
            "price": "69.98",
            "revenue": 709411
        },
        "2021-03": {
            "month": "2021-03",
            "price": "70.34",
            "revenue": 910676
        },
        "2021-04": {
            "month": "2021-04",
            "price": "77.39",
            "revenue": 827044
        },
        "2021-05": {
            "month": "2021-05",
            "price": "69.06",
            "revenue": 803877
        },
        "2021-06": {
            "month": "2021-06",
            "price": "67.94",
            "revenue": 802849
        },
        "2021-07": {
            "month": "2021-07",
            "price": "67.06",
            "revenue": 868074
        },
        "2021-08": {
            "month": "2021-08",
            "price": "62.76",
            "revenue": 838219
        },
        "2021-09": {
            "month": "2021-09",
            "price": "60.70",
            "revenue": 846347
        },
        "2021-10": {
            "month": "2021-10",
            "price": "59.13",
            "revenue": 831146
        },
        "2021-11": {
            "month": "2021-11",
            "price": "58.21",
            "revenue": 938046
        },
        "2021-12": {
            "month": "2021-12",
            "price": "58.51",
            "revenue": 943706
        },
        "2022-01": {
            "month": "2022-01",
            "price": "62.10",
            "revenue": 1040814
        },
        "2022-02": {
            "month": "2022-02",
            "price": "60.36",
            "revenue": 868441
        },
        "2022-03": {
            "month": "2022-03",
            "price": "59.24",
            "revenue": 965989
        },
        "2022-04": {
            "month": "2022-04",
            "price": "59.15",
            "revenue": 738594
        },
        "2022-05": {
            "month": "2022-05",
            "price": "57.61",
            "revenue": 773850
        },
        "2022-06": {
            "month": "2022-06",
            "price": "58.18",
            "revenue": 1010664
        },
        "2022-07": {
            "month": "2022-07",
            "price": "53.47",
            "revenue": 931050
        },
        "2022-08": {
            "month": "2022-08",
            "price": "62.15",
            "revenue": 1091739
        },
        "2022-09": {
            "month": "2022-09",
            "price": "71.39",
            "revenue": 1086647
        },
        "2022-10": {
            "month": "2022-10",
            "price": "63.72",
            "revenue": 988576
        },
        "2022-11": {
            "month": "2022-11",
            "price": "61.56",
            "revenue": 1054220
        },
        "2022-12": {
            "month": "2022-12",
            "price": "60.56",
            "revenue": 917409
        },
        "2023-01": {
            "month": "2023-01",
            "price": "55.83",
            "revenue": 801208
        },
        "2023-02": {
            "month": "2023-02",
            "price": "65.00",
            "revenue": 870283
        },
        "2023-03": {
            "month": "2023-03",
            "price": "65.04",
            "revenue": 1018634
        },
        "2023-04": {
            "month": "2023-04",
            "price": "66.61",
            "revenue": 926311
        },
        "2023-05": {
            "month": "2023-05",
            "price": "63.98",
            "revenue": 1003035
        },
        "2023-06": {
            "month": "2023-06",
            "price": "65.94",
            "revenue": 1072763
        },
        "2023-07": {
            "month": "2023-07",
            "price": "63.71",
            "revenue": 965232
        },
        "2023-08": {
            "month": "2023-08",
            "price": "60.10",
            "revenue": 1104236
        },
        "2023-09": {
            "month": "2023-09",
            "price": "60.75",
            "revenue": 1050998
        },
        "2023-10": {
            "month": "2023-10",
            "price": "60.00",
            "revenue": 1081942
        },
        "2023-11": {
            "month": "2023-11",
            "price": "58.47",
            "revenue": 1141071
        }
    }
}
