{
    "summary": {
        "stock_name": "冠好",
        "stock_id": "8354",
        "category": "其他",
        "main_business": "自黏標籤<br>自黏膠帶<br>離型紙和紙",
        "website_url": "http://www.koanhao.com",
        "ceo": "李永坤",
        "pe_ratio": 26,
        "report_year_from": 2001,
        "report_year_to": 2023,
        "age": 22,
        "eps_negative_percentage": 14,
        "eps_growth_avg": {
            "last_all": -8.76,
            "last_2y": -10.6,
            "last_4y": -2.74,
            "last_8y": -1.23,
            "last_12y": 0.32,
            "last_16y": -15.46,
            "last_20y": null,
            "at_2006_last_3y": 16.23,
            "at_2007_last_3y": -6.43,
            "at_2008_last_3y": -40.57,
            "at_2009_last_3y": -58.86,
            "at_2010_last_3y": -75.39,
            "at_2011_last_3y": -99.36,
            "at_2012_last_3y": -45.04,
            "at_2013_last_3y": 7.3,
            "at_2014_last_3y": -11.21,
            "at_2015_last_3y": -15.35,
            "at_2016_last_3y": -23.18,
            "at_2017_last_3y": 0.65,
            "at_2018_last_3y": 31.4,
            "at_2019_last_3y": 24.19,
            "at_2020_last_3y": 13.22,
            "at_2021_last_3y": 13.22,
            "at_2022_last_3y": -22.11,
            "at_2023_last_3y": -22.11,
            "at_2006_last_all": 16.23,
            "at_2007_last_all": 7.5,
            "at_2008_last_all": -10.2,
            "at_2009_last_all": -23.03,
            "at_2010_last_all": -23.03,
            "at_2011_last_all": -23.03,
            "at_2012_last_all": -18.91,
            "at_2013_last_all": -16.29,
            "at_2014_last_all": -19.49,
            "at_2015_last_all": -20.24,
            "at_2016_last_all": -20.33,
            "at_2017_last_all": -11.08,
            "at_2018_last_all": -4.95,
            "at_2019_last_all": -8.39,
            "at_2020_last_all": -11.95,
            "at_2021_last_all": -5.36,
            "at_2022_last_all": -8.76,
            "at_2023_last_all": -8.76
        },
        "latest_eps": 0.55,
        "latest_price": 14.45,
        "latest_roe": 2.22,
        "latest_gross_margin": 11.24,
        "latest_equity": 1968376,
        "latest_revenue": 153678,
        "latest_gross_profit": 17269,
        "latest_net_income": -2089,
        "latest_debt_ratio": 54.73,
        "latest_current_ratio": 112.38,
        "latest_account_receivable_turnover_ratio": 0.9,
        "latest_inventory_turnover_ratio": 1.07,
        "latest_reinvestment_rate": -34.15,
        "latest_research_to_sale_ratio": 1.53
    },
    "eps_dividends": {
        "2001": {
            "cash": 0,
            "stock": 0,
            "eps": 0
        },
        "2002": {
            "cash": 0,
            "stock": 0,
            "eps": 1.44
        },
        "2003": {
            "cash": 0.5,
            "stock": 1.5,
            "eps": 2.35
        },
        "2004": {
            "cash": 0.5,
            "stock": 1.5,
            "eps": 3.24
        },
        "2005": {
            "cash": 0.6,
            "stock": 1.5,
            "eps": 2.37
        },
        "2006": {
            "cash": 1.2,
            "stock": 0.4,
            "eps": 2.15
        },
        "2007": {
            "cash": 1,
            "stock": 0.4,
            "eps": 1.56
        },
        "2008": {
            "cash": 0.6,
            "stock": 0,
            "eps": 0.02
        },
        "2009": {
            "cash": 0.32,
            "stock": 0,
            "eps": -0.34
        },
        "2010": {
            "cash": 0,
            "stock": 0,
            "eps": -0.02
        },
        "2011": {
            "cash": 0.1,
            "stock": 0.4,
            "eps": 2.72
        },
        "2012": {
            "cash": 0.4,
            "stock": 0.4,
            "eps": 2.99
        },
        "2013": {
            "cash": 0.4,
            "stock": 0.4,
            "eps": 3.13
        },
        "2014": {
            "cash": 0.4,
            "stock": 0.6,
            "eps": 1.62
        },
        "2015": {
            "cash": 0.8,
            "stock": 0,
            "eps": 1.17
        },
        "2016": {
            "cash": 0.7,
            "stock": 0,
            "eps": 0.92
        },
        "2017": {
            "cash": 0.5,
            "stock": 0,
            "eps": 1.86
        },
        "2018": {
            "cash": 0.5,
            "stock": 1,
            "eps": 3.25
        },
        "2019": {
            "cash": 0.6,
            "stock": 1.2,
            "eps": 1.41
        },
        "2020": {
            "cash": 0.7,
            "stock": 0,
            "eps": 0.49
        },
        "2021": {
            "cash": 0.3,
            "stock": 0,
            "eps": 3.05
        },
        "2022": {
            "cash": 0.8,
            "stock": 0,
            "eps": 1.02
        },
        "2023": {
            "cash": 0.3,
            "stock": 0,
            "eps": -0.03
        }
    },
    "dividends": {
        "2003-06-26": {
            "cash": 0.5,
            "stock": 1.5
        },
        "2004-04-14": {
            "cash": 0.5,
            "stock": 1.5
        },
        "2005-04-08": {
            "cash": 0.6,
            "stock": 1.5
        },
        "2006-03-24": {
            "cash": 1.2,
            "stock": 0.4
        },
        "2007-04-19": {
            "cash": 1,
            "stock": 0.4
        },
        "2008-03-28": {
            "cash": 0.6,
            "stock": 0
        },
        "2009-03-26": {
            "cash": 0.32,
            "stock": 0
        },
        "2011-04-27": {
            "cash": 0.1,
            "stock": 0.4
        },
        "2012-06-21": {
            "cash": 0.4,
            "stock": 0.4
        },
        "2013-06-18": {
            "cash": 0.4,
            "stock": 0.4
        },
        "2014-10-31": {
            "cash": 0.4,
            "stock": 0.6
        },
        "2015-10-30": {
            "cash": 0.8,
            "stock": 0
        },
        "2016-09-30": {
            "cash": 0.7,
            "stock": 0
        },
        "2017-09-04": {
            "cash": 0.5,
            "stock": 0
        },
        "2018-09-28": {
            "cash": 0.5,
            "stock": 1
        },
        "2019-10-14": {
            "cash": 0.6,
            "stock": 1.2
        },
        "2020-12-07": {
            "cash": 0.7,
            "stock": 0
        },
        "2021-10-25": {
            "cash": 0.3,
            "stock": 0
        },
        "2022-10-20": {
            "cash": 0.8,
            "stock": 0
        },
        "2023-03-16": {
            "cash": 0.3,
            "stock": 0
        }
    },
    "prices": {
        "200101": "無",
        "200102": "無",
        "200103": "無",
        "200104": "無",
        "200105": "無",
        "200106": "無",
        "200107": "無",
        "200108": "無",
        "200109": "無",
        "200110": "無",
        "200111": "無",
        "200112": "無",
        "200201": "無",
        "200202": "無",
        "200203": "無",
        "200204": "無",
        "200205": "無",
        "200206": "無",
        "200207": "無",
        "200208": "無",
        "200209": "無",
        "200210": "無",
        "200211": "無",
        "200212": "無",
        "200301": "無",
        "200302": "無",
        "200303": "無",
        "200304": "無",
        "200305": "無",
        "200306": "無",
        "200307": "無",
        "200308": "無",
        "200309": "無",
        "200310": "無",
        "200311": "26.87",
        "200312": "27.50",
        "200401": "29.26",
        "200402": "28.47",
        "200403": "30.48",
        "200404": "29.82",
        "200405": "28.48",
        "200406": "26.73",
        "200407": "26.16",
        "200408": "24.55",
        "200409": "22.64",
        "200410": "22.78",
        "200411": "21.19",
        "200412": "21.19",
        "200501": "21.45",
        "200502": "21.98",
        "200503": "22.43",
        "200504": "22.10",
        "200505": "21.61",
        "200506": "21.64",
        "200507": "21.11",
        "200508": "20.63",
        "200509": "17.84",
        "200510": "15.75",
        "200511": "17.32",
        "200512": "17.00",
        "200601": "16.33",
        "200602": "15.96",
        "200603": "15.75",
        "200604": "17.20",
        "200605": "17.66",
        "200606": "17.03",
        "200607": "17.15",
        "200608": "17.26",
        "200609": "17.68",
        "200610": "18.28",
        "200611": "16.95",
        "200612": "17.45",
        "200701": "19.39",
        "200702": "20.90",
        "200703": "20.48",
        "200704": "23.34",
        "200705": "28.32",
        "200706": "27.14",
        "200707": "27.18",
        "200708": "22.80",
        "200709": "20.90",
        "200710": "18.62",
        "200711": "17.23",
        "200712": "15.88",
        "200801": "15.18",
        "200802": "14.93",
        "200803": "15.81",
        "200804": "15.97",
        "200805": "16.53",
        "200806": "15.63",
        "200807": "13.45",
        "200808": "12.57",
        "200809": "10.10",
        "200810": "9.08",
        "200811": "8.49",
        "200812": "7.55",
        "200901": "7.13",
        "200902": "7.72",
        "200903": "8.53",
        "200904": "8.73",
        "200905": "8.30",
        "200906": "8.36",
        "200907": "9.07",
        "200908": "9.22",
        "200909": "9.68",
        "200910": "11.42",
        "200911": "12.19",
        "200912": "12.06",
        "201001": "13.10",
        "201002": "12.85",
        "201003": "13.30",
        "201004": "13.55",
        "201005": "13.58",
        "201006": "13.29",
        "201007": "12.72",
        "201008": "12.68",
        "201009": "12.31",
        "201010": "12.25",
        "201011": "11.31",
        "201012": "11.36",
        "201101": "11.27",
        "201102": "11.68",
        "201103": "11.34",
        "201104": "11.48",
        "201105": "11.64",
        "201106": "11.65",
        "201107": "11.47",
        "201108": "11.03",
        "201109": "10.27",
        "201110": "9.89",
        "201111": "9.85",
        "201112": "9.51",
        "201201": "10.05",
        "201202": "11.28",
        "201203": "12.30",
        "201204": "12.80",
        "201205": "11.55",
        "201206": "11.95",
        "201207": "12.30",
        "201208": "12.28",
        "201209": "12.40",
        "201210": "11.43",
        "201211": "11.91",
        "201212": "12.30",
        "201301": "12.51",
        "201302": "13.01",
        "201303": "13.46",
        "201304": "14.34",
        "201305": "16.79",
        "201306": "18.07",
        "201307": "20.65",
        "201308": "19.45",
        "201309": "17.21",
        "201310": "17.23",
        "201311": "16.23",
        "201312": "16.83",
        "201401": "17.87",
        "201402": "17.91",
        "201403": "19.19",
        "201404": "18.50",
        "201405": "17.27",
        "201406": "17.16",
        "201407": "17.08",
        "201408": "17.81",
        "201409": "17.07",
        "201410": "16.72",
        "201411": "17.09",
        "201412": "16.81",
        "201501": "16.61",
        "201502": "16.71",
        "201503": "16.96",
        "201504": "17.53",
        "201505": "16.82",
        "201506": "15.97",
        "201507": "15.02",
        "201508": "12.61",
        "201509": "13.32",
        "201510": "13.99",
        "201511": "14.87",
        "201512": "15.12",
        "201601": "15.02",
        "201602": "15.28",
        "201603": "16.87",
        "201604": "16.91",
        "201605": "17.00",
        "201606": "16.88",
        "201607": "16.92",
        "201608": "16.97",
        "201609": "16.94",
        "201610": "17.60",
        "201611": "17.30",
        "201612": "17.21",
        "201701": "16.88",
        "201702": "16.59",
        "201703": "16.24",
        "201704": "16.14",
        "201705": "16.04",
        "201706": "16.30",
        "201707": "17.22",
        "201708": "17.61",
        "201709": "17.57",
        "201710": "17.63",
        "201711": "17.98",
        "201712": "18.66",
        "201801": "18.86",
        "201802": "18.63",
        "201803": "19.21",
        "201804": "19.67",
        "201805": "20.03",
        "201806": "20.12",
        "201807": "20.05",
        "201808": "20.40",
        "201809": "19.27",
        "201810": "18.54",
        "201811": "18.42",
        "201812": "18.77",
        "201901": "18.65",
        "201902": "18.82",
        "201903": "19.69",
        "201904": "20.62",
        "201905": "20.33",
        "201906": "20.57",
        "201907": "20.27",
        "201908": "20.52",
        "201909": "20.42",
        "201910": "19.45",
        "201911": "19.33",
        "201912": "19.02",
        "202001": "18.88",
        "202002": "18.77",
        "202003": "17.16",
        "202004": "17.10",
        "202005": "17.42",
        "202006": "17.95",
        "202007": "17.96",
        "202008": "17.46",
        "202009": "17.27",
        "202010": "17.04",
        "202011": "16.96",
        "202012": "16.85",
        "202101": "16.62",
        "202102": "16.11",
        "202103": "15.72",
        "202104": "16.65",
        "202105": "15.95",
        "202106": "15.70",
        "202107": "15.60",
        "202108": "14.98",
        "202109": "14.71",
        "202110": "14.62",
        "202111": "14.80",
        "202112": "14.69",
        "202201": "14.81",
        "202202": "14.61",
        "202203": "14.48",
        "202204": "14.83",
        "202205": "14.68",
        "202206": "14.89",
        "202207": "14.60",
        "202208": "14.81",
        "202209": "14.71",
        "202210": "14.10",
        "202211": "14.32",
        "202212": "14.28",
        "202301": "14.22",
        "202302": "14.42",
        "202303": "14.46",
        "202304": "14.28",
        "202305": "14.25",
        "202306": "14.46"
    },
    "quarters": {
        "20011": {
            "year_quarter": 20011,
            "year": 2001,
            "quarter": 1,
            "eps": null,
            "eps_growth_year": null,
            "eps_4q": null,
            "eps_4q_growth_year": null,
            "roe": null,
            "roe_4q": 0,
            "gross_profit": null,
            "gross_margin": null,
            "gross_margin_4q_avg": 0,
            "net_income": null,
            "revenue": null,
            "common_shares": null,
            "book_valuer_per_share": null,
            "book_valuer_per_share_4q_avg": 0,
            "equity": null,
            "current_ratio": null,
            "debt_ratio": null,
            "inventory_turnover_ratio": null,
            "account_receivable_turnover_ratio": null,
            "reinvestment_rate": null,
            "research_to_sale_ratio": null,
            "price_fair": 0,
            "eps_avg_yearly": 0,
            "eps_latest_yearly": 0,
            "eps_growth_yearly": 0
        },
        "20012": {
            "year_quarter": 20012,
            "year": 2001,
            "quarter": 2,
            "eps": null,
            "eps_growth_year": null,
            "eps_4q": null,
            "eps_4q_growth_year": null,
            "roe": null,
            "roe_4q": 0,
            "gross_profit": null,
            "gross_margin": null,
            "gross_margin_4q_avg": 0,
            "net_income": null,
            "revenue": null,
            "common_shares": null,
            "book_valuer_per_share": null,
            "book_valuer_per_share_4q_avg": 0,
            "equity": null,
            "current_ratio": null,
            "debt_ratio": null,
            "inventory_turnover_ratio": null,
            "account_receivable_turnover_ratio": null,
            "reinvestment_rate": null,
            "research_to_sale_ratio": null,
            "price_fair": 0,
            "eps_avg_yearly": 0,
            "eps_latest_yearly": 0,
            "eps_growth_yearly": 0
        },
        "20013": {
            "year_quarter": 20013,
            "year": 2001,
            "quarter": 3,
            "eps": null,
            "eps_growth_year": null,
            "eps_4q": null,
            "eps_4q_growth_year": null,
            "roe": null,
            "roe_4q": 0,
            "gross_profit": null,
            "gross_margin": null,
            "gross_margin_4q_avg": 0,
            "net_income": null,
            "revenue": null,
            "common_shares": null,
            "book_valuer_per_share": null,
            "book_valuer_per_share_4q_avg": 0,
            "equity": null,
            "current_ratio": null,
            "debt_ratio": null,
            "inventory_turnover_ratio": null,
            "account_receivable_turnover_ratio": null,
            "reinvestment_rate": null,
            "research_to_sale_ratio": null,
            "price_fair": 0,
            "eps_avg_yearly": 0,
            "eps_latest_yearly": 0,
            "eps_growth_yearly": 0
        },
        "20014": {
            "year_quarter": 20014,
            "year": 2001,
            "quarter": 4,
            "eps": null,
            "eps_growth_year": null,
            "eps_4q": null,
            "eps_4q_growth_year": null,
            "roe": null,
            "roe_4q": 0,
            "gross_profit": null,
            "gross_margin": null,
            "gross_margin_4q_avg": 0,
            "net_income": null,
            "revenue": null,
            "common_shares": 242069,
            "book_valuer_per_share": 15.83,
            "book_valuer_per_share_4q_avg": 3.96,
            "equity": 383304,
            "current_ratio": 208.65,
            "debt_ratio": 38.56,
            "inventory_turnover_ratio": null,
            "account_receivable_turnover_ratio": null,
            "reinvestment_rate": null,
            "research_to_sale_ratio": null,
            "price_fair": 0,
            "eps_avg_yearly": 0,
            "eps_latest_yearly": 0,
            "eps_growth_yearly": 0
        },
        "20021": {
            "year_quarter": 20021,
            "year": 2002,
            "quarter": 1,
            "eps": null,
            "eps_growth_year": null,
            "eps_4q": null,
            "eps_4q_growth_year": null,
            "roe": null,
            "roe_4q": 0,
            "gross_profit": null,
            "gross_margin": null,
            "gross_margin_4q_avg": 0,
            "net_income": null,
            "revenue": null,
            "common_shares": null,
            "book_valuer_per_share": null,
            "book_valuer_per_share_4q_avg": 3.96,
            "equity": null,
            "current_ratio": null,
            "debt_ratio": null,
            "inventory_turnover_ratio": null,
            "account_receivable_turnover_ratio": null,
            "reinvestment_rate": null,
            "research_to_sale_ratio": null,
            "price_fair": 0,
            "eps_avg_yearly": 0,
            "eps_latest_yearly": 0,
            "eps_growth_yearly": 0
        },
        "20022": {
            "year_quarter": 20022,
            "year": 2002,
            "quarter": 2,
            "eps": null,
            "eps_growth_year": null,
            "eps_4q": null,
            "eps_4q_growth_year": null,
            "roe": null,
            "roe_4q": 0,
            "gross_profit": null,
            "gross_margin": null,
            "gross_margin_4q_avg": 0,
            "net_income": null,
            "revenue": null,
            "common_shares": null,
            "book_valuer_per_share": null,
            "book_valuer_per_share_4q_avg": 3.96,
            "equity": null,
            "current_ratio": null,
            "debt_ratio": null,
            "inventory_turnover_ratio": null,
            "account_receivable_turnover_ratio": null,
            "reinvestment_rate": null,
            "research_to_sale_ratio": null,
            "price_fair": 0,
            "eps_avg_yearly": 0,
            "eps_latest_yearly": 0,
            "eps_growth_yearly": 0
        },
        "20023": {
            "year_quarter": 20023,
            "year": 2002,
            "quarter": 3,
            "eps": 0.86,
            "eps_growth_year": null,
            "eps_4q": null,
            "eps_4q_growth_year": null,
            "roe": 5.35,
            "roe_4q": 5.35,
            "gross_profit": 59194,
            "gross_margin": 24.32,
            "gross_margin_4q_avg": 6.08,
            "net_income": 22985,
            "revenue": 243422,
            "common_shares": 267506,
            "book_valuer_per_share": 16.07,
            "book_valuer_per_share_4q_avg": 7.98,
            "equity": 429853,
            "current_ratio": 178.27,
            "debt_ratio": 47.9,
            "inventory_turnover_ratio": 0.95,
            "account_receivable_turnover_ratio": null,
            "reinvestment_rate": null,
            "research_to_sale_ratio": null,
            "price_fair": 0,
            "eps_avg_yearly": 0,
            "eps_latest_yearly": 0,
            "eps_growth_yearly": 0
        },
        "20024": {
            "year_quarter": 20024,
            "year": 2002,
            "quarter": 4,
            "eps": 0.58,
            "eps_growth_year": null,
            "eps_4q": null,
            "eps_4q_growth_year": null,
            "roe": 3.45,
            "roe_4q": 8.8,
            "gross_profit": 55376,
            "gross_margin": 23.21,
            "gross_margin_4q_avg": 11.88,
            "net_income": 16104,
            "revenue": 238609,
            "common_shares": 306276,
            "book_valuer_per_share": 16.48,
            "book_valuer_per_share_4q_avg": 8.14,
            "equity": 504727,
            "current_ratio": 254.12,
            "debt_ratio": 36.04,
            "inventory_turnover_ratio": 1,
            "account_receivable_turnover_ratio": null,
            "reinvestment_rate": null,
            "research_to_sale_ratio": null,
            "price_fair": 6.96,
            "eps_avg_yearly": 2.32,
            "eps_latest_yearly": 2.32,
            "eps_growth_yearly": -130.23
        },
        "20031": {
            "year_quarter": 20031,
            "year": 2003,
            "quarter": 1,
            "eps": 0.43,
            "eps_growth_year": null,
            "eps_4q": null,
            "eps_4q_growth_year": null,
            "roe": 2.59,
            "roe_4q": 11.39,
            "gross_profit": 50809,
            "gross_margin": 21.42,
            "gross_margin_4q_avg": 17.24,
            "net_income": 13243,
            "revenue": 237156,
            "common_shares": 306276,
            "book_valuer_per_share": 16.91,
            "book_valuer_per_share_4q_avg": 12.37,
            "equity": 517894,
            "current_ratio": 243.72,
            "debt_ratio": 38.79,
            "inventory_turnover_ratio": 0.99,
            "account_receivable_turnover_ratio": null,
            "reinvestment_rate": null,
            "research_to_sale_ratio": null,
            "price_fair": 6.06,
            "eps_avg_yearly": 2.02,
            "eps_latest_yearly": 1.72,
            "eps_growth_yearly": -116.84
        },
        "20032": {
            "year_quarter": 20032,
            "year": 2003,
            "quarter": 2,
            "eps": 0.77,
            "eps_growth_year": null,
            "eps_4q": 2.26,
            "eps_4q_growth_year": null,
            "roe": 5.18,
            "roe_4q": 16.57,
            "gross_profit": 68877,
            "gross_margin": 23.9,
            "gross_margin_4q_avg": 23.21,
            "net_income": 27051,
            "revenue": 288170,
            "common_shares": 352217,
            "book_valuer_per_share": 14.93,
            "book_valuer_per_share_4q_avg": 16.1,
            "equity": 525995,
            "current_ratio": 218.5,
            "debt_ratio": 41.23,
            "inventory_turnover_ratio": 1.07,
            "account_receivable_turnover_ratio": null,
            "reinvestment_rate": null,
            "research_to_sale_ratio": null,
            "price_fair": 83.07,
            "eps_avg_yearly": 2.37,
            "eps_latest_yearly": 3.08,
            "eps_growth_yearly": 27.53
        },
        "20033": {
            "year_quarter": 20033,
            "year": 2003,
            "quarter": 3,
            "eps": 0.53,
            "eps_growth_year": -38.37,
            "eps_4q": 2.12,
            "eps_4q_growth_year": null,
            "roe": 3.51,
            "roe_4q": 14.73,
            "gross_profit": 68120,
            "gross_margin": 22.15,
            "gross_margin_4q_avg": 22.67,
            "net_income": 18817,
            "revenue": 307492,
            "common_shares": 352217,
            "book_valuer_per_share": 15.47,
            "book_valuer_per_share_4q_avg": 15.95,
            "equity": 544811,
            "current_ratio": 197.33,
            "debt_ratio": 43.46,
            "inventory_turnover_ratio": 1.09,
            "account_receivable_turnover_ratio": null,
            "reinvestment_rate": null,
            "research_to_sale_ratio": null,
            "price_fair": 6.93,
            "eps_avg_yearly": 2.31,
            "eps_latest_yearly": 2.12,
            "eps_growth_yearly": -10.52
        },
        "20034": {
            "year_quarter": 20034,
            "year": 2003,
            "quarter": 4,
            "eps": 0.62,
            "eps_growth_year": 6.9,
            "eps_4q": 2.29,
            "eps_4q_growth_year": null,
            "roe": 3.95,
            "roe_4q": 15.23,
            "gross_profit": 74570,
            "gross_margin": 22.05,
            "gross_margin_4q_avg": 22.38,
            "net_income": 21921,
            "revenue": 338230,
            "common_shares": 352217,
            "book_valuer_per_share": 16.08,
            "book_valuer_per_share_4q_avg": 15.85,
            "equity": 566311,
            "current_ratio": 223.07,
            "debt_ratio": 41.24,
            "inventory_turnover_ratio": 1.26,
            "account_receivable_turnover_ratio": null,
            "reinvestment_rate": null,
            "research_to_sale_ratio": null,
            "price_fair": 35.56,
            "eps_avg_yearly": 2.34,
            "eps_latest_yearly": 2.48,
            "eps_growth_yearly": 5.17
        },
        "20041": {
            "year_quarter": 20041,
            "year": 2004,
            "quarter": 1,
            "eps": 0.67,
            "eps_growth_year": 55.81,
            "eps_4q": 2.6,
            "eps_4q_growth_year": null,
            "roe": 4.07,
            "roe_4q": 16.71,
            "gross_profit": 70112,
            "gross_margin": 21.89,
            "gross_margin_4q_avg": 22.5,
            "net_income": 23493,
            "revenue": 320304,
            "common_shares": 352217,
            "book_valuer_per_share": 16.72,
            "book_valuer_per_share_4q_avg": 15.8,
            "equity": 588829,
            "current_ratio": 208.07,
            "debt_ratio": 44.32,
            "inventory_turnover_ratio": 1.14,
            "account_receivable_turnover_ratio": null,
            "reinvestment_rate": null,
            "research_to_sale_ratio": null,
            "price_fair": 47.24,
            "eps_avg_yearly": 2.4,
            "eps_latest_yearly": 2.68,
            "eps_growth_yearly": 9.68
        },
        "20042": {
            "year_quarter": 20042,
            "year": 2004,
            "quarter": 2,
            "eps": 1.12,
            "eps_growth_year": 45.45,
            "eps_4q": 2.71,
            "eps_4q_growth_year": 19.93,
            "roe": 7.53,
            "roe_4q": 19.060000000000002,
            "gross_profit": 88198,
            "gross_margin": 22.7,
            "gross_margin_4q_avg": 22.2,
            "net_income": 45245,
            "revenue": 388621,
            "common_shares": 405049,
            "book_valuer_per_share": 15.14,
            "book_valuer_per_share_4q_avg": 15.85,
            "equity": 613069,
            "current_ratio": 176.89,
            "debt_ratio": 49.75,
            "inventory_turnover_ratio": 1.11,
            "account_receivable_turnover_ratio": null,
            "reinvestment_rate": null,
            "research_to_sale_ratio": null,
            "price_fair": 94.4,
            "eps_avg_yearly": 2.7,
            "eps_latest_yearly": 4.48,
            "eps_growth_yearly": 46.68
        },
        "20043": {
            "year_quarter": 20043,
            "year": 2004,
            "quarter": 3,
            "eps": 0.88,
            "eps_growth_year": 66.04,
            "eps_4q": 3.11,
            "eps_4q_growth_year": 47.02,
            "roe": 5.66,
            "roe_4q": 21.21,
            "gross_profit": 81231,
            "gross_margin": 21.19,
            "gross_margin_4q_avg": 21.96,
            "net_income": 35702,
            "revenue": 383302,
            "common_shares": 405050,
            "book_valuer_per_share": 16.03,
            "book_valuer_per_share_4q_avg": 15.99,
            "equity": 649208,
            "current_ratio": 172.11,
            "debt_ratio": 47.98,
            "inventory_turnover_ratio": 1.01,
            "account_receivable_turnover_ratio": null,
            "reinvestment_rate": null,
            "research_to_sale_ratio": null,
            "price_fair": 98,
            "eps_avg_yearly": 2.8,
            "eps_latest_yearly": 3.52,
            "eps_growth_yearly": 30.13
        },
        "20044": {
            "year_quarter": 20044,
            "year": 2004,
            "quarter": 4,
            "eps": 0.57,
            "eps_growth_year": -8.06,
            "eps_4q": 3.14,
            "eps_4q_growth_year": 36.82,
            "roe": 3.52,
            "roe_4q": 20.78,
            "gross_profit": 68528,
            "gross_margin": 18.48,
            "gross_margin_4q_avg": 21.07,
            "net_income": 23202,
            "revenue": 370802,
            "common_shares": 405049,
            "book_valuer_per_share": 16.49,
            "book_valuer_per_share_4q_avg": 16.1,
            "equity": 668096,
            "current_ratio": 214.64,
            "debt_ratio": 44.19,
            "inventory_turnover_ratio": 1,
            "account_receivable_turnover_ratio": null,
            "reinvestment_rate": null,
            "research_to_sale_ratio": null,
            "price_fair": 57.93,
            "eps_avg_yearly": 2.74,
            "eps_latest_yearly": 2.28,
            "eps_growth_yearly": 11.13
        },
        "20051": {
            "year_quarter": 20051,
            "year": 2005,
            "quarter": 1,
            "eps": 0.39,
            "eps_growth_year": -41.79,
            "eps_4q": 2.97,
            "eps_4q_growth_year": 14.18,
            "roe": 2.33,
            "roe_4q": 19.04,
            "gross_profit": 56697,
            "gross_margin": 17.34,
            "gross_margin_4q_avg": 19.93,
            "net_income": 15729,
            "revenue": 326881,
            "common_shares": 405049,
            "book_valuer_per_share": 16.86,
            "book_valuer_per_share_4q_avg": 16.13,
            "equity": 683006,
            "current_ratio": 220.64,
            "debt_ratio": 40.92,
            "inventory_turnover_ratio": 0.95,
            "account_receivable_turnover_ratio": null,
            "reinvestment_rate": null,
            "research_to_sale_ratio": null,
            "price_fair": 7.87,
            "eps_avg_yearly": 2.62,
            "eps_latest_yearly": 1.56,
            "eps_growth_yearly": -2.62
        },
        "20052": {
            "year_quarter": 20052,
            "year": 2005,
            "quarter": 2,
            "eps": 0.47,
            "eps_growth_year": -58.04,
            "eps_4q": 2.32,
            "eps_4q_growth_year": -14.29,
            "roe": 2.8,
            "roe_4q": 14.31,
            "gross_profit": 73486,
            "gross_margin": 19,
            "gross_margin_4q_avg": 19,
            "net_income": 18933,
            "revenue": 386755,
            "common_shares": 405049,
            "book_valuer_per_share": 16.57,
            "book_valuer_per_share_4q_avg": 16.49,
            "equity": 671153,
            "current_ratio": 198.61,
            "debt_ratio": 44.87,
            "inventory_turnover_ratio": 1.19,
            "account_receivable_turnover_ratio": null,
            "reinvestment_rate": null,
            "research_to_sale_ratio": null,
            "price_fair": 38.55,
            "eps_avg_yearly": 2.56,
            "eps_latest_yearly": 1.88,
            "eps_growth_yearly": 5.08
        },
        "20053": {
            "year_quarter": 20053,
            "year": 2005,
            "quarter": 3,
            "eps": 1.02,
            "eps_growth_year": 15.91,
            "eps_4q": 2.26,
            "eps_4q_growth_year": -27.44,
            "roe": 6.82,
            "roe_4q": 15.47,
            "gross_profit": 82820,
            "gross_margin": 21.08,
            "gross_margin_4q_avg": 18.98,
            "net_income": 47602,
            "revenue": 392908,
            "common_shares": 465807,
            "book_valuer_per_share": 15.55,
            "book_valuer_per_share_4q_avg": 16.37,
            "equity": 724340,
            "current_ratio": 205.48,
            "debt_ratio": 43.18,
            "inventory_turnover_ratio": 1.13,
            "account_receivable_turnover_ratio": null,
            "reinvestment_rate": null,
            "research_to_sale_ratio": null,
            "price_fair": 93.92,
            "eps_avg_yearly": 2.68,
            "eps_latest_yearly": 4.08,
            "eps_growth_yearly": 43.66
        },
        "20054": {
            "year_quarter": 20054,
            "year": 2005,
            "quarter": 4,
            "eps": 0.49,
            "eps_growth_year": -14.04,
            "eps_4q": 2.26,
            "eps_4q_growth_year": -28.05,
            "roe": 3.2,
            "roe_4q": 15.15,
            "gross_profit": 68721,
            "gross_margin": 17.8,
            "gross_margin_4q_avg": 18.81,
            "net_income": 22824,
            "revenue": 386169,
            "common_shares": 465807,
            "book_valuer_per_share": 15.03,
            "book_valuer_per_share_4q_avg": 16,
            "equity": 700288,
            "current_ratio": 199.59,
            "debt_ratio": 44.28,
            "inventory_turnover_ratio": 1.04,
            "account_receivable_turnover_ratio": null,
            "reinvestment_rate": null,
            "research_to_sale_ratio": null,
            "price_fair": 90.17,
            "eps_avg_yearly": 2.63,
            "eps_latest_yearly": 1.96,
            "eps_growth_yearly": 24.32
        },
        "20061": {
            "year_quarter": 20061,
            "year": 2006,
            "quarter": 1,
            "eps": 0.52,
            "eps_growth_year": 33.33,
            "eps_4q": 2.56,
            "eps_4q_growth_year": -13.96,
            "roe": 3.21,
            "roe_4q": 16.03,
            "gross_profit": 65374,
            "gross_margin": 18.11,
            "gross_margin_4q_avg": 19,
            "net_income": 22805,
            "revenue": 361007,
            "common_shares": 465807,
            "book_valuer_per_share": 15.51,
            "book_valuer_per_share_4q_avg": 15.67,
            "equity": 722520,
            "current_ratio": 189.34,
            "debt_ratio": 43.09,
            "inventory_turnover_ratio": 0.94,
            "account_receivable_turnover_ratio": null,
            "reinvestment_rate": null,
            "research_to_sale_ratio": null,
            "price_fair": 88.86,
            "eps_avg_yearly": 2.59,
            "eps_latest_yearly": 2.08,
            "eps_growth_yearly": 24.33
        },
        "20062": {
            "year_quarter": 20062,
            "year": 2006,
            "quarter": 2,
            "eps": 0.64,
            "eps_growth_year": 36.17,
            "eps_4q": 2.77,
            "eps_4q_growth_year": 19.17,
            "roe": 3.97,
            "roe_4q": 17.2,
            "gross_profit": 71964,
            "gross_margin": 17.58,
            "gross_margin_4q_avg": 18.64,
            "net_income": 28040,
            "revenue": 409328,
            "common_shares": 484439,
            "book_valuer_per_share": 14.22,
            "book_valuer_per_share_4q_avg": 15.08,
            "equity": 689041,
            "current_ratio": 170.27,
            "debt_ratio": 47.03,
            "inventory_turnover_ratio": 1.11,
            "account_receivable_turnover_ratio": null,
            "reinvestment_rate": 65.4,
            "research_to_sale_ratio": null,
            "price_fair": 90.53,
            "eps_avg_yearly": 2.59,
            "eps_latest_yearly": 2.56,
            "eps_growth_yearly": 28.86
        },
        "20063": {
            "year_quarter": 20063,
            "year": 2006,
            "quarter": 3,
            "eps": 0.51,
            "eps_growth_year": -50,
            "eps_4q": 2.19,
            "eps_4q_growth_year": -3.26,
            "roe": 3.09,
            "roe_4q": 13.469999999999999,
            "gross_profit": 61665,
            "gross_margin": 15.78,
            "gross_margin_4q_avg": 17.32,
            "net_income": 22414,
            "revenue": 390887,
            "common_shares": 484439,
            "book_valuer_per_share": 15.74,
            "book_valuer_per_share_4q_avg": 15.13,
            "equity": 762394,
            "current_ratio": 180.73,
            "debt_ratio": 43.14,
            "inventory_turnover_ratio": 1.05,
            "account_receivable_turnover_ratio": null,
            "reinvestment_rate": 3.06,
            "research_to_sale_ratio": null,
            "price_fair": 81.63,
            "eps_avg_yearly": 2.55,
            "eps_latest_yearly": 2.04,
            "eps_growth_yearly": 21.98
        },
        "20064": {
            "year_quarter": 20064,
            "year": 2006,
            "quarter": 4,
            "eps": 0.48,
            "eps_growth_year": -2.04,
            "eps_4q": 2.07,
            "eps_4q_growth_year": -8.37,
            "roe": 2.87,
            "roe_4q": 13.14,
            "gross_profit": 58874,
            "gross_margin": 16.07,
            "gross_margin_4q_avg": 16.89,
            "net_income": 22154,
            "revenue": 366345,
            "common_shares": 484439,
            "book_valuer_per_share": 16.15,
            "book_valuer_per_share_4q_avg": 15.41,
            "equity": 782182,
            "current_ratio": 231.37,
            "debt_ratio": 37.74,
            "inventory_turnover_ratio": 0.9,
            "account_receivable_turnover_ratio": null,
            "reinvestment_rate": 1.3,
            "research_to_sale_ratio": null,
            "price_fair": 88.46,
            "eps_avg_yearly": 2.53,
            "eps_latest_yearly": 1.92,
            "eps_growth_yearly": 28.65
        },
        "20071": {
            "year_quarter": 20071,
            "year": 2007,
            "quarter": 1,
            "eps": 0.36,
            "eps_growth_year": -30.77,
            "eps_4q": 1.87,
            "eps_4q_growth_year": -26.93,
            "roe": 2.19,
            "roe_4q": 12.120000000000001,
            "gross_profit": 59960,
            "gross_margin": 16.49,
            "gross_margin_4q_avg": 16.48,
            "net_income": 17324,
            "revenue": 363643,
            "common_shares": 484439,
            "book_valuer_per_share": 16.56,
            "book_valuer_per_share_4q_avg": 15.67,
            "equity": 802105,
            "current_ratio": 194.89,
            "debt_ratio": 39.22,
            "inventory_turnover_ratio": 0.88,
            "account_receivable_turnover_ratio": null,
            "reinvestment_rate": 0.94,
            "research_to_sale_ratio": null,
            "price_fair": 87.85,
            "eps_avg_yearly": 2.51,
            "eps_latest_yearly": 1.44,
            "eps_growth_yearly": 28.86
        },
        "20072": {
            "year_quarter": 20072,
            "year": 2007,
            "quarter": 2,
            "eps": 0.28,
            "eps_growth_year": -56.25,
            "eps_4q": 1.54,
            "eps_4q_growth_year": -44.18,
            "roe": 1.75,
            "roe_4q": 9.9,
            "gross_profit": 60909,
            "gross_margin": 14.99,
            "gross_margin_4q_avg": 15.83,
            "net_income": 13700,
            "revenue": 406200,
            "common_shares": 503820,
            "book_valuer_per_share": 15.13,
            "book_valuer_per_share_4q_avg": 15.9,
            "equity": 762513,
            "current_ratio": 167.79,
            "debt_ratio": 44.92,
            "inventory_turnover_ratio": 1,
            "account_receivable_turnover_ratio": null,
            "reinvestment_rate": 1.65,
            "research_to_sale_ratio": null,
            "price_fair": 32.33,
            "eps_avg_yearly": 2.39,
            "eps_latest_yearly": 1.12,
            "eps_growth_yearly": 3.54
        },
        "20073": {
            "year_quarter": 20073,
            "year": 2007,
            "quarter": 3,
            "eps": 0.71,
            "eps_growth_year": 39.22,
            "eps_4q": 1.76,
            "eps_4q_growth_year": -19.53,
            "roe": 4.61,
            "roe_4q": 11.420000000000002,
            "gross_profit": 65586,
            "gross_margin": 15.5,
            "gross_margin_4q_avg": 15.76,
            "net_income": 35987,
            "revenue": 423010,
            "common_shares": 503820,
            "book_valuer_per_share": 15.86,
            "book_valuer_per_share_4q_avg": 15.93,
            "equity": 799305,
            "current_ratio": 165.81,
            "debt_ratio": 45.45,
            "inventory_turnover_ratio": 0.97,
            "account_receivable_turnover_ratio": null,
            "reinvestment_rate": -1.56,
            "research_to_sale_ratio": null,
            "price_fair": 85.14,
            "eps_avg_yearly": 2.43,
            "eps_latest_yearly": 2.84,
            "eps_growth_yearly": 49.73
        },
        "20074": {
            "year_quarter": 20074,
            "year": 2007,
            "quarter": 4,
            "eps": 0.21,
            "eps_growth_year": -56.25,
            "eps_4q": 1.52,
            "eps_4q_growth_year": -26.37,
            "roe": 1.33,
            "roe_4q": 9.88,
            "gross_profit": 58495,
            "gross_margin": 13.8,
            "gross_margin_4q_avg": 15.2,
            "net_income": 10724,
            "revenue": 423738,
            "common_shares": 503820,
            "book_valuer_per_share": 16.13,
            "book_valuer_per_share_4q_avg": 15.92,
            "equity": 812581,
            "current_ratio": 204.6,
            "debt_ratio": 42,
            "inventory_turnover_ratio": 0.96,
            "account_receivable_turnover_ratio": null,
            "reinvestment_rate": 0.45,
            "research_to_sale_ratio": null,
            "price_fair": 81.55,
            "eps_avg_yearly": 2.33,
            "eps_latest_yearly": 0.84,
            "eps_growth_yearly": 27.87
        },
        "20081": {
            "year_quarter": 20081,
            "year": 2008,
            "quarter": 1,
            "eps": 0.14,
            "eps_growth_year": -61.11,
            "eps_4q": 1.35,
            "eps_4q_growth_year": -27.5,
            "roe": 0.84,
            "roe_4q": 8.530000000000001,
            "gross_profit": 72977,
            "gross_margin": 17.7,
            "gross_margin_4q_avg": 15.5,
            "net_income": 6961,
            "revenue": 412200,
            "common_shares": 503820,
            "book_valuer_per_share": 16.76,
            "book_valuer_per_share_4q_avg": 15.97,
            "equity": 844158,
            "current_ratio": 338.59,
            "debt_ratio": 39.08,
            "inventory_turnover_ratio": 0.86,
            "account_receivable_turnover_ratio": null,
            "reinvestment_rate": -1.25,
            "research_to_sale_ratio": null,
            "price_fair": 60.49,
            "eps_avg_yearly": 2.2,
            "eps_latest_yearly": 0.56,
            "eps_growth_yearly": 17.53
        },
        "20082": {
            "year_quarter": 20082,
            "year": 2008,
            "quarter": 2,
            "eps": 0.42,
            "eps_growth_year": 50,
            "eps_4q": 1.49,
            "eps_4q_growth_year": -3.32,
            "roe": 2.5,
            "roe_4q": 9.280000000000001,
            "gross_profit": 70959,
            "gross_margin": 15.67,
            "gross_margin_4q_avg": 15.67,
            "net_income": 20995,
            "revenue": 452957,
            "common_shares": 503820,
            "book_valuer_per_share": 16.53,
            "book_valuer_per_share_4q_avg": 16.32,
            "equity": 833047,
            "current_ratio": 289.49,
            "debt_ratio": 43.14,
            "inventory_turnover_ratio": 0.86,
            "account_receivable_turnover_ratio": null,
            "reinvestment_rate": -2.32,
            "research_to_sale_ratio": null,
            "price_fair": 70.79,
            "eps_avg_yearly": 2.02,
            "eps_latest_yearly": 1.68,
            "eps_growth_yearly": 50.73
        },
        "20083": {
            "year_quarter": 20083,
            "year": 2008,
            "quarter": 3,
            "eps": 0.06,
            "eps_growth_year": -91.55,
            "eps_4q": 0.86,
            "eps_4q_growth_year": -51.32,
            "roe": 0.35,
            "roe_4q": 5.02,
            "gross_profit": 41078,
            "gross_margin": 12.63,
            "gross_margin_4q_avg": 14.95,
            "net_income": 2914,
            "revenue": 325137,
            "common_shares": 503820,
            "book_valuer_per_share": 16.79,
            "book_valuer_per_share_4q_avg": 16.55,
            "equity": 846052,
            "current_ratio": 260.15,
            "debt_ratio": 44.38,
            "inventory_turnover_ratio": 0.56,
            "account_receivable_turnover_ratio": null,
            "reinvestment_rate": 19.47,
            "research_to_sale_ratio": null,
            "price_fair": 63.61,
            "eps_avg_yearly": 1.82,
            "eps_latest_yearly": 0.24,
            "eps_growth_yearly": 34.66
        },
        "20084": {
            "year_quarter": 20084,
            "year": 2008,
            "quarter": 4,
            "eps": -0.6,
            "eps_growth_year": -385.71,
            "eps_4q": 0.02,
            "eps_4q_growth_year": -98.69,
            "roe": -3.61,
            "roe_4q": 0.08000000000000018,
            "gross_profit": 19263,
            "gross_margin": 6.34,
            "gross_margin_4q_avg": 13.09,
            "net_income": -29912,
            "revenue": 303855,
            "common_shares": 503820,
            "book_valuer_per_share": 16.06,
            "book_valuer_per_share_4q_avg": 16.54,
            "equity": 808963,
            "current_ratio": 337.53,
            "debt_ratio": 43.15,
            "inventory_turnover_ratio": 0.57,
            "account_receivable_turnover_ratio": 1.95,
            "reinvestment_rate": -12.09,
            "research_to_sale_ratio": null,
            "price_fair": 62.53,
            "eps_avg_yearly": 1.79,
            "eps_latest_yearly": 0.24,
            "eps_growth_yearly": 46.37
        },
        "20091": {
            "year_quarter": 20091,
            "year": 2009,
            "quarter": 1,
            "eps": -0.24,
            "eps_growth_year": -271.43,
            "eps_4q": -0.37,
            "eps_4q_growth_year": -126.97,
            "roe": -1.41,
            "roe_4q": -2.17,
            "gross_profit": 9562,
            "gross_margin": 4.83,
            "gross_margin_4q_avg": 9.87,
            "net_income": -11368,
            "revenue": 198053,
            "common_shares": 475340,
            "book_valuer_per_share": 16.87,
            "book_valuer_per_share_4q_avg": 16.56,
            "equity": 801885,
            "current_ratio": 236.32,
            "debt_ratio": 39.7,
            "inventory_turnover_ratio": 0.43,
            "account_receivable_turnover_ratio": 0.72,
            "reinvestment_rate": 20.55,
            "research_to_sale_ratio": null,
            "price_fair": 63.1,
            "eps_avg_yearly": 1.8,
            "eps_latest_yearly": 0.24,
            "eps_growth_yearly": 58.7
        },
        "20092": {
            "year_quarter": 20092,
            "year": 2009,
            "quarter": 2,
            "eps": -0.24,
            "eps_growth_year": -157.14,
            "eps_4q": -1.05,
            "eps_4q_growth_year": -170,
            "roe": -1.44,
            "roe_4q": -6.109999999999999,
            "gross_profit": 30995,
            "gross_margin": 10.99,
            "gross_margin_4q_avg": 8.7,
            "net_income": -11336,
            "revenue": 281998,
            "common_shares": 475340,
            "book_valuer_per_share": 16.28,
            "book_valuer_per_share_4q_avg": 16.5,
            "equity": 774091,
            "current_ratio": 212.69,
            "debt_ratio": 42.98,
            "inventory_turnover_ratio": 0.66,
            "account_receivable_turnover_ratio": 1.1,
            "reinvestment_rate": 23.15,
            "research_to_sale_ratio": null,
            "price_fair": 62.89,
            "eps_avg_yearly": 1.8,
            "eps_latest_yearly": 0.24,
            "eps_growth_yearly": 56.91
        },
        "20093": {
            "year_quarter": 20093,
            "year": 2009,
            "quarter": 3,
            "eps": 0.07,
            "eps_growth_year": 16.67,
            "eps_4q": -1.08,
            "eps_4q_growth_year": -225.55,
            "roe": 0.42,
            "roe_4q": -6.039999999999999,
            "gross_profit": 47109,
            "gross_margin": 17.69,
            "gross_margin_4q_avg": 9.96,
            "net_income": 3216,
            "revenue": 266291,
            "common_shares": 475340,
            "book_valuer_per_share": 15.71,
            "book_valuer_per_share_4q_avg": 16.23,
            "equity": 746909,
            "current_ratio": 197.26,
            "debt_ratio": 45.85,
            "inventory_turnover_ratio": 0.61,
            "account_receivable_turnover_ratio": 0.92,
            "reinvestment_rate": 29.52,
            "research_to_sale_ratio": null,
            "price_fair": 52.44,
            "eps_avg_yearly": 1.61,
            "eps_latest_yearly": 0.24,
            "eps_growth_yearly": 22.64
        },
        "20094": {
            "year_quarter": 20094,
            "year": 2009,
            "quarter": 4,
            "eps": 0.07,
            "eps_growth_year": null,
            "eps_4q": -0.35,
            "eps_4q_growth_year": -1832.03,
            "roe": 0.4,
            "roe_4q": -2.03,
            "gross_profit": 42265,
            "gross_margin": 12.69,
            "gross_margin_4q_avg": 11.55,
            "net_income": 3023,
            "revenue": 333079,
            "common_shares": 475340,
            "book_valuer_per_share": 15.88,
            "book_valuer_per_share_4q_avg": 16.19,
            "equity": 754592,
            "current_ratio": 199.75,
            "debt_ratio": 45.79,
            "inventory_turnover_ratio": 0.86,
            "account_receivable_turnover_ratio": 2.25,
            "reinvestment_rate": 146.92,
            "research_to_sale_ratio": null,
            "price_fair": 51.33,
            "eps_avg_yearly": 1.47,
            "eps_latest_yearly": 0.28,
            "eps_growth_yearly": 39.96
        },
        "20101": {
            "year_quarter": 20101,
            "year": 2010,
            "quarter": 1,
            "eps": -0.19,
            "eps_growth_year": null,
            "eps_4q": -0.27,
            "eps_4q_growth_year": null,
            "roe": -1.13,
            "roe_4q": -1.7499999999999998,
            "gross_profit": 34733,
            "gross_margin": 13.28,
            "gross_margin_4q_avg": 13.66,
            "net_income": -8622,
            "revenue": 261458,
            "common_shares": 505340,
            "book_valuer_per_share": 15.36,
            "book_valuer_per_share_4q_avg": 15.81,
            "equity": 776071,
            "current_ratio": 205.79,
            "debt_ratio": 44.16,
            "inventory_turnover_ratio": 0.71,
            "account_receivable_turnover_ratio": 0.91,
            "reinvestment_rate": 207.35,
            "research_to_sale_ratio": 0.87,
            "price_fair": 49.38,
            "eps_avg_yearly": 1.41,
            "eps_latest_yearly": 0.28,
            "eps_growth_yearly": 41.37
        },
        "20102": {
            "year_quarter": 20102,
            "year": 2010,
            "quarter": 2,
            "eps": 0.18,
            "eps_growth_year": null,
            "eps_4q": 0.13,
            "eps_4q_growth_year": null,
            "roe": 1.16,
            "roe_4q": 0.8500000000000001,
            "gross_profit": 45083,
            "gross_margin": 13.68,
            "gross_margin_4q_avg": 14.34,
            "net_income": 9104,
            "revenue": 329471,
            "common_shares": 510718,
            "book_valuer_per_share": 15.56,
            "book_valuer_per_share_4q_avg": 15.63,
            "equity": 794430,
            "current_ratio": 206,
            "debt_ratio": 44.29,
            "inventory_turnover_ratio": 0.86,
            "account_receivable_turnover_ratio": 1.13,
            "reinvestment_rate": 243.37,
            "research_to_sale_ratio": 0.51,
            "price_fair": 45.36,
            "eps_avg_yearly": 1.3,
            "eps_latest_yearly": 0.28,
            "eps_growth_yearly": 36.27
        },
        "20103": {
            "year_quarter": 20103,
            "year": 2010,
            "quarter": 3,
            "eps": -0.02,
            "eps_growth_year": -125.73,
            "eps_4q": 0.05,
            "eps_4q_growth_year": null,
            "roe": -0.12,
            "roe_4q": 0.31000000000000016,
            "gross_profit": 40697,
            "gross_margin": 13.55,
            "gross_margin_4q_avg": 13.3,
            "net_income": -920,
            "revenue": 300317,
            "common_shares": 510802,
            "book_valuer_per_share": 15.49,
            "book_valuer_per_share_4q_avg": 15.57,
            "equity": 790964,
            "current_ratio": 151.97,
            "debt_ratio": 49.27,
            "inventory_turnover_ratio": 0.78,
            "account_receivable_turnover_ratio": 0.99,
            "reinvestment_rate": 570.46,
            "research_to_sale_ratio": 0.55,
            "price_fair": 42.47,
            "eps_avg_yearly": 1.21,
            "eps_latest_yearly": 0.28,
            "eps_growth_yearly": 49.33
        },
        "20104": {
            "year_quarter": 20104,
            "year": 2010,
            "quarter": 4,
            "eps": 0.01,
            "eps_growth_year": -83.5,
            "eps_4q": 0,
            "eps_4q_growth_year": null,
            "roe": 0.07,
            "roe_4q": -0.020000000000000018,
            "gross_profit": 48018,
            "gross_margin": 14.91,
            "gross_margin_4q_avg": 13.86,
            "net_income": 590,
            "revenue": 321962,
            "common_shares": 510802,
            "book_valuer_per_share": 15.41,
            "book_valuer_per_share_4q_avg": 15.46,
            "equity": 787288,
            "current_ratio": 181.73,
            "debt_ratio": 50.6,
            "inventory_turnover_ratio": 0.88,
            "account_receivable_turnover_ratio": 1.07,
            "reinvestment_rate": 460.34,
            "research_to_sale_ratio": 0.54,
            "price_fair": 39.38,
            "eps_avg_yearly": 1.13,
            "eps_latest_yearly": 0.28,
            "eps_growth_yearly": 58.44
        },
        "20111": {
            "year_quarter": 20111,
            "year": 2011,
            "quarter": 1,
            "eps": 0.02,
            "eps_growth_year": null,
            "eps_4q": 0.19,
            "eps_4q_growth_year": null,
            "roe": 0.1,
            "roe_4q": 1.21,
            "gross_profit": 36984,
            "gross_margin": 12.82,
            "gross_margin_4q_avg": 13.74,
            "net_income": 772,
            "revenue": 288587,
            "common_shares": 510802,
            "book_valuer_per_share": 15.51,
            "book_valuer_per_share_4q_avg": 15.49,
            "equity": 792075,
            "current_ratio": 203.36,
            "debt_ratio": 50.94,
            "inventory_turnover_ratio": 0.83,
            "account_receivable_turnover_ratio": 0.98,
            "reinvestment_rate": 627.12,
            "research_to_sale_ratio": 0.9,
            "price_fair": 33.43,
            "eps_avg_yearly": 0.96,
            "eps_latest_yearly": 0.08,
            "eps_growth_yearly": 120.94
        },
        "20112": {
            "year_quarter": 20112,
            "year": 2011,
            "quarter": 2,
            "eps": -0.28,
            "eps_growth_year": -258.23,
            "eps_4q": -0.27,
            "eps_4q_growth_year": -308,
            "roe": -1.92,
            "roe_4q": -1.8699999999999997,
            "gross_profit": 26040,
            "gross_margin": 8.16,
            "gross_margin_4q_avg": 12.36,
            "net_income": -14949,
            "revenue": 318943,
            "common_shares": 510802,
            "book_valuer_per_share": 14.91,
            "book_valuer_per_share_4q_avg": 15.33,
            "equity": 761308,
            "current_ratio": 163.81,
            "debt_ratio": 55.34,
            "inventory_turnover_ratio": 0.91,
            "account_receivable_turnover_ratio": 1.06,
            "reinvestment_rate": 3390.52,
            "research_to_sale_ratio": 0.53,
            "price_fair": 32.6,
            "eps_avg_yearly": 0.93,
            "eps_latest_yearly": 0.08,
            "eps_growth_yearly": 150.92
        },
        "20113": {
            "year_quarter": 20113,
            "year": 2011,
            "quarter": 3,
            "eps": 0.29,
            "eps_growth_year": null,
            "eps_4q": 0.04,
            "eps_4q_growth_year": -29.24,
            "roe": 2.01,
            "roe_4q": 0.2599999999999999,
            "gross_profit": 44218,
            "gross_margin": 14.5,
            "gross_margin_4q_avg": 12.6,
            "net_income": 15485,
            "revenue": 305035,
            "common_shares": 510802,
            "book_valuer_per_share": 15.31,
            "book_valuer_per_share_4q_avg": 15.29,
            "equity": 781897,
            "current_ratio": 87.32,
            "debt_ratio": 62.21,
            "inventory_turnover_ratio": 0.81,
            "account_receivable_turnover_ratio": 0.95,
            "reinvestment_rate": null,
            "research_to_sale_ratio": 0.5,
            "price_fair": 21.47,
            "eps_avg_yearly": 0.61,
            "eps_latest_yearly": 0.08,
            "eps_growth_yearly": 73.69
        },
        "20114": {
            "year_quarter": 20114,
            "year": 2011,
            "quarter": 4,
            "eps": 2.69,
            "eps_growth_year": 23193.4,
            "eps_4q": 2.72,
            "eps_4q_growth_year": 91190.73,
            "roe": 15.83,
            "roe_4q": 16.02,
            "gross_profit": 40114,
            "gross_margin": 13.93,
            "gross_margin_4q_avg": 12.35,
            "net_income": 134375,
            "revenue": 287906,
            "common_shares": 530010,
            "book_valuer_per_share": 18.34,
            "book_valuer_per_share_4q_avg": 16.02,
            "equity": 915924,
            "current_ratio": 176.46,
            "debt_ratio": 57.28,
            "inventory_turnover_ratio": 0.83,
            "account_receivable_turnover_ratio": 0.91,
            "reinvestment_rate": 701.22,
            "research_to_sale_ratio": 0.46,
            "price_fair": 79.33,
            "eps_avg_yearly": 2.27,
            "eps_latest_yearly": 10.76,
            "eps_growth_yearly": 672.36
        },
        "20121": {
            "year_quarter": 20121,
            "year": 2012,
            "quarter": 1,
            "eps": -0.15,
            "eps_growth_year": -850,
            "eps_4q": 2.54,
            "eps_4q_growth_year": 1260.29,
            "roe": -0.82,
            "roe_4q": 15.1,
            "gross_profit": 34935,
            "gross_margin": 14.18,
            "gross_margin_4q_avg": 12.69,
            "net_income": -7520,
            "revenue": 246363,
            "common_shares": 531677,
            "book_valuer_per_share": 18.12,
            "book_valuer_per_share_4q_avg": 16.67,
            "equity": 907726,
            "current_ratio": 153.27,
            "debt_ratio": 58.28,
            "inventory_turnover_ratio": 0.78,
            "account_receivable_turnover_ratio": 0.84,
            "reinvestment_rate": 1113.52,
            "research_to_sale_ratio": 0.65,
            "price_fair": 91.28,
            "eps_avg_yearly": 2.61,
            "eps_latest_yearly": 10.76,
            "eps_growth_yearly": 833.5
        },
        "20122": {
            "year_quarter": 20122,
            "year": 2012,
            "quarter": 2,
            "eps": 1.53,
            "eps_growth_year": null,
            "eps_4q": 4.1,
            "eps_4q_growth_year": null,
            "roe": 8.84,
            "roe_4q": 25.86,
            "gross_profit": 30322,
            "gross_margin": 11.6,
            "gross_margin_4q_avg": 13.55,
            "net_income": 84443,
            "revenue": 261422,
            "common_shares": 531677,
            "book_valuer_per_share": 18.87,
            "book_valuer_per_share_4q_avg": 17.66,
            "equity": 1003152,
            "current_ratio": 168.75,
            "debt_ratio": 55.02,
            "inventory_turnover_ratio": 0.89,
            "account_receivable_turnover_ratio": 0.92,
            "reinvestment_rate": 769.61,
            "research_to_sale_ratio": 0.6,
            "price_fair": 99.4,
            "eps_avg_yearly": 2.84,
            "eps_latest_yearly": 10.76,
            "eps_growth_yearly": 841.87
        },
        "20123": {
            "year_quarter": 20123,
            "year": 2012,
            "quarter": 3,
            "eps": 0.16,
            "eps_growth_year": -46.22,
            "eps_4q": 3.98,
            "eps_4q_growth_year": 11005.31,
            "roe": 0.87,
            "roe_4q": 24.72,
            "gross_profit": 45988,
            "gross_margin": 17.02,
            "gross_margin_4q_avg": 14.18,
            "net_income": 8691,
            "revenue": 270136,
            "common_shares": 553133,
            "book_valuer_per_share": 18.16,
            "book_valuer_per_share_4q_avg": 18.37,
            "equity": 1004369,
            "current_ratio": 165.88,
            "debt_ratio": 55.37,
            "inventory_turnover_ratio": 0.84,
            "account_receivable_turnover_ratio": 0.93,
            "reinvestment_rate": 701.33,
            "research_to_sale_ratio": 0.6,
            "price_fair": 102.9,
            "eps_avg_yearly": 2.94,
            "eps_latest_yearly": 0.64,
            "eps_growth_yearly": 838.04
        },
        "20124": {
            "year_quarter": 20124,
            "year": 2012,
            "quarter": 4,
            "eps": 1.45,
            "eps_growth_year": -46.07,
            "eps_4q": 2.99,
            "eps_4q_growth_year": 10.07,
            "roe": 7.72,
            "roe_4q": 16.61,
            "gross_profit": 40931,
            "gross_margin": 15.05,
            "gross_margin_4q_avg": 14.46,
            "net_income": 80704,
            "revenue": 271940,
            "common_shares": 556151,
            "book_valuer_per_share": 19.53,
            "book_valuer_per_share_4q_avg": 18.67,
            "equity": 1086356,
            "current_ratio": 183.12,
            "debt_ratio": 50.52,
            "inventory_turnover_ratio": 0.82,
            "account_receivable_turnover_ratio": 0.9,
            "reinvestment_rate": 251.01,
            "research_to_sale_ratio": 0.51,
            "price_fair": 122.92,
            "eps_avg_yearly": 3.51,
            "eps_latest_yearly": 5.8,
            "eps_growth_yearly": 1315.43
        },
        "20131": {
            "year_quarter": 20131,
            "year": 2013,
            "quarter": 1,
            "eps": 2.68,
            "eps_growth_year": null,
            "eps_4q": 5.62,
            "eps_4q_growth_year": 121.17,
            "roe": 12.88,
            "roe_4q": 30.310000000000002,
            "gross_profit": 33571,
            "gross_margin": 13.88,
            "gross_margin_4q_avg": 14.39,
            "net_income": 151283,
            "revenue": 241788,
            "common_shares": 578227,
            "book_valuer_per_share": 21.83,
            "book_valuer_per_share_4q_avg": 19.6,
            "equity": 1262464,
            "current_ratio": 301.54,
            "debt_ratio": 38.82,
            "inventory_turnover_ratio": 0.77,
            "account_receivable_turnover_ratio": 0.82,
            "reinvestment_rate": 141.77,
            "research_to_sale_ratio": 0.72,
            "price_fair": 164.97,
            "eps_avg_yearly": 4.71,
            "eps_latest_yearly": 10.72,
            "eps_growth_yearly": 1152.75
        },
        "20132": {
            "year_quarter": 20132,
            "year": 2013,
            "quarter": 2,
            "eps": -0.02,
            "eps_growth_year": -101.31,
            "eps_4q": 3.98,
            "eps_4q_growth_year": -2.97,
            "roe": -0.11,
            "roe_4q": 21.360000000000003,
            "gross_profit": 41698,
            "gross_margin": 15.28,
            "gross_margin_4q_avg": 15.31,
            "net_income": -1372,
            "revenue": 272876,
            "common_shares": 578227,
            "book_valuer_per_share": 21.48,
            "book_valuer_per_share_4q_avg": 20.25,
            "equity": 1242265,
            "current_ratio": 337.63,
            "debt_ratio": 35.99,
            "inventory_turnover_ratio": 0.99,
            "account_receivable_turnover_ratio": 0.98,
            "reinvestment_rate": 139.64,
            "research_to_sale_ratio": 0.57,
            "price_fair": 164.97,
            "eps_avg_yearly": 4.71,
            "eps_latest_yearly": 10.72,
            "eps_growth_yearly": 1152.75
        },
        "20133": {
            "year_quarter": 20133,
            "year": 2013,
            "quarter": 3,
            "eps": 0.02,
            "eps_growth_year": -87.27,
            "eps_4q": 3.85,
            "eps_4q_growth_year": -3.11,
            "roe": 0.09,
            "roe_4q": 20.580000000000002,
            "gross_profit": 42792,
            "gross_margin": 17.22,
            "gross_margin_4q_avg": 15.36,
            "net_income": 1115,
            "revenue": 248497,
            "common_shares": 601356,
            "book_valuer_per_share": 20.6,
            "book_valuer_per_share_4q_avg": 20.86,
            "equity": 1238924,
            "current_ratio": 339.72,
            "debt_ratio": 35.94,
            "inventory_turnover_ratio": 0.94,
            "account_receivable_turnover_ratio": 0.87,
            "reinvestment_rate": 140.44,
            "research_to_sale_ratio": 0.65,
            "price_fair": 164.97,
            "eps_avg_yearly": 4.71,
            "eps_latest_yearly": 10.72,
            "eps_growth_yearly": 1152.75
        },
        "20134": {
            "year_quarter": 20134,
            "year": 2013,
            "quarter": 4,
            "eps": 0.45,
            "eps_growth_year": -68.8,
            "eps_4q": 2.96,
            "eps_4q_growth_year": -0.88,
            "roe": 2.17,
            "roe_4q": 15.030000000000001,
            "gross_profit": 54891,
            "gross_margin": 19.05,
            "gross_margin_4q_avg": 16.36,
            "net_income": 27227,
            "revenue": 288143,
            "common_shares": 601356,
            "book_valuer_per_share": 21.15,
            "book_valuer_per_share_4q_avg": 21.27,
            "equity": 1271769,
            "current_ratio": 242.65,
            "debt_ratio": 41.67,
            "inventory_turnover_ratio": 1.09,
            "account_receivable_turnover_ratio": 1,
            "reinvestment_rate": 89.48,
            "research_to_sale_ratio": 0.59,
            "price_fair": 173.83,
            "eps_avg_yearly": 4.97,
            "eps_latest_yearly": 1.8,
            "eps_growth_yearly": 2586.08
        },
        "20141": {
            "year_quarter": 20141,
            "year": 2014,
            "quarter": 1,
            "eps": 0.35,
            "eps_growth_year": -86.94,
            "eps_4q": 0.8,
            "eps_4q_growth_year": -85.78,
            "roe": 1.64,
            "roe_4q": 3.7899999999999996,
            "gross_profit": 51636,
            "gross_margin": 19.96,
            "gross_margin_4q_avg": 17.88,
            "net_income": 21120,
            "revenue": 258732,
            "common_shares": 601356,
            "book_valuer_per_share": 21.62,
            "book_valuer_per_share_4q_avg": 21.21,
            "equity": 1300148,
            "current_ratio": 456.69,
            "debt_ratio": 31.77,
            "inventory_turnover_ratio": 1.03,
            "account_receivable_turnover_ratio": 0.83,
            "reinvestment_rate": 79.28,
            "research_to_sale_ratio": 0.72,
            "price_fair": 156,
            "eps_avg_yearly": 4.46,
            "eps_latest_yearly": 1.4,
            "eps_growth_yearly": 2203.94
        },
        "20142": {
            "year_quarter": 20142,
            "year": 2014,
            "quarter": 2,
            "eps": 0.73,
            "eps_growth_year": null,
            "eps_4q": 1.47,
            "eps_4q_growth_year": -63.12,
            "roe": 3.38,
            "roe_4q": 7.279999999999999,
            "gross_profit": 53132,
            "gross_margin": 19.94,
            "gross_margin_4q_avg": 19.04,
            "net_income": 44102,
            "revenue": 266448,
            "common_shares": 601356,
            "book_valuer_per_share": 21.82,
            "book_valuer_per_share_4q_avg": 21.3,
            "equity": 1311936,
            "current_ratio": 401.69,
            "debt_ratio": 33.54,
            "inventory_turnover_ratio": 1.03,
            "account_receivable_turnover_ratio": 0.82,
            "reinvestment_rate": 60.14,
            "research_to_sale_ratio": 0.62,
            "price_fair": 149.28,
            "eps_avg_yearly": 4.27,
            "eps_latest_yearly": 2.92,
            "eps_growth_yearly": 1982.74
        },
        "20143": {
            "year_quarter": 20143,
            "year": 2014,
            "quarter": 3,
            "eps": 0.1,
            "eps_growth_year": 400,
            "eps_4q": 1.55,
            "eps_4q_growth_year": -59.84,
            "roe": 0.47,
            "roe_4q": 7.659999999999999,
            "gross_profit": 60032,
            "gross_margin": 21.32,
            "gross_margin_4q_avg": 20.07,
            "net_income": 6209,
            "revenue": 281566,
            "common_shares": 637437,
            "book_valuer_per_share": 20.82,
            "book_valuer_per_share_4q_avg": 21.35,
            "equity": 1326916,
            "current_ratio": 202.8,
            "debt_ratio": 40.99,
            "inventory_turnover_ratio": 1.01,
            "account_receivable_turnover_ratio": 0.83,
            "reinvestment_rate": 72.1,
            "research_to_sale_ratio": 0.63,
            "price_fair": 134.24,
            "eps_avg_yearly": 3.84,
            "eps_latest_yearly": 0.4,
            "eps_growth_yearly": 1724.08
        },
        "20144": {
            "year_quarter": 20144,
            "year": 2014,
            "quarter": 4,
            "eps": 0.44,
            "eps_growth_year": -2.23,
            "eps_4q": 1.56,
            "eps_4q_growth_year": -47.26,
            "roe": 2.09,
            "roe_4q": 7.579999999999999,
            "gross_profit": 84678,
            "gross_margin": 25.34,
            "gross_margin_4q_avg": 21.64,
            "net_income": 28217,
            "revenue": 334217,
            "common_shares": 637437,
            "book_valuer_per_share": 21.53,
            "book_valuer_per_share_4q_avg": 21.45,
            "equity": 1372697,
            "current_ratio": 214.46,
            "debt_ratio": 48.23,
            "inventory_turnover_ratio": 1.05,
            "account_receivable_turnover_ratio": 0.89,
            "reinvestment_rate": 107.72,
            "research_to_sale_ratio": 0.4,
            "price_fair": 126.98,
            "eps_avg_yearly": 3.63,
            "eps_latest_yearly": 1.76,
            "eps_growth_yearly": 1687.67
        },
        "20151": {
            "year_quarter": 20151,
            "year": 2015,
            "quarter": 1,
            "eps": 0.15,
            "eps_growth_year": -57.14,
            "eps_4q": 1.38,
            "eps_4q_growth_year": 72.63,
            "roe": 0.69,
            "roe_4q": 6.63,
            "gross_profit": 60074,
            "gross_margin": 26.21,
            "gross_margin_4q_avg": 23.2,
            "net_income": 9471,
            "revenue": 229184,
            "common_shares": 637437,
            "book_valuer_per_share": 21.67,
            "book_valuer_per_share_4q_avg": 21.46,
            "equity": 1381635,
            "current_ratio": 346.6,
            "debt_ratio": 39.68,
            "inventory_turnover_ratio": 0.64,
            "account_receivable_turnover_ratio": 0.67,
            "reinvestment_rate": 108.82,
            "research_to_sale_ratio": 0.86,
            "price_fair": 128.8,
            "eps_avg_yearly": 3.68,
            "eps_latest_yearly": 0.6,
            "eps_growth_yearly": 1621.3
        },
        "20152": {
            "year_quarter": 20152,
            "year": 2015,
            "quarter": 2,
            "eps": 0.22,
            "eps_growth_year": -69.86,
            "eps_4q": 0.91,
            "eps_4q_growth_year": -37.87,
            "roe": 1.05,
            "roe_4q": 4.3,
            "gross_profit": 61284,
            "gross_margin": 25.03,
            "gross_margin_4q_avg": 24.48,
            "net_income": 14238,
            "revenue": 244839,
            "common_shares": 637437,
            "book_valuer_per_share": 21.02,
            "book_valuer_per_share_4q_avg": 21.26,
            "equity": 1339886,
            "current_ratio": 250.45,
            "debt_ratio": 43.04,
            "inventory_turnover_ratio": 0.69,
            "account_receivable_turnover_ratio": 0.89,
            "reinvestment_rate": 58.09,
            "research_to_sale_ratio": 0.96,
            "price_fair": 119.89,
            "eps_avg_yearly": 3.43,
            "eps_latest_yearly": 0.88,
            "eps_growth_yearly": 1490.88
        },
        "20153": {
            "year_quarter": 20153,
            "year": 2015,
            "quarter": 3,
            "eps": 0.89,
            "eps_growth_year": 790,
            "eps_4q": 1.7,
            "eps_4q_growth_year": 10.12,
            "roe": 4.11,
            "roe_4q": 7.9399999999999995,
            "gross_profit": 54888,
            "gross_margin": 23.41,
            "gross_margin_4q_avg": 25,
            "net_income": 56717,
            "revenue": 234429,
            "common_shares": 637437,
            "book_valuer_per_share": 22.25,
            "book_valuer_per_share_4q_avg": 21.62,
            "equity": 1418538,
            "current_ratio": 244.3,
            "debt_ratio": 42.12,
            "inventory_turnover_ratio": 0.74,
            "account_receivable_turnover_ratio": 0.86,
            "reinvestment_rate": -13.7,
            "research_to_sale_ratio": 0.69,
            "price_fair": 120.28,
            "eps_avg_yearly": 3.44,
            "eps_latest_yearly": 3.56,
            "eps_growth_yearly": 1468.16
        },
        "20154": {
            "year_quarter": 20154,
            "year": 2015,
            "quarter": 4,
            "eps": -0.09,
            "eps_growth_year": -120.06,
            "eps_4q": 1.17,
            "eps_4q_growth_year": -24.97,
            "roe": -0.4,
            "roe_4q": 5.450000000000001,
            "gross_profit": 37643,
            "gross_margin": 16.5,
            "gross_margin_4q_avg": 22.79,
            "net_income": -5661,
            "revenue": 228180,
            "common_shares": 637437,
            "book_valuer_per_share": 22.19,
            "book_valuer_per_share_4q_avg": 21.78,
            "equity": 1414308,
            "current_ratio": 209.79,
            "debt_ratio": 43.89,
            "inventory_turnover_ratio": 0.94,
            "account_receivable_turnover_ratio": 0.83,
            "reinvestment_rate": 28.94,
            "research_to_sale_ratio": 1.03,
            "price_fair": 96.98,
            "eps_avg_yearly": 2.77,
            "eps_latest_yearly": 3.56,
            "eps_growth_yearly": 1300.69
        },
        "20161": {
            "year_quarter": 20161,
            "year": 2016,
            "quarter": 1,
            "eps": 0.01,
            "eps_growth_year": -93.33,
            "eps_4q": 1.03,
            "eps_4q_growth_year": -25.24,
            "roe": 0.03,
            "roe_4q": 4.79,
            "gross_profit": 42760,
            "gross_margin": 22.97,
            "gross_margin_4q_avg": 21.98,
            "net_income": 492,
            "revenue": 186151,
            "common_shares": 637437,
            "book_valuer_per_share": 22.14,
            "book_valuer_per_share_4q_avg": 21.9,
            "equity": 1411541,
            "current_ratio": 204.69,
            "debt_ratio": 39.7,
            "inventory_turnover_ratio": 0.83,
            "account_receivable_turnover_ratio": 0.72,
            "reinvestment_rate": 4.01,
            "research_to_sale_ratio": 1.29,
            "price_fair": 96.98,
            "eps_avg_yearly": 2.77,
            "eps_latest_yearly": 3.56,
            "eps_growth_yearly": 1300.69
        },
        "20162": {
            "year_quarter": 20162,
            "year": 2016,
            "quarter": 2,
            "eps": 0.31,
            "eps_growth_year": 40.91,
            "eps_4q": 1.12,
            "eps_4q_growth_year": 23.06,
            "roe": 1.43,
            "roe_4q": 5.17,
            "gross_profit": 52417,
            "gross_margin": 25.3,
            "gross_margin_4q_avg": 22.05,
            "net_income": 19994,
            "revenue": 207158,
            "common_shares": 637437,
            "book_valuer_per_share": 21.73,
            "book_valuer_per_share_4q_avg": 22.08,
            "equity": 1385443,
            "current_ratio": 146.98,
            "debt_ratio": 44.46,
            "inventory_turnover_ratio": 0.91,
            "account_receivable_turnover_ratio": 0.84,
            "reinvestment_rate": -7.49,
            "research_to_sale_ratio": 0.99,
            "price_fair": 92.52,
            "eps_avg_yearly": 2.64,
            "eps_latest_yearly": 1.24,
            "eps_growth_yearly": 2192.3
        },
        "20163": {
            "year_quarter": 20163,
            "year": 2016,
            "quarter": 3,
            "eps": -0.04,
            "eps_growth_year": -104.49,
            "eps_4q": 0.19,
            "eps_4q_growth_year": -88.94,
            "roe": -0.2,
            "roe_4q": 0.86,
            "gross_profit": 42778,
            "gross_margin": 21.7,
            "gross_margin_4q_avg": 21.62,
            "net_income": -2806,
            "revenue": 197116,
            "common_shares": 637437,
            "book_valuer_per_share": 21.51,
            "book_valuer_per_share_4q_avg": 21.89,
            "equity": 1371044,
            "current_ratio": 112.67,
            "debt_ratio": 46.59,
            "inventory_turnover_ratio": 0.91,
            "account_receivable_turnover_ratio": 0.82,
            "reinvestment_rate": 12.22,
            "research_to_sale_ratio": 1.11,
            "price_fair": 98.89,
            "eps_avg_yearly": 2.83,
            "eps_latest_yearly": 1.24,
            "eps_growth_yearly": 2424.16
        },
        "20164": {
            "year_quarter": 20164,
            "year": 2016,
            "quarter": 4,
            "eps": 0.64,
            "eps_growth_year": null,
            "eps_4q": 0.92,
            "eps_4q_growth_year": -21.7,
            "roe": 2.93,
            "roe_4q": 4.19,
            "gross_profit": 48997,
            "gross_margin": 21.04,
            "gross_margin_4q_avg": 22.75,
            "net_income": 40858,
            "revenue": 232890,
            "common_shares": 637437,
            "book_valuer_per_share": 22.32,
            "book_valuer_per_share_4q_avg": 21.93,
            "equity": 1422541,
            "current_ratio": 111.48,
            "debt_ratio": 51.26,
            "inventory_turnover_ratio": 1.08,
            "account_receivable_turnover_ratio": 0.98,
            "reinvestment_rate": 183.69,
            "research_to_sale_ratio": 0.84,
            "price_fair": 88.48,
            "eps_avg_yearly": 2.53,
            "eps_latest_yearly": 1.24,
            "eps_growth_yearly": 2344.07
        },
        "20171": {
            "year_quarter": 20171,
            "year": 2017,
            "quarter": 1,
            "eps": -0.45,
            "eps_growth_year": -4600,
            "eps_4q": 0.46,
            "eps_4q_growth_year": -55.36,
            "roe": -2.05,
            "roe_4q": 2.1100000000000003,
            "gross_profit": 37450,
            "gross_margin": 20.08,
            "gross_margin_4q_avg": 22.03,
            "net_income": -28678,
            "revenue": 186491,
            "common_shares": 637437,
            "book_valuer_per_share": 21.5,
            "book_valuer_per_share_4q_avg": 21.77,
            "equity": 1370490,
            "current_ratio": 142.82,
            "debt_ratio": 50.78,
            "inventory_turnover_ratio": 0.85,
            "account_receivable_turnover_ratio": 0.8,
            "reinvestment_rate": 241.16,
            "research_to_sale_ratio": 1.31,
            "price_fair": 56.62,
            "eps_avg_yearly": 1.62,
            "eps_latest_yearly": 1.24,
            "eps_growth_yearly": 2566.82
        },
        "20172": {
            "year_quarter": 20172,
            "year": 2017,
            "quarter": 2,
            "eps": 0.25,
            "eps_growth_year": -19.35,
            "eps_4q": 0.4,
            "eps_4q_growth_year": -64.45,
            "roe": 1.18,
            "roe_4q": 1.8600000000000005,
            "gross_profit": 44663,
            "gross_margin": 21.5,
            "gross_margin_4q_avg": 21.08,
            "net_income": 16062,
            "revenue": 207738,
            "common_shares": 637437,
            "book_valuer_per_share": 21.28,
            "book_valuer_per_share_4q_avg": 21.65,
            "equity": 1356749,
            "current_ratio": 142.23,
            "debt_ratio": 54.46,
            "inventory_turnover_ratio": 0.88,
            "account_receivable_turnover_ratio": 0.93,
            "reinvestment_rate": 349.61,
            "research_to_sale_ratio": 1.04,
            "price_fair": 56.62,
            "eps_avg_yearly": 1.62,
            "eps_latest_yearly": 1.24,
            "eps_growth_yearly": 2566.82
        },
        "20173": {
            "year_quarter": 20173,
            "year": 2017,
            "quarter": 3,
            "eps": 2.02,
            "eps_growth_year": null,
            "eps_4q": 2.47,
            "eps_4q_growth_year": 1208.08,
            "roe": 9.08,
            "roe_4q": 11.14,
            "gross_profit": 38918,
            "gross_margin": 18.48,
            "gross_margin_4q_avg": 20.28,
            "net_income": 128976,
            "revenue": 210585,
            "common_shares": 637437,
            "book_valuer_per_share": 23.3,
            "book_valuer_per_share_4q_avg": 22.1,
            "equity": 1485019,
            "current_ratio": 125.99,
            "debt_ratio": 44.78,
            "inventory_turnover_ratio": 0.91,
            "account_receivable_turnover_ratio": 0.94,
            "reinvestment_rate": 244.42,
            "research_to_sale_ratio": 0.82,
            "price_fair": 79.24,
            "eps_avg_yearly": 2.26,
            "eps_latest_yearly": 8.08,
            "eps_growth_yearly": 2593.34
        },
        "20174": {
            "year_quarter": 20174,
            "year": 2017,
            "quarter": 4,
            "eps": 0.04,
            "eps_growth_year": -94.1,
            "eps_4q": 1.86,
            "eps_4q_growth_year": 102.89,
            "roe": 0.16,
            "roe_4q": 8.370000000000001,
            "gross_profit": 41681,
            "gross_margin": 19.23,
            "gross_margin_4q_avg": 19.82,
            "net_income": 2409,
            "revenue": 216753,
            "common_shares": 637437,
            "book_valuer_per_share": 23.27,
            "book_valuer_per_share_4q_avg": 22.34,
            "equity": 1483627,
            "current_ratio": 113.84,
            "debt_ratio": 50.53,
            "inventory_turnover_ratio": 0.92,
            "account_receivable_turnover_ratio": 0.97,
            "reinvestment_rate": 296.56,
            "research_to_sale_ratio": 0.76,
            "price_fair": 73.5,
            "eps_avg_yearly": 2.1,
            "eps_latest_yearly": 0.16,
            "eps_growth_yearly": 1694.13
        },
        "20181": {
            "year_quarter": 20181,
            "year": 2018,
            "quarter": 1,
            "eps": 0.02,
            "eps_growth_year": null,
            "eps_4q": 2.34,
            "eps_4q_growth_year": 407.32,
            "roe": 0.1,
            "roe_4q": 10.52,
            "gross_profit": 37571,
            "gross_margin": 19.34,
            "gross_margin_4q_avg": 19.64,
            "net_income": 1543,
            "revenue": 194281,
            "common_shares": 637437,
            "book_valuer_per_share": 23.18,
            "book_valuer_per_share_4q_avg": 22.76,
            "equity": 1477755,
            "current_ratio": 114.53,
            "debt_ratio": 49.27,
            "inventory_turnover_ratio": 0.78,
            "account_receivable_turnover_ratio": 0.93,
            "reinvestment_rate": 321.44,
            "research_to_sale_ratio": 1.21,
            "price_fair": 68.88,
            "eps_avg_yearly": 1.97,
            "eps_latest_yearly": 0.08,
            "eps_growth_yearly": 1683.02
        },
        "20182": {
            "year_quarter": 20182,
            "year": 2018,
            "quarter": 2,
            "eps": 0.74,
            "eps_growth_year": 196,
            "eps_4q": 2.57,
            "eps_4q_growth_year": 543.26,
            "roe": 3.15,
            "roe_4q": 12.49,
            "gross_profit": 38026,
            "gross_margin": 19.47,
            "gross_margin_4q_avg": 19.13,
            "net_income": 47054,
            "revenue": 195267,
            "common_shares": 701181,
            "book_valuer_per_share": 21.48,
            "book_valuer_per_share_4q_avg": 22.81,
            "equity": 1506220,
            "current_ratio": 108.08,
            "debt_ratio": 50.2,
            "inventory_turnover_ratio": 0.72,
            "account_receivable_turnover_ratio": 0.97,
            "reinvestment_rate": 357.01,
            "research_to_sale_ratio": 1.05,
            "price_fair": 69.02,
            "eps_avg_yearly": 1.97,
            "eps_latest_yearly": 2.96,
            "eps_growth_yearly": 3079.59
        },
        "20183": {
            "year_quarter": 20183,
            "year": 2018,
            "quarter": 3,
            "eps": 0.17,
            "eps_growth_year": -91.58,
            "eps_4q": 0.9,
            "eps_4q_growth_year": -63.68,
            "roe": 0.78,
            "roe_4q": 4.1899999999999995,
            "gross_profit": 30490,
            "gross_margin": 16.1,
            "gross_margin_4q_avg": 18.54,
            "net_income": 11802,
            "revenue": 189380,
            "common_shares": 701181,
            "book_valuer_per_share": 21.62,
            "book_valuer_per_share_4q_avg": 22.39,
            "equity": 1516229,
            "current_ratio": 126.34,
            "debt_ratio": 50.2,
            "inventory_turnover_ratio": 0.7,
            "account_receivable_turnover_ratio": 0.93,
            "reinvestment_rate": 276.21,
            "research_to_sale_ratio": 1.18,
            "price_fair": 70,
            "eps_avg_yearly": 2,
            "eps_latest_yearly": 0.68,
            "eps_growth_yearly": 3083.3
        },
        "20184": {
            "year_quarter": 20184,
            "year": 2018,
            "quarter": 4,
            "eps": 2.32,
            "eps_growth_year": 6048.26,
            "eps_4q": 3.18,
            "eps_4q_growth_year": 70.94,
            "roe": 10.2,
            "roe_4q": 14.229999999999999,
            "gross_profit": 28030,
            "gross_margin": 14.09,
            "gross_margin_4q_avg": 17.25,
            "net_income": 162923,
            "revenue": 198909,
            "common_shares": 701181,
            "book_valuer_per_share": 23.95,
            "book_valuer_per_share_4q_avg": 22.56,
            "equity": 1679247,
            "current_ratio": 160.75,
            "debt_ratio": 50.11,
            "inventory_turnover_ratio": 0.82,
            "account_receivable_turnover_ratio": 0.95,
            "reinvestment_rate": 165.25,
            "research_to_sale_ratio": 0.98,
            "price_fair": 96.32,
            "eps_avg_yearly": 2.75,
            "eps_latest_yearly": 9.28,
            "eps_growth_yearly": 3453.18
        },
        "20191": {
            "year_quarter": 20191,
            "year": 2019,
            "quarter": 1,
            "eps": 0.25,
            "eps_growth_year": 1150,
            "eps_4q": 3.41,
            "eps_4q_growth_year": 46.09,
            "roe": 1.04,
            "roe_4q": 15.169999999999998,
            "gross_profit": 37232,
            "gross_margin": 19.92,
            "gross_margin_4q_avg": 17.4,
            "net_income": 17644,
            "revenue": 186954,
            "common_shares": 701181,
            "book_valuer_per_share": 24.25,
            "book_valuer_per_share_4q_avg": 22.83,
            "equity": 1700668,
            "current_ratio": 171.5,
            "debt_ratio": 46.51,
            "inventory_turnover_ratio": 0.8,
            "account_receivable_turnover_ratio": 0.89,
            "reinvestment_rate": 165.25,
            "research_to_sale_ratio": 1.31,
            "price_fair": 97.72,
            "eps_avg_yearly": 2.79,
            "eps_latest_yearly": 1,
            "eps_growth_yearly": 3443.86
        },
        "20192": {
            "year_quarter": 20192,
            "year": 2019,
            "quarter": 2,
            "eps": 1.3,
            "eps_growth_year": 75.68,
            "eps_4q": 3.61,
            "eps_4q_growth_year": 40.74,
            "roe": 5.29,
            "roe_4q": 17.310000000000002,
            "gross_profit": 35178,
            "gross_margin": 18.4,
            "gross_margin_4q_avg": 17.13,
            "net_income": 91344,
            "revenue": 191164,
            "common_shares": 785323,
            "book_valuer_per_share": 22.29,
            "book_valuer_per_share_4q_avg": 23.03,
            "equity": 1750511,
            "current_ratio": 144.52,
            "debt_ratio": 46.52,
            "inventory_turnover_ratio": 0.86,
            "account_receivable_turnover_ratio": 0.93,
            "reinvestment_rate": 165.01,
            "research_to_sale_ratio": 1.13,
            "price_fair": 112.84,
            "eps_avg_yearly": 3.22,
            "eps_latest_yearly": 5.2,
            "eps_growth_yearly": 3593.19
        },
        "20193": {
            "year_quarter": 20193,
            "year": 2019,
            "quarter": 3,
            "eps": 0.1,
            "eps_growth_year": -41.18,
            "eps_4q": 3.56,
            "eps_4q_growth_year": 297.98,
            "roe": 0.46,
            "roe_4q": 16.99,
            "gross_profit": 38235,
            "gross_margin": 19.89,
            "gross_margin_4q_avg": 18.08,
            "net_income": 8048,
            "revenue": 192277,
            "common_shares": 785323,
            "book_valuer_per_share": 22.38,
            "book_valuer_per_share_4q_avg": 23.22,
            "equity": 1757209,
            "current_ratio": 151.18,
            "debt_ratio": 47.3,
            "inventory_turnover_ratio": 0.86,
            "account_receivable_turnover_ratio": 0.95,
            "reinvestment_rate": 154.27,
            "research_to_sale_ratio": 1.17,
            "price_fair": 101.78,
            "eps_avg_yearly": 2.91,
            "eps_latest_yearly": 0.4,
            "eps_growth_yearly": 3434.45
        },
        "20194": {
            "year_quarter": 20194,
            "year": 2019,
            "quarter": 4,
            "eps": -0.24,
            "eps_growth_year": -110.18,
            "eps_4q": 1.25,
            "eps_4q_growth_year": -60.64,
            "roe": -1.06,
            "roe_4q": 5.7299999999999995,
            "gross_profit": 30486,
            "gross_margin": 15.31,
            "gross_margin_4q_avg": 18.38,
            "net_income": -18584,
            "revenue": 199147,
            "common_shares": 785323,
            "book_valuer_per_share": 22.08,
            "book_valuer_per_share_4q_avg": 22.75,
            "equity": 1733680,
            "current_ratio": 134.48,
            "debt_ratio": 50.14,
            "inventory_turnover_ratio": 0.96,
            "account_receivable_turnover_ratio": 0.98,
            "reinvestment_rate": 152.75,
            "research_to_sale_ratio": 1.07,
            "price_fair": 101.78,
            "eps_avg_yearly": 2.91,
            "eps_latest_yearly": 0.4,
            "eps_growth_yearly": 3434.45
        },
        "20201": {
            "year_quarter": 20201,
            "year": 2020,
            "quarter": 1,
            "eps": 0.3,
            "eps_growth_year": 20,
            "eps_4q": 1.33,
            "eps_4q_growth_year": -60.94,
            "roe": 1.37,
            "roe_4q": 6.0600000000000005,
            "gross_profit": 39085,
            "gross_margin": 21.25,
            "gross_margin_4q_avg": 18.71,
            "net_income": 23925,
            "revenue": 183935,
            "common_shares": 785323,
            "book_valuer_per_share": 22.3,
            "book_valuer_per_share_4q_avg": 22.26,
            "equity": 1751533,
            "current_ratio": 128.06,
            "debt_ratio": 49.91,
            "inventory_turnover_ratio": 0.79,
            "account_receivable_turnover_ratio": 0.89,
            "reinvestment_rate": 116.49,
            "research_to_sale_ratio": 1.35,
            "price_fair": 101.78,
            "eps_avg_yearly": 2.91,
            "eps_latest_yearly": 0.4,
            "eps_growth_yearly": 3434.45
        },
        "20202": {
            "year_quarter": 20202,
            "year": 2020,
            "quarter": 2,
            "eps": 0.03,
            "eps_growth_year": -97.69,
            "eps_4q": 0.2,
            "eps_4q_growth_year": -94.54,
            "roe": 0.12,
            "roe_4q": 0.8900000000000001,
            "gross_profit": 41096,
            "gross_margin": 23.05,
            "gross_margin_4q_avg": 19.88,
            "net_income": 2092,
            "revenue": 178260,
            "common_shares": 785323,
            "book_valuer_per_share": 21.58,
            "book_valuer_per_share_4q_avg": 22.09,
            "equity": 1694741,
            "current_ratio": 114.67,
            "debt_ratio": 51.66,
            "inventory_turnover_ratio": 0.71,
            "account_receivable_turnover_ratio": 0.89,
            "reinvestment_rate": 112.9,
            "research_to_sale_ratio": 1.34,
            "price_fair": 97.86,
            "eps_avg_yearly": 2.8,
            "eps_latest_yearly": 0.12,
            "eps_growth_yearly": 2198.45
        },
        "20203": {
            "year_quarter": 20203,
            "year": 2020,
            "quarter": 3,
            "eps": 0.19,
            "eps_growth_year": 90,
            "eps_4q": 0.28,
            "eps_4q_growth_year": -92.14,
            "roe": 0.86,
            "roe_4q": 1.29,
            "gross_profit": 61333,
            "gross_margin": 28.87,
            "gross_margin_4q_avg": 22.12,
            "net_income": 14569,
            "revenue": 212438,
            "common_shares": 785323,
            "book_valuer_per_share": 21.72,
            "book_valuer_per_share_4q_avg": 21.92,
            "equity": 1705433,
            "current_ratio": 107.64,
            "debt_ratio": 50.46,
            "inventory_turnover_ratio": 0.85,
            "account_receivable_turnover_ratio": 1.03,
            "reinvestment_rate": 101.37,
            "research_to_sale_ratio": 1.01,
            "price_fair": 91.38,
            "eps_avg_yearly": 2.61,
            "eps_latest_yearly": 0.76,
            "eps_growth_yearly": 2192.53
        },
        "20204": {
            "year_quarter": 20204,
            "year": 2020,
            "quarter": 4,
            "eps": -0.03,
            "eps_growth_year": null,
            "eps_4q": 0.48,
            "eps_4q_growth_year": -61.37,
            "roe": -0.15,
            "roe_4q": 2.2,
            "gross_profit": 38696,
            "gross_margin": 21.11,
            "gross_margin_4q_avg": 23.57,
            "net_income": -2553,
            "revenue": 183293,
            "common_shares": 785323,
            "book_valuer_per_share": 21.7,
            "book_valuer_per_share_4q_avg": 21.83,
            "equity": 1703777,
            "current_ratio": 111.79,
            "debt_ratio": 50.44,
            "inventory_turnover_ratio": 0.94,
            "account_receivable_turnover_ratio": 0.88,
            "reinvestment_rate": 92.72,
            "research_to_sale_ratio": 1.2,
            "price_fair": 91.38,
            "eps_avg_yearly": 2.61,
            "eps_latest_yearly": 0.76,
            "eps_growth_yearly": 2192.53
        },
        "20211": {
            "year_quarter": 20211,
            "year": 2021,
            "quarter": 1,
            "eps": 0.27,
            "eps_growth_year": -10,
            "eps_4q": 0.45,
            "eps_4q_growth_year": -66.34,
            "roe": 1.23,
            "roe_4q": 2.06,
            "gross_profit": 37502,
            "gross_margin": 18.99,
            "gross_margin_4q_avg": 23.01,
            "net_income": 21145,
            "revenue": 197447,
            "common_shares": 785323,
            "book_valuer_per_share": 21.97,
            "book_valuer_per_share_4q_avg": 21.74,
            "equity": 1725647,
            "current_ratio": 116.97,
            "debt_ratio": 50.48,
            "inventory_turnover_ratio": 1.1,
            "account_receivable_turnover_ratio": 0.96,
            "reinvestment_rate": 108.94,
            "research_to_sale_ratio": 1.52,
            "price_fair": 91.38,
            "eps_avg_yearly": 2.61,
            "eps_latest_yearly": 0.76,
            "eps_growth_yearly": 2192.53
        },
        "20212": {
            "year_quarter": 20212,
            "year": 2021,
            "quarter": 2,
            "eps": -0.13,
            "eps_growth_year": -533.33,
            "eps_4q": 0.3,
            "eps_4q_growth_year": 49.75,
            "roe": -0.58,
            "roe_4q": 1.3599999999999999,
            "gross_profit": 41897,
            "gross_margin": 20.62,
            "gross_margin_4q_avg": 22.4,
            "net_income": -9979,
            "revenue": 203209,
            "common_shares": 785323,
            "book_valuer_per_share": 21.8,
            "book_valuer_per_share_4q_avg": 21.8,
            "equity": 1712272,
            "current_ratio": 112.01,
            "debt_ratio": 51.52,
            "inventory_turnover_ratio": 1.02,
            "account_receivable_turnover_ratio": 0.94,
            "reinvestment_rate": 50.6,
            "research_to_sale_ratio": 1.26,
            "price_fair": 91.38,
            "eps_avg_yearly": 2.61,
            "eps_latest_yearly": 0.76,
            "eps_growth_yearly": 2192.53
        },
        "20213": {
            "year_quarter": 20213,
            "year": 2021,
            "quarter": 3,
            "eps": -0.07,
            "eps_growth_year": -136.84,
            "eps_4q": 0.04,
            "eps_4q_growth_year": -85.34,
            "roe": -0.32,
            "roe_4q": 0.18000000000000008,
            "gross_profit": 27409,
            "gross_margin": 15.89,
            "gross_margin_4q_avg": 19.15,
            "net_income": -5387,
            "revenue": 172537,
            "common_shares": 785323,
            "book_valuer_per_share": 21.4,
            "book_valuer_per_share_4q_avg": 21.72,
            "equity": 1680292,
            "current_ratio": 106.49,
            "debt_ratio": 51.98,
            "inventory_turnover_ratio": 0.86,
            "account_receivable_turnover_ratio": 0.84,
            "reinvestment_rate": 53.35,
            "research_to_sale_ratio": 1.33,
            "price_fair": 72.24,
            "eps_avg_yearly": 2.06,
            "eps_latest_yearly": 0.76,
            "eps_growth_yearly": 2128.58
        },
        "20214": {
            "year_quarter": 20214,
            "year": 2021,
            "quarter": 4,
            "eps": 2.98,
            "eps_growth_year": null,
            "eps_4q": 3.06,
            "eps_4q_growth_year": 531.48,
            "roe": 13.06,
            "roe_4q": 13.39,
            "gross_profit": 26479,
            "gross_margin": 14.24,
            "gross_margin_4q_avg": 17.44,
            "net_income": 234392,
            "revenue": 185910,
            "common_shares": 785323,
            "book_valuer_per_share": 24.32,
            "book_valuer_per_share_4q_avg": 22.37,
            "equity": 1910056,
            "current_ratio": 130.66,
            "debt_ratio": 44.36,
            "inventory_turnover_ratio": 0.96,
            "account_receivable_turnover_ratio": 0.94,
            "reinvestment_rate": 12.52,
            "research_to_sale_ratio": 1.16,
            "price_fair": 79.64,
            "eps_avg_yearly": 2.28,
            "eps_latest_yearly": 0.76,
            "eps_growth_yearly": 2408.66
        },
        "20221": {
            "year_quarter": 20221,
            "year": 2022,
            "quarter": 1,
            "eps": 0.43,
            "eps_growth_year": 59.26,
            "eps_4q": 3.22,
            "eps_4q_growth_year": 617.93,
            "roe": 1.76,
            "roe_4q": 13.92,
            "gross_profit": 27602,
            "gross_margin": 16.04,
            "gross_margin_4q_avg": 16.7,
            "net_income": 34066,
            "revenue": 172075,
            "common_shares": 785323,
            "book_valuer_per_share": 24.9,
            "book_valuer_per_share_4q_avg": 23.11,
            "equity": 1955346,
            "current_ratio": 133.74,
            "debt_ratio": 43.37,
            "inventory_turnover_ratio": 0.84,
            "account_receivable_turnover_ratio": 0.89,
            "reinvestment_rate": 6.57,
            "research_to_sale_ratio": 1.4,
            "price_fair": 86.02,
            "eps_avg_yearly": 2.46,
            "eps_latest_yearly": 1.72,
            "eps_growth_yearly": 2392.85
        },
        "20222": {
            "year_quarter": 20222,
            "year": 2022,
            "quarter": 2,
            "eps": 0.32,
            "eps_growth_year": null,
            "eps_4q": 3.67,
            "eps_4q_growth_year": 1141.66,
            "roe": 1.28,
            "roe_4q": 15.780000000000001,
            "gross_profit": 29849,
            "gross_margin": 16.05,
            "gross_margin_4q_avg": 15.56,
            "net_income": 24771,
            "revenue": 185965,
            "common_shares": 785323,
            "book_valuer_per_share": 24.54,
            "book_valuer_per_share_4q_avg": 23.79,
            "equity": 1927413,
            "current_ratio": 124.6,
            "debt_ratio": 45.83,
            "inventory_turnover_ratio": 0.85,
            "account_receivable_turnover_ratio": 0.98,
            "reinvestment_rate": -4.19,
            "research_to_sale_ratio": 1.06,
            "price_fair": 79.49,
            "eps_avg_yearly": 2.27,
            "eps_latest_yearly": 1.28,
            "eps_growth_yearly": 781.48
        },
        "20223": {
            "year_quarter": 20223,
            "year": 2022,
            "quarter": 3,
            "eps": 0.8,
            "eps_growth_year": null,
            "eps_4q": 4.53,
            "eps_4q_growth_year": 10932.73,
            "roe": 3.18,
            "roe_4q": 19.28,
            "gross_profit": 22074,
            "gross_margin": 12.89,
            "gross_margin_4q_avg": 14.81,
            "net_income": 62690,
            "revenue": 171191,
            "common_shares": 785323,
            "book_valuer_per_share": 25.66,
            "book_valuer_per_share_4q_avg": 24.86,
            "equity": 2015487,
            "current_ratio": 118.38,
            "debt_ratio": 54.46,
            "inventory_turnover_ratio": 0.84,
            "account_receivable_turnover_ratio": 0.87,
            "reinvestment_rate": -31.4,
            "research_to_sale_ratio": 1.13,
            "price_fair": 89.29,
            "eps_avg_yearly": 2.55,
            "eps_latest_yearly": 3.2,
            "eps_growth_yearly": 882.38
        },
        "20224": {
            "year_quarter": 20224,
            "year": 2022,
            "quarter": 4,
            "eps": -0.53,
            "eps_growth_year": -117.84,
            "eps_4q": 1.02,
            "eps_4q_growth_year": -66.81,
            "roe": -2.1,
            "roe_4q": 4.12,
            "gross_profit": 12265,
            "gross_margin": 8.29,
            "gross_margin_4q_avg": 13.32,
            "net_income": -41811,
            "revenue": 148006,
            "common_shares": 785323,
            "book_valuer_per_share": 25.01,
            "book_valuer_per_share_4q_avg": 25.03,
            "equity": 1963923,
            "current_ratio": 114.51,
            "debt_ratio": 54.73,
            "inventory_turnover_ratio": 0.94,
            "account_receivable_turnover_ratio": 0.79,
            "reinvestment_rate": -23.16,
            "research_to_sale_ratio": 1.38,
            "price_fair": 59.85,
            "eps_avg_yearly": 1.71,
            "eps_latest_yearly": 3.2,
            "eps_growth_yearly": 360.32
        },
        "20231": {
            "year_quarter": 20231,
            "year": 2023,
            "quarter": 1,
            "eps": -0.03,
            "eps_growth_year": -106.98,
            "eps_4q": 0.55,
            "eps_4q_growth_year": -82.79,
            "roe": -0.11,
            "roe_4q": 2.25,
            "gross_profit": 17269,
            "gross_margin": 11.24,
            "gross_margin_4q_avg": 12.12,
            "net_income": -2089,
            "revenue": 153678,
            "common_shares": 785323,
            "book_valuer_per_share": 25.06,
            "book_valuer_per_share_4q_avg": 25.07,
            "equity": 1968376,
            "current_ratio": 112.38,
            "debt_ratio": 54.73,
            "inventory_turnover_ratio": 1.07,
            "account_receivable_turnover_ratio": 0.9,
            "reinvestment_rate": -34.15,
            "research_to_sale_ratio": 1.53,
            "price_fair": 63.4,
            "eps_avg_yearly": 1.81,
            "eps_latest_yearly": 3.2,
            "eps_growth_yearly": 462.79
        }
    },
    "months": {
        "2003-11": {
            "month": "2003-11",
            "price": "26.87",
            "revenue": 111126
        },
        "2003-12": {
            "month": "2003-12",
            "price": "27.50",
            "revenue": 119078
        },
        "2004-01": {
            "month": "2004-01",
            "price": "29.26",
            "revenue": 79518
        },
        "2004-02": {
            "month": "2004-02",
            "price": "28.47",
            "revenue": 114694
        },
        "2004-03": {
            "month": "2004-03",
            "price": "30.48",
            "revenue": 126534
        },
        "2004-04": {
            "month": "2004-04",
            "price": "29.82",
            "revenue": 128909
        },
        "2004-05": {
            "month": "2004-05",
            "price": "28.48",
            "revenue": 133622
        },
        "2004-06": {
            "month": "2004-06",
            "price": "26.73",
            "revenue": 127125
        },
        "2004-07": {
            "month": "2004-07",
            "price": "26.16",
            "revenue": 126752
        },
        "2004-08": {
            "month": "2004-08",
            "price": "24.55",
            "revenue": 125497
        },
        "2004-09": {
            "month": "2004-09",
            "price": "22.64",
            "revenue": 139590
        },
        "2004-10": {
            "month": "2004-10",
            "price": "22.78",
            "revenue": 127133
        },
        "2004-11": {
            "month": "2004-11",
            "price": "21.19",
            "revenue": 116584
        },
        "2004-12": {
            "month": "2004-12",
            "price": "21.19",
            "revenue": 122363
        },
        "2005-01": {
            "month": "2005-01",
            "price": "21.45",
            "revenue": 106380
        },
        "2005-02": {
            "month": "2005-02",
            "price": "21.98",
            "revenue": 83813
        },
        "2005-03": {
            "month": "2005-03",
            "price": "22.43",
            "revenue": 136849
        },
        "2005-04": {
            "month": "2005-04",
            "price": "22.10",
            "revenue": 121646
        },
        "2005-05": {
            "month": "2005-05",
            "price": "21.61",
            "revenue": 132955
        },
        "2005-06": {
            "month": "2005-06",
            "price": "21.64",
            "revenue": 133442
        },
        "2005-07": {
            "month": "2005-07",
            "price": "21.11",
            "revenue": 130545
        },
        "2005-08": {
            "month": "2005-08",
            "price": "20.63",
            "revenue": 137005
        },
        "2005-09": {
            "month": "2005-09",
            "price": "17.84",
            "revenue": 126971
        },
        "2005-10": {
            "month": "2005-10",
            "price": "15.75",
            "revenue": 125624
        },
        "2005-11": {
            "month": "2005-11",
            "price": "17.32",
            "revenue": 134682
        },
        "2005-12": {
            "month": "2005-12",
            "price": "17.00",
            "revenue": 129639
        },
        "2006-01": {
            "month": "2006-01",
            "price": "16.33",
            "revenue": 102759
        },
        "2006-02": {
            "month": "2006-02",
            "price": "15.96",
            "revenue": 104849
        },
        "2006-03": {
            "month": "2006-03",
            "price": "15.75",
            "revenue": 153076
        },
        "2006-04": {
            "month": "2006-04",
            "price": "17.20",
            "revenue": 136259
        },
        "2006-05": {
            "month": "2006-05",
            "price": "17.66",
            "revenue": 131158
        },
        "2006-06": {
            "month": "2006-06",
            "price": "17.03",
            "revenue": 144663
        },
        "2006-07": {
            "month": "2006-07",
            "price": "17.15",
            "revenue": 129572
        },
        "2006-08": {
            "month": "2006-08",
            "price": "17.26",
            "revenue": 130840
        },
        "2006-09": {
            "month": "2006-09",
            "price": "17.68",
            "revenue": 132835
        },
        "2006-10": {
            "month": "2006-10",
            "price": "18.28",
            "revenue": 115224
        },
        "2006-11": {
            "month": "2006-11",
            "price": "16.95",
            "revenue": 125820
        },
        "2006-12": {
            "month": "2006-12",
            "price": "17.45",
            "revenue": 129747
        },
        "2007-01": {
            "month": "2007-01",
            "price": "19.39",
            "revenue": 136851
        },
        "2007-02": {
            "month": "2007-02",
            "price": "20.90",
            "revenue": 78551
        },
        "2007-03": {
            "month": "2007-03",
            "price": "20.48",
            "revenue": 146883
        },
        "2007-04": {
            "month": "2007-04",
            "price": "23.34",
            "revenue": 128579
        },
        "2007-05": {
            "month": "2007-05",
            "price": "28.32",
            "revenue": 150429
        },
        "2007-06": {
            "month": "2007-06",
            "price": "27.14",
            "revenue": 129660
        },
        "2007-07": {
            "month": "2007-07",
            "price": "27.18",
            "revenue": 139156
        },
        "2007-08": {
            "month": "2007-08",
            "price": "22.80",
            "revenue": 154281
        },
        "2007-09": {
            "month": "2007-09",
            "price": "20.90",
            "revenue": 137043
        },
        "2007-10": {
            "month": "2007-10",
            "price": "18.62",
            "revenue": 142581
        },
        "2007-11": {
            "month": "2007-11",
            "price": "17.23",
            "revenue": 155507
        },
        "2007-12": {
            "month": "2007-12",
            "price": "15.88",
            "revenue": 128739
        },
        "2008-01": {
            "month": "2008-01",
            "price": "15.18",
            "revenue": 133150
        },
        "2008-02": {
            "month": "2008-02",
            "price": "14.93",
            "revenue": 113208
        },
        "2008-03": {
            "month": "2008-03",
            "price": "15.81",
            "revenue": 144355
        },
        "2008-04": {
            "month": "2008-04",
            "price": "15.97",
            "revenue": 145184
        },
        "2008-05": {
            "month": "2008-05",
            "price": "16.53",
            "revenue": 162010
        },
        "2008-06": {
            "month": "2008-06",
            "price": "15.63",
            "revenue": 124719
        },
        "2008-07": {
            "month": "2008-07",
            "price": "13.45",
            "revenue": 123878
        },
        "2008-08": {
            "month": "2008-08",
            "price": "12.57",
            "revenue": 102054
        },
        "2008-09": {
            "month": "2008-09",
            "price": "10.10",
            "revenue": 98967
        },
        "2008-10": {
            "month": "2008-10",
            "price": "9.08",
            "revenue": 98904
        },
        "2008-11": {
            "month": "2008-11",
            "price": "8.49",
            "revenue": 83365
        },
        "2008-12": {
            "month": "2008-12",
            "price": "7.55",
            "revenue": 76622
        },
        "2009-01": {
            "month": "2009-01",
            "price": "7.13",
            "revenue": 46147
        },
        "2009-02": {
            "month": "2009-02",
            "price": "7.72",
            "revenue": 69354
        },
        "2009-03": {
            "month": "2009-03",
            "price": "8.53",
            "revenue": 76395
        },
        "2009-04": {
            "month": "2009-04",
            "price": "8.73",
            "revenue": 86411
        },
        "2009-05": {
            "month": "2009-05",
            "price": "8.30",
            "revenue": 77076
        },
        "2009-06": {
            "month": "2009-06",
            "price": "8.36",
            "revenue": 88853
        },
        "2009-07": {
            "month": "2009-07",
            "price": "9.07",
            "revenue": 92656
        },
        "2009-08": {
            "month": "2009-08",
            "price": "9.22",
            "revenue": 92900
        },
        "2009-09": {
            "month": "2009-09",
            "price": "9.68",
            "revenue": 88069
        },
        "2009-10": {
            "month": "2009-10",
            "price": "11.42",
            "revenue": 98796
        },
        "2009-11": {
            "month": "2009-11",
            "price": "12.19",
            "revenue": 88638
        },
        "2009-12": {
            "month": "2009-12",
            "price": "12.06",
            "revenue": 92556
        },
        "2010-01": {
            "month": "2010-01",
            "price": "13.10",
            "revenue": 89818
        },
        "2010-02": {
            "month": "2010-02",
            "price": "12.85",
            "revenue": 58134
        },
        "2010-03": {
            "month": "2010-03",
            "price": "13.30",
            "revenue": 105214
        },
        "2010-04": {
            "month": "2010-04",
            "price": "13.55",
            "revenue": 108739
        },
        "2010-05": {
            "month": "2010-05",
            "price": "13.58",
            "revenue": 100260
        },
        "2010-06": {
            "month": "2010-06",
            "price": "13.29",
            "revenue": 98262
        },
        "2010-07": {
            "month": "2010-07",
            "price": "12.72",
            "revenue": 89891
        },
        "2010-08": {
            "month": "2010-08",
            "price": "12.68",
            "revenue": 95816
        },
        "2010-09": {
            "month": "2010-09",
            "price": "12.31",
            "revenue": 91793
        },
        "2010-10": {
            "month": "2010-10",
            "price": "12.25",
            "revenue": 101868
        },
        "2010-11": {
            "month": "2010-11",
            "price": "11.31",
            "revenue": 95061
        },
        "2010-12": {
            "month": "2010-12",
            "price": "11.36",
            "revenue": 110267
        },
        "2011-01": {
            "month": "2011-01",
            "price": "11.27",
            "revenue": 88330
        },
        "2011-02": {
            "month": "2011-02",
            "price": "11.68",
            "revenue": 64719
        },
        "2011-03": {
            "month": "2011-03",
            "price": "11.34",
            "revenue": 112738
        },
        "2011-04": {
            "month": "2011-04",
            "price": "11.48",
            "revenue": 96277
        },
        "2011-05": {
            "month": "2011-05",
            "price": "11.64",
            "revenue": 108492
        },
        "2011-06": {
            "month": "2011-06",
            "price": "11.65",
            "revenue": 101158
        },
        "2011-07": {
            "month": "2011-07",
            "price": "11.47",
            "revenue": 88603
        },
        "2011-08": {
            "month": "2011-08",
            "price": "11.03",
            "revenue": 97918
        },
        "2011-09": {
            "month": "2011-09",
            "price": "10.27",
            "revenue": 90242
        },
        "2011-10": {
            "month": "2011-10",
            "price": "9.89",
            "revenue": 85682
        },
        "2011-11": {
            "month": "2011-11",
            "price": "9.85",
            "revenue": 97009
        },
        "2011-12": {
            "month": "2011-12",
            "price": "9.51",
            "revenue": 89205
        },
        "2012-01": {
            "month": "2012-01",
            "price": "10.05",
            "revenue": 61778
        },
        "2012-02": {
            "month": "2012-02",
            "price": "11.28",
            "revenue": 82157
        },
        "2012-03": {
            "month": "2012-03",
            "price": "12.30",
            "revenue": 80434
        },
        "2012-04": {
            "month": "2012-04",
            "price": "12.80",
            "revenue": 81257
        },
        "2012-05": {
            "month": "2012-05",
            "price": "11.55",
            "revenue": 89419
        },
        "2012-06": {
            "month": "2012-06",
            "price": "11.95",
            "revenue": 80701
        },
        "2012-07": {
            "month": "2012-07",
            "price": "12.30",
            "revenue": 82833
        },
        "2012-08": {
            "month": "2012-08",
            "price": "12.28",
            "revenue": 90133
        },
        "2012-09": {
            "month": "2012-09",
            "price": "12.40",
            "revenue": 78403
        },
        "2012-10": {
            "month": "2012-10",
            "price": "11.43",
            "revenue": 96274
        },
        "2012-11": {
            "month": "2012-11",
            "price": "11.91",
            "revenue": 86850
        },
        "2012-12": {
            "month": "2012-12",
            "price": "12.30",
            "revenue": 72917
        },
        "2013-01": {
            "month": "2013-01",
            "price": "12.51",
            "revenue": 81921
        },
        "2013-02": {
            "month": "2013-02",
            "price": "13.01",
            "revenue": 55743
        },
        "2013-03": {
            "month": "2013-03",
            "price": "13.46",
            "revenue": 111903
        },
        "2013-04": {
            "month": "2013-04",
            "price": "14.34",
            "revenue": 86001
        },
        "2013-05": {
            "month": "2013-05",
            "price": "16.79",
            "revenue": 95767
        },
        "2013-06": {
            "month": "2013-06",
            "price": "18.07",
            "revenue": 83329
        },
        "2013-07": {
            "month": "2013-07",
            "price": "20.65",
            "revenue": 99944
        },
        "2013-08": {
            "month": "2013-08",
            "price": "19.45",
            "revenue": 74217
        },
        "2013-09": {
            "month": "2013-09",
            "price": "17.21",
            "revenue": 83402
        },
        "2013-10": {
            "month": "2013-10",
            "price": "17.23",
            "revenue": 82372
        },
        "2013-11": {
            "month": "2013-11",
            "price": "16.23",
            "revenue": 95578
        },
        "2013-12": {
            "month": "2013-12",
            "price": "16.83",
            "revenue": 103185
        },
        "2014-01": {
            "month": "2014-01",
            "price": "17.87",
            "revenue": 91419
        },
        "2014-02": {
            "month": "2014-02",
            "price": "17.91",
            "revenue": 72924
        },
        "2014-03": {
            "month": "2014-03",
            "price": "19.19",
            "revenue": 106060
        },
        "2014-04": {
            "month": "2014-04",
            "price": "18.50",
            "revenue": 77226
        },
        "2014-05": {
            "month": "2014-05",
            "price": "17.27",
            "revenue": 95233
        },
        "2014-06": {
            "month": "2014-06",
            "price": "17.16",
            "revenue": 82318
        },
        "2014-07": {
            "month": "2014-07",
            "price": "17.08",
            "revenue": 86125
        },
        "2014-08": {
            "month": "2014-08",
            "price": "17.81",
            "revenue": 77679
        },
        "2014-09": {
            "month": "2014-09",
            "price": "17.07",
            "revenue": 117762
        },
        "2014-10": {
            "month": "2014-10",
            "price": "16.72",
            "revenue": 136211
        },
        "2014-11": {
            "month": "2014-11",
            "price": "17.09",
            "revenue": 92916
        },
        "2014-12": {
            "month": "2014-12",
            "price": "16.81",
            "revenue": 84512
        },
        "2015-01": {
            "month": "2015-01",
            "price": "16.61",
            "revenue": 90137
        },
        "2015-02": {
            "month": "2015-02",
            "price": "16.71",
            "revenue": 52292
        },
        "2015-03": {
            "month": "2015-03",
            "price": "16.96",
            "revenue": 94427
        },
        "2015-04": {
            "month": "2015-04",
            "price": "17.53",
            "revenue": 87573
        },
        "2015-05": {
            "month": "2015-05",
            "price": "16.82",
            "revenue": 80435
        },
        "2015-06": {
            "month": "2015-06",
            "price": "15.97",
            "revenue": 77171
        },
        "2015-07": {
            "month": "2015-07",
            "price": "15.02",
            "revenue": 80648
        },
        "2015-08": {
            "month": "2015-08",
            "price": "12.61",
            "revenue": 71267
        },
        "2015-09": {
            "month": "2015-09",
            "price": "13.32",
            "revenue": 74502
        },
        "2015-10": {
            "month": "2015-10",
            "price": "13.99",
            "revenue": 81104
        },
        "2015-11": {
            "month": "2015-11",
            "price": "14.87",
            "revenue": 70785
        },
        "2015-12": {
            "month": "2015-12",
            "price": "15.12",
            "revenue": 76287
        },
        "2016-01": {
            "month": "2016-01",
            "price": "15.02",
            "revenue": 71196
        },
        "2016-02": {
            "month": "2016-02",
            "price": "15.28",
            "revenue": 44924
        },
        "2016-03": {
            "month": "2016-03",
            "price": "16.87",
            "revenue": 70030
        },
        "2016-04": {
            "month": "2016-04",
            "price": "16.91",
            "revenue": 68320
        },
        "2016-05": {
            "month": "2016-05",
            "price": "17.00",
            "revenue": 69493
        },
        "2016-06": {
            "month": "2016-06",
            "price": "16.88",
            "revenue": 68451
        },
        "2016-07": {
            "month": "2016-07",
            "price": "16.92",
            "revenue": 62747
        },
        "2016-08": {
            "month": "2016-08",
            "price": "16.97",
            "revenue": 67822
        },
        "2016-09": {
            "month": "2016-09",
            "price": "16.94",
            "revenue": 71790
        },
        "2016-10": {
            "month": "2016-10",
            "price": "17.60",
            "revenue": 70511
        },
        "2016-11": {
            "month": "2016-11",
            "price": "17.30",
            "revenue": 82340
        },
        "2016-12": {
            "month": "2016-12",
            "price": "17.21",
            "revenue": 75694
        },
        "2017-01": {
            "month": "2017-01",
            "price": "16.88",
            "revenue": 57488
        },
        "2017-02": {
            "month": "2017-02",
            "price": "16.59",
            "revenue": 55879
        },
        "2017-03": {
            "month": "2017-03",
            "price": "16.24",
            "revenue": 73125
        },
        "2017-04": {
            "month": "2017-04",
            "price": "16.14",
            "revenue": 59130
        },
        "2017-05": {
            "month": "2017-05",
            "price": "16.04",
            "revenue": 72107
        },
        "2017-06": {
            "month": "2017-06",
            "price": "16.30",
            "revenue": 76500
        },
        "2017-07": {
            "month": "2017-07",
            "price": "17.22",
            "revenue": 58716
        },
        "2017-08": {
            "month": "2017-08",
            "price": "17.61",
            "revenue": 76701
        },
        "2017-09": {
            "month": "2017-09",
            "price": "17.57",
            "revenue": 75169
        },
        "2017-10": {
            "month": "2017-10",
            "price": "17.63",
            "revenue": 68820
        },
        "2017-11": {
            "month": "2017-11",
            "price": "17.98",
            "revenue": 74483
        },
        "2017-12": {
            "month": "2017-12",
            "price": "18.66",
            "revenue": 73450
        },
        "2018-01": {
            "month": "2018-01",
            "price": "18.86",
            "revenue": 74741
        },
        "2018-02": {
            "month": "2018-02",
            "price": "18.63",
            "revenue": 39615
        },
        "2018-03": {
            "month": "2018-03",
            "price": "19.21",
            "revenue": 79925
        },
        "2018-04": {
            "month": "2018-04",
            "price": "19.67",
            "revenue": 60680
        },
        "2018-05": {
            "month": "2018-05",
            "price": "20.03",
            "revenue": 70248
        },
        "2018-06": {
            "month": "2018-06",
            "price": "20.12",
            "revenue": 64930
        },
        "2018-07": {
            "month": "2018-07",
            "price": "20.05",
            "revenue": 68622
        },
        "2018-08": {
            "month": "2018-08",
            "price": "20.40",
            "revenue": 65521
        },
        "2018-09": {
            "month": "2018-09",
            "price": "19.27",
            "revenue": 55602
        },
        "2018-10": {
            "month": "2018-10",
            "price": "18.54",
            "revenue": 66587
        },
        "2018-11": {
            "month": "2018-11",
            "price": "18.42",
            "revenue": 66346
        },
        "2018-12": {
            "month": "2018-12",
            "price": "18.77",
            "revenue": 63289
        },
        "2019-01": {
            "month": "2019-01",
            "price": "18.65",
            "revenue": 74111
        },
        "2019-02": {
            "month": "2019-02",
            "price": "18.82",
            "revenue": 44075
        },
        "2019-03": {
            "month": "2019-03",
            "price": "19.69",
            "revenue": 69095
        },
        "2019-04": {
            "month": "2019-04",
            "price": "20.62",
            "revenue": 64462
        },
        "2019-05": {
            "month": "2019-05",
            "price": "20.33",
            "revenue": 72848
        },
        "2019-06": {
            "month": "2019-06",
            "price": "20.57",
            "revenue": 53528
        },
        "2019-07": {
            "month": "2019-07",
            "price": "20.27",
            "revenue": 69694
        },
        "2019-08": {
            "month": "2019-08",
            "price": "20.52",
            "revenue": 65399
        },
        "2019-09": {
            "month": "2019-09",
            "price": "20.42",
            "revenue": 57184
        },
        "2019-10": {
            "month": "2019-10",
            "price": "19.45",
            "revenue": 62193
        },
        "2019-11": {
            "month": "2019-11",
            "price": "19.33",
            "revenue": 66072
        },
        "2019-12": {
            "month": "2019-12",
            "price": "19.02",
            "revenue": 71948
        },
        "2020-01": {
            "month": "2020-01",
            "price": "18.88",
            "revenue": 48335
        },
        "2020-02": {
            "month": "2020-02",
            "price": "18.77",
            "revenue": 63108
        },
        "2020-03": {
            "month": "2020-03",
            "price": "17.16",
            "revenue": 71445
        },
        "2020-04": {
            "month": "2020-04",
            "price": "17.10",
            "revenue": 60260
        },
        "2020-05": {
            "month": "2020-05",
            "price": "17.42",
            "revenue": 57923
        },
        "2020-06": {
            "month": "2020-06",
            "price": "17.95",
            "revenue": 61146
        },
        "2020-07": {
            "month": "2020-07",
            "price": "17.96",
            "revenue": 74440
        },
        "2020-08": {
            "month": "2020-08",
            "price": "17.46",
            "revenue": 74766
        },
        "2020-09": {
            "month": "2020-09",
            "price": "17.27",
            "revenue": 63211
        },
        "2020-10": {
            "month": "2020-10",
            "price": "17.04",
            "revenue": 59761
        },
        "2020-11": {
            "month": "2020-11",
            "price": "16.96",
            "revenue": 62775
        },
        "2020-12": {
            "month": "2020-12",
            "price": "16.85",
            "revenue": 63750
        },
        "2021-01": {
            "month": "2021-01",
            "price": "16.62",
            "revenue": 70175
        },
        "2021-02": {
            "month": "2021-02",
            "price": "16.11",
            "revenue": 48072
        },
        "2021-03": {
            "month": "2021-03",
            "price": "15.72",
            "revenue": 76204
        },
        "2021-04": {
            "month": "2021-04",
            "price": "16.65",
            "revenue": 66576
        },
        "2021-05": {
            "month": "2021-05",
            "price": "15.95",
            "revenue": 71265
        },
        "2021-06": {
            "month": "2021-06",
            "price": "15.70",
            "revenue": 68361
        },
        "2021-07": {
            "month": "2021-07",
            "price": "15.60",
            "revenue": 62745
        },
        "2021-08": {
            "month": "2021-08",
            "price": "14.98",
            "revenue": 57052
        },
        "2021-09": {
            "month": "2021-09",
            "price": "14.71",
            "revenue": 52740
        },
        "2021-10": {
            "month": "2021-10",
            "price": "14.62",
            "revenue": 61003
        },
        "2021-11": {
            "month": "2021-11",
            "price": "14.80",
            "revenue": 59961
        },
        "2021-12": {
            "month": "2021-12",
            "price": "14.69",
            "revenue": 71152
        },
        "2022-01": {
            "month": "2022-01",
            "price": "14.81",
            "revenue": 55172
        },
        "2022-02": {
            "month": "2022-02",
            "price": "14.61",
            "revenue": 48088
        },
        "2022-03": {
            "month": "2022-03",
            "price": "14.48",
            "revenue": 68692
        },
        "2022-04": {
            "month": "2022-04",
            "price": "14.83",
            "revenue": 63688
        },
        "2022-05": {
            "month": "2022-05",
            "price": "14.68",
            "revenue": 62926
        },
        "2022-06": {
            "month": "2022-06",
            "price": "14.89",
            "revenue": 59350
        },
        "2022-07": {
            "month": "2022-07",
            "price": "14.60",
            "revenue": 56655
        },
        "2022-08": {
            "month": "2022-08",
            "price": "14.81",
            "revenue": 55953
        },
        "2022-09": {
            "month": "2022-09",
            "price": "14.71",
            "revenue": 58755
        },
        "2022-10": {
            "month": "2022-10",
            "price": "14.10",
            "revenue": 46669
        },
        "2022-11": {
            "month": "2022-11",
            "price": "14.32",
            "revenue": 51033
        },
        "2022-12": {
            "month": "2022-12",
            "price": "14.28",
            "revenue": 50256
        },
        "2023-01": {
            "month": "2023-01",
            "price": "14.22",
            "revenue": 41146
        },
        "2023-02": {
            "month": "2023-02",
            "price": "14.42",
            "revenue": 48554
        },
        "2023-03": {
            "month": "2023-03",
            "price": "14.46",
            "revenue": 63978
        },
        "2023-04": {
            "month": "2023-04",
            "price": "14.28",
            "revenue": 45647
        },
        "2023-05": {
            "month": "2023-05",
            "price": "14.25",
            "revenue": 54461
        }
    }
}
