{
    "summary": {
        "stock_name": "金居",
        "stock_id": "8358",
        "category": "電子零組件",
        "main_business": "CC01080電子零組件製造業<br>CA04010金屬表面處理業<br>CA01110鍊銅業",
        "website_url": "http://www.co-tech.com",
        "ceo": "李思賢",
        "pe_ratio": 19,
        "report_year_from": 2002,
        "report_year_to": 2023,
        "age": 21,
        "eps_negative_percentage": 33,
        "eps_growth_avg": {
            "last_all": 9.81,
            "last_2y": 33.27,
            "last_4y": 2.13,
            "last_8y": 13.08,
            "last_12y": 9.81,
            "last_16y": null,
            "last_20y": null,
            "at_2006_last_3y": null,
            "at_2007_last_3y": null,
            "at_2008_last_3y": null,
            "at_2009_last_3y": null,
            "at_2010_last_3y": null,
            "at_2011_last_3y": null,
            "at_2012_last_3y": null,
            "at_2013_last_3y": 0,
            "at_2014_last_3y": -100,
            "at_2015_last_3y": null,
            "at_2016_last_3y": null,
            "at_2017_last_3y": 67.87,
            "at_2018_last_3y": 12.55,
            "at_2019_last_3y": -7.11,
            "at_2020_last_3y": 3.75,
            "at_2021_last_3y": 11.78,
            "at_2022_last_3y": 13.35,
            "at_2023_last_3y": 13.35,
            "at_2006_last_all": null,
            "at_2007_last_all": null,
            "at_2008_last_all": null,
            "at_2009_last_all": null,
            "at_2010_last_all": null,
            "at_2011_last_all": 0,
            "at_2012_last_all": 0,
            "at_2013_last_all": 0,
            "at_2014_last_all": 0,
            "at_2015_last_all": 0,
            "at_2016_last_all": 0,
            "at_2017_last_all": 22.62,
            "at_2018_last_all": 6.27,
            "at_2019_last_all": -4.26,
            "at_2020_last_all": 2.5,
            "at_2021_last_all": 16.43,
            "at_2022_last_all": 9.81,
            "at_2023_last_all": 9.81
        },
        "latest_eps": 3.03,
        "latest_price": 56.5,
        "latest_roe": 11.94,
        "latest_gross_margin": 16.01,
        "latest_equity": 6264023,
        "latest_revenue": 1752856,
        "latest_gross_profit": 280569,
        "latest_net_income": 179343,
        "latest_debt_ratio": 17.56,
        "latest_current_ratio": 305.03,
        "latest_account_receivable_turnover_ratio": 1.13,
        "latest_inventory_turnover_ratio": 2.08,
        "latest_reinvestment_rate": 34.78,
        "latest_research_to_sale_ratio": 0.54
    },
    "eps_dividends": {
        "2001": {
            "cash": 0,
            "stock": 0,
            "eps": 0
        },
        "2002": {
            "cash": 0,
            "stock": 0,
            "eps": 0
        },
        "2003": {
            "cash": 0,
            "stock": 0,
            "eps": 0
        },
        "2004": {
            "cash": 0,
            "stock": 0,
            "eps": 0
        },
        "2005": {
            "cash": 0,
            "stock": 0,
            "eps": 0
        },
        "2006": {
            "cash": 0,
            "stock": 0,
            "eps": 0
        },
        "2007": {
            "cash": 0,
            "stock": 0,
            "eps": 0
        },
        "2008": {
            "cash": 0,
            "stock": 0,
            "eps": 0
        },
        "2009": {
            "cash": 0,
            "stock": 0,
            "eps": 0.91
        },
        "2010": {
            "cash": 1,
            "stock": 0,
            "eps": 1.87
        },
        "2011": {
            "cash": 0,
            "stock": 0,
            "eps": -0.69
        },
        "2012": {
            "cash": 0,
            "stock": 0,
            "eps": -0.47
        },
        "2013": {
            "cash": 0,
            "stock": 0,
            "eps": -0.64
        },
        "2014": {
            "cash": 0,
            "stock": 0,
            "eps": -1.42
        },
        "2015": {
            "cash": 0,
            "stock": 0,
            "eps": -0.95
        },
        "2016": {
            "cash": 0,
            "stock": 0,
            "eps": 3.05
        },
        "2017": {
            "cash": 0,
            "stock": 0,
            "eps": 5.12
        },
        "2018": {
            "cash": 3,
            "stock": 0,
            "eps": 2.93
        },
        "2019": {
            "cash": 2,
            "stock": 0,
            "eps": 1.57
        },
        "2020": {
            "cash": 2,
            "stock": 0,
            "eps": 2.14
        },
        "2021": {
            "cash": 2,
            "stock": 0,
            "eps": 6.03
        },
        "2022": {
            "cash": 4,
            "stock": 0,
            "eps": 3.83
        },
        "2023": {
            "cash": 3,
            "stock": 0,
            "eps": 0.71
        }
    },
    "dividends": {
        "2010-03-19": {
            "cash": 0.5,
            "stock": 0
        },
        "2018-01-26": {
            "cash": 3,
            "stock": 0
        },
        "2019-08-01": {
            "cash": 2.2,
            "stock": 0
        },
        "2020-07-31": {
            "cash": 2,
            "stock": 0
        },
        "2021-09-23": {
            "cash": 2,
            "stock": 0
        },
        "2022-08-16": {
            "cash": 4.2,
            "stock": 0
        },
        "2023-05-05": {
            "cash": 2.5,
            "stock": 0
        }
    },
    "prices": {
        "200101": "無",
        "200102": "無",
        "200103": "無",
        "200104": "無",
        "200105": "無",
        "200106": "無",
        "200107": "無",
        "200108": "無",
        "200109": "無",
        "200110": "無",
        "200111": "無",
        "200112": "無",
        "200201": "無",
        "200202": "無",
        "200203": "無",
        "200204": "無",
        "200205": "無",
        "200206": "無",
        "200207": "無",
        "200208": "無",
        "200209": "無",
        "200210": "無",
        "200211": "無",
        "200212": "無",
        "200301": "無",
        "200302": "無",
        "200303": "無",
        "200304": "無",
        "200305": "無",
        "200306": "無",
        "200307": "無",
        "200308": "無",
        "200309": "無",
        "200310": "無",
        "200311": "無",
        "200312": "無",
        "200401": "無",
        "200402": "無",
        "200403": "無",
        "200404": "無",
        "200405": "無",
        "200406": "無",
        "200407": "無",
        "200408": "無",
        "200409": "無",
        "200410": "無",
        "200411": "無",
        "200412": "無",
        "200501": "無",
        "200502": "無",
        "200503": "無",
        "200504": "無",
        "200505": "無",
        "200506": "無",
        "200507": "無",
        "200508": "無",
        "200509": "無",
        "200510": "無",
        "200511": "無",
        "200512": "無",
        "200601": "無",
        "200602": "無",
        "200603": "無",
        "200604": "無",
        "200605": "無",
        "200606": "無",
        "200607": "無",
        "200608": "無",
        "200609": "無",
        "200610": "無",
        "200611": "無",
        "200612": "無",
        "200701": "無",
        "200702": "無",
        "200703": "無",
        "200704": "無",
        "200705": "無",
        "200706": "無",
        "200707": "無",
        "200708": "無",
        "200709": "無",
        "200710": "無",
        "200711": "21.82",
        "200712": "23.21",
        "200801": "22.96",
        "200802": "23.40",
        "200803": "23.99",
        "200804": "23.60",
        "200805": "22.64",
        "200806": "18.32",
        "200807": "14.84",
        "200808": "12.80",
        "200809": "12.27",
        "200810": "11.00",
        "200811": "10.02",
        "200812": "9.29",
        "200901": "9.84",
        "200902": "10.45",
        "200903": "9.87",
        "200904": "10.09",
        "200905": "11.49",
        "200906": "10.58",
        "200907": "10.31",
        "200908": "10.66",
        "200909": "11.61",
        "200910": "16.06",
        "200911": "14.94",
        "200912": "13.20",
        "201001": "13.99",
        "201002": "14.86",
        "201003": "19.46",
        "201004": "23.33",
        "201005": "23.17",
        "201006": "23.59",
        "201007": "24.44",
        "201008": "25.91",
        "201009": "26.45",
        "201010": "26.78",
        "201011": "24.76",
        "201012": "25.90",
        "201101": "26.15",
        "201102": "27.01",
        "201103": "25.05",
        "201104": "25.13",
        "201105": "21.35",
        "201106": "19.29",
        "201107": "17.76",
        "201108": "14.95",
        "201109": "12.57",
        "201110": "10.62",
        "201111": "10.15",
        "201112": "9.23",
        "201201": "9.46",
        "201202": "12.12",
        "201203": "12.96",
        "201204": "11.14",
        "201205": "9.74",
        "201206": "9.13",
        "201207": "9.37",
        "201208": "9.73",
        "201209": "10.38",
        "201210": "9.85",
        "201211": "9.03",
        "201212": "8.90",
        "201301": "8.96",
        "201302": "9.23",
        "201303": "9.49",
        "201304": "9.20",
        "201305": "9.16",
        "201306": "9.05",
        "201307": "8.98",
        "201308": "8.94",
        "201309": "8.96",
        "201310": "8.65",
        "201311": "7.93",
        "201312": "7.89",
        "201401": "8.31",
        "201402": "8.64",
        "201403": "9.16",
        "201404": "9.16",
        "201405": "9.36",
        "201406": "10.12",
        "201407": "10.53",
        "201408": "10.29",
        "201409": "10.20",
        "201410": "10.12",
        "201411": "10.04",
        "201412": "9.98",
        "201501": "9.91",
        "201502": "9.80",
        "201503": "9.74",
        "201504": "10.28",
        "201505": "10.13",
        "201506": "9.82",
        "201507": "9.41",
        "201508": "8.90",
        "201509": "8.66",
        "201510": "8.61",
        "201511": "8.63",
        "201512": "8.73",
        "201601": "9.09",
        "201602": "9.54",
        "201603": "12.10",
        "201604": "14.32",
        "201605": "14.22",
        "201606": "17.03",
        "201607": "21.80",
        "201608": "26.16",
        "201609": "28.12",
        "201610": "27.80",
        "201611": "28.22",
        "201612": "32.85",
        "201701": "41.63",
        "201702": "51.94",
        "201703": "56.96",
        "201704": "50.71",
        "201705": "49.36",
        "201706": "45.84",
        "201707": "46.76",
        "201708": "53.62",
        "201709": "52.49",
        "201710": "49.90",
        "201711": "40.79",
        "201712": "39.29",
        "201801": "42.94",
        "201802": "41.50",
        "201803": "42.70",
        "201804": "41.57",
        "201805": "38.76",
        "201806": "40.77",
        "201807": "37.73",
        "201808": "34.38",
        "201809": "31.40",
        "201810": "26.93",
        "201811": "27.93",
        "201812": "29.10",
        "201901": "28.74",
        "201902": "31.01",
        "201903": "31.79",
        "201904": "34.03",
        "201905": "29.69",
        "201906": "30.79",
        "201907": "31.57",
        "201908": "39.84",
        "201909": "45.49",
        "201910": "42.48",
        "201911": "41.91",
        "201912": "43.88",
        "202001": "42.29",
        "202002": "37.56",
        "202003": "32.88",
        "202004": "34.42",
        "202005": "41.80",
        "202006": "42.22",
        "202007": "40.56",
        "202008": "39.06",
        "202009": "38.38",
        "202010": "37.62",
        "202011": "42.51",
        "202012": "46.74",
        "202101": "51.68",
        "202102": "58.28",
        "202103": "63.43",
        "202104": "79.79",
        "202105": "73.89",
        "202106": "82.12",
        "202107": "81.24",
        "202108": "78.19",
        "202109": "73.21",
        "202110": "71.72",
        "202111": "77.49",
        "202112": "76.10",
        "202201": "73.01",
        "202202": "71.77",
        "202203": "71.93",
        "202204": "65.77",
        "202205": "56.89",
        "202206": "52.75",
        "202207": "44.13",
        "202208": "42.41",
        "202209": "39.90",
        "202210": "37.96",
        "202211": "50.50",
        "202212": "53.38",
        "202301": "58.72",
        "202302": "65.57",
        "202303": "61.25",
        "202304": "58.09",
        "202305": "55.08"
    },
    "quarters": {
        "20011": {
            "year_quarter": 20011,
            "year": 2001,
            "quarter": 1,
            "eps": null,
            "eps_growth_year": null,
            "eps_4q": null,
            "eps_4q_growth_year": null,
            "roe": null,
            "roe_4q": 0,
            "gross_profit": null,
            "gross_margin": null,
            "gross_margin_4q_avg": 0,
            "net_income": null,
            "revenue": null,
            "common_shares": null,
            "book_valuer_per_share": null,
            "book_valuer_per_share_4q_avg": 0,
            "equity": null,
            "current_ratio": null,
            "debt_ratio": null,
            "inventory_turnover_ratio": null,
            "account_receivable_turnover_ratio": null,
            "reinvestment_rate": null,
            "research_to_sale_ratio": null,
            "price_fair": 0,
            "eps_avg_yearly": 0,
            "eps_latest_yearly": 0,
            "eps_growth_yearly": 0
        },
        "20012": {
            "year_quarter": 20012,
            "year": 2001,
            "quarter": 2,
            "eps": null,
            "eps_growth_year": null,
            "eps_4q": null,
            "eps_4q_growth_year": null,
            "roe": null,
            "roe_4q": 0,
            "gross_profit": null,
            "gross_margin": null,
            "gross_margin_4q_avg": 0,
            "net_income": null,
            "revenue": null,
            "common_shares": null,
            "book_valuer_per_share": null,
            "book_valuer_per_share_4q_avg": 0,
            "equity": null,
            "current_ratio": null,
            "debt_ratio": null,
            "inventory_turnover_ratio": null,
            "account_receivable_turnover_ratio": null,
            "reinvestment_rate": null,
            "research_to_sale_ratio": null,
            "price_fair": 0,
            "eps_avg_yearly": 0,
            "eps_latest_yearly": 0,
            "eps_growth_yearly": 0
        },
        "20013": {
            "year_quarter": 20013,
            "year": 2001,
            "quarter": 3,
            "eps": null,
            "eps_growth_year": null,
            "eps_4q": null,
            "eps_4q_growth_year": null,
            "roe": null,
            "roe_4q": 0,
            "gross_profit": null,
            "gross_margin": null,
            "gross_margin_4q_avg": 0,
            "net_income": null,
            "revenue": null,
            "common_shares": null,
            "book_valuer_per_share": null,
            "book_valuer_per_share_4q_avg": 0,
            "equity": null,
            "current_ratio": null,
            "debt_ratio": null,
            "inventory_turnover_ratio": null,
            "account_receivable_turnover_ratio": null,
            "reinvestment_rate": null,
            "research_to_sale_ratio": null,
            "price_fair": 0,
            "eps_avg_yearly": 0,
            "eps_latest_yearly": 0,
            "eps_growth_yearly": 0
        },
        "20014": {
            "year_quarter": 20014,
            "year": 2001,
            "quarter": 4,
            "eps": null,
            "eps_growth_year": null,
            "eps_4q": null,
            "eps_4q_growth_year": null,
            "roe": null,
            "roe_4q": 0,
            "gross_profit": null,
            "gross_margin": null,
            "gross_margin_4q_avg": 0,
            "net_income": null,
            "revenue": null,
            "common_shares": 1540000,
            "book_valuer_per_share": 17.06,
            "book_valuer_per_share_4q_avg": 4.27,
            "equity": 2627698,
            "current_ratio": 182.19,
            "debt_ratio": 43.73,
            "inventory_turnover_ratio": null,
            "account_receivable_turnover_ratio": null,
            "reinvestment_rate": null,
            "research_to_sale_ratio": null,
            "price_fair": 0,
            "eps_avg_yearly": 0,
            "eps_latest_yearly": 0,
            "eps_growth_yearly": 0
        },
        "20021": {
            "year_quarter": 20021,
            "year": 2002,
            "quarter": 1,
            "eps": null,
            "eps_growth_year": null,
            "eps_4q": null,
            "eps_4q_growth_year": null,
            "roe": null,
            "roe_4q": 0,
            "gross_profit": null,
            "gross_margin": null,
            "gross_margin_4q_avg": 0,
            "net_income": null,
            "revenue": null,
            "common_shares": null,
            "book_valuer_per_share": null,
            "book_valuer_per_share_4q_avg": 4.27,
            "equity": null,
            "current_ratio": null,
            "debt_ratio": null,
            "inventory_turnover_ratio": null,
            "account_receivable_turnover_ratio": null,
            "reinvestment_rate": null,
            "research_to_sale_ratio": null,
            "price_fair": 0,
            "eps_avg_yearly": 0,
            "eps_latest_yearly": 0,
            "eps_growth_yearly": 0
        },
        "20022": {
            "year_quarter": 20022,
            "year": 2002,
            "quarter": 2,
            "eps": null,
            "eps_growth_year": null,
            "eps_4q": null,
            "eps_4q_growth_year": null,
            "roe": null,
            "roe_4q": 0,
            "gross_profit": null,
            "gross_margin": null,
            "gross_margin_4q_avg": 0,
            "net_income": null,
            "revenue": null,
            "common_shares": null,
            "book_valuer_per_share": null,
            "book_valuer_per_share_4q_avg": 4.27,
            "equity": null,
            "current_ratio": null,
            "debt_ratio": null,
            "inventory_turnover_ratio": null,
            "account_receivable_turnover_ratio": null,
            "reinvestment_rate": null,
            "research_to_sale_ratio": null,
            "price_fair": 0,
            "eps_avg_yearly": 0,
            "eps_latest_yearly": 0,
            "eps_growth_yearly": 0
        },
        "20023": {
            "year_quarter": 20023,
            "year": 2002,
            "quarter": 3,
            "eps": null,
            "eps_growth_year": null,
            "eps_4q": null,
            "eps_4q_growth_year": null,
            "roe": null,
            "roe_4q": 0,
            "gross_profit": null,
            "gross_margin": null,
            "gross_margin_4q_avg": 0,
            "net_income": null,
            "revenue": null,
            "common_shares": null,
            "book_valuer_per_share": null,
            "book_valuer_per_share_4q_avg": 4.27,
            "equity": null,
            "current_ratio": null,
            "debt_ratio": null,
            "inventory_turnover_ratio": null,
            "account_receivable_turnover_ratio": null,
            "reinvestment_rate": null,
            "research_to_sale_ratio": null,
            "price_fair": 0,
            "eps_avg_yearly": 0,
            "eps_latest_yearly": 0,
            "eps_growth_yearly": 0
        },
        "20024": {
            "year_quarter": 20024,
            "year": 2002,
            "quarter": 4,
            "eps": null,
            "eps_growth_year": null,
            "eps_4q": null,
            "eps_4q_growth_year": null,
            "roe": null,
            "roe_4q": 0,
            "gross_profit": null,
            "gross_margin": null,
            "gross_margin_4q_avg": 0,
            "net_income": null,
            "revenue": null,
            "common_shares": 1540000,
            "book_valuer_per_share": 13.67,
            "book_valuer_per_share_4q_avg": 3.42,
            "equity": 2104890,
            "current_ratio": 52.99,
            "debt_ratio": 57.51,
            "inventory_turnover_ratio": null,
            "account_receivable_turnover_ratio": null,
            "reinvestment_rate": null,
            "research_to_sale_ratio": null,
            "price_fair": 0,
            "eps_avg_yearly": 0,
            "eps_latest_yearly": 0,
            "eps_growth_yearly": 0
        },
        "20031": {
            "year_quarter": 20031,
            "year": 2003,
            "quarter": 1,
            "eps": null,
            "eps_growth_year": null,
            "eps_4q": null,
            "eps_4q_growth_year": null,
            "roe": null,
            "roe_4q": 0,
            "gross_profit": null,
            "gross_margin": null,
            "gross_margin_4q_avg": 0,
            "net_income": null,
            "revenue": null,
            "common_shares": null,
            "book_valuer_per_share": null,
            "book_valuer_per_share_4q_avg": 3.42,
            "equity": null,
            "current_ratio": null,
            "debt_ratio": null,
            "inventory_turnover_ratio": null,
            "account_receivable_turnover_ratio": null,
            "reinvestment_rate": null,
            "research_to_sale_ratio": null,
            "price_fair": 0,
            "eps_avg_yearly": 0,
            "eps_latest_yearly": 0,
            "eps_growth_yearly": 0
        },
        "20032": {
            "year_quarter": 20032,
            "year": 2003,
            "quarter": 2,
            "eps": null,
            "eps_growth_year": null,
            "eps_4q": null,
            "eps_4q_growth_year": null,
            "roe": null,
            "roe_4q": 0,
            "gross_profit": null,
            "gross_margin": null,
            "gross_margin_4q_avg": 0,
            "net_income": null,
            "revenue": null,
            "common_shares": null,
            "book_valuer_per_share": null,
            "book_valuer_per_share_4q_avg": 3.42,
            "equity": null,
            "current_ratio": null,
            "debt_ratio": null,
            "inventory_turnover_ratio": null,
            "account_receivable_turnover_ratio": null,
            "reinvestment_rate": null,
            "research_to_sale_ratio": null,
            "price_fair": 0,
            "eps_avg_yearly": 0,
            "eps_latest_yearly": 0,
            "eps_growth_yearly": 0
        },
        "20033": {
            "year_quarter": 20033,
            "year": 2003,
            "quarter": 3,
            "eps": null,
            "eps_growth_year": null,
            "eps_4q": null,
            "eps_4q_growth_year": null,
            "roe": null,
            "roe_4q": 0,
            "gross_profit": null,
            "gross_margin": null,
            "gross_margin_4q_avg": 0,
            "net_income": null,
            "revenue": null,
            "common_shares": null,
            "book_valuer_per_share": null,
            "book_valuer_per_share_4q_avg": 3.42,
            "equity": null,
            "current_ratio": null,
            "debt_ratio": null,
            "inventory_turnover_ratio": null,
            "account_receivable_turnover_ratio": null,
            "reinvestment_rate": null,
            "research_to_sale_ratio": null,
            "price_fair": 0,
            "eps_avg_yearly": 0,
            "eps_latest_yearly": 0,
            "eps_growth_yearly": 0
        },
        "20034": {
            "year_quarter": 20034,
            "year": 2003,
            "quarter": 4,
            "eps": null,
            "eps_growth_year": null,
            "eps_4q": null,
            "eps_4q_growth_year": null,
            "roe": null,
            "roe_4q": 0,
            "gross_profit": null,
            "gross_margin": null,
            "gross_margin_4q_avg": 0,
            "net_income": null,
            "revenue": null,
            "common_shares": 1840000,
            "book_valuer_per_share": 10.85,
            "book_valuer_per_share_4q_avg": 2.71,
            "equity": 1995509,
            "current_ratio": 90.52,
            "debt_ratio": 59.77,
            "inventory_turnover_ratio": null,
            "account_receivable_turnover_ratio": null,
            "reinvestment_rate": null,
            "research_to_sale_ratio": null,
            "price_fair": 0,
            "eps_avg_yearly": 0,
            "eps_latest_yearly": 0,
            "eps_growth_yearly": 0
        },
        "20041": {
            "year_quarter": 20041,
            "year": 2004,
            "quarter": 1,
            "eps": null,
            "eps_growth_year": null,
            "eps_4q": null,
            "eps_4q_growth_year": null,
            "roe": null,
            "roe_4q": 0,
            "gross_profit": null,
            "gross_margin": null,
            "gross_margin_4q_avg": 0,
            "net_income": null,
            "revenue": null,
            "common_shares": null,
            "book_valuer_per_share": null,
            "book_valuer_per_share_4q_avg": 2.71,
            "equity": null,
            "current_ratio": null,
            "debt_ratio": null,
            "inventory_turnover_ratio": null,
            "account_receivable_turnover_ratio": null,
            "reinvestment_rate": null,
            "research_to_sale_ratio": null,
            "price_fair": 0,
            "eps_avg_yearly": 0,
            "eps_latest_yearly": 0,
            "eps_growth_yearly": 0
        },
        "20042": {
            "year_quarter": 20042,
            "year": 2004,
            "quarter": 2,
            "eps": null,
            "eps_growth_year": null,
            "eps_4q": null,
            "eps_4q_growth_year": null,
            "roe": null,
            "roe_4q": 0,
            "gross_profit": null,
            "gross_margin": null,
            "gross_margin_4q_avg": 0,
            "net_income": null,
            "revenue": null,
            "common_shares": null,
            "book_valuer_per_share": null,
            "book_valuer_per_share_4q_avg": 2.71,
            "equity": null,
            "current_ratio": null,
            "debt_ratio": null,
            "inventory_turnover_ratio": null,
            "account_receivable_turnover_ratio": null,
            "reinvestment_rate": null,
            "research_to_sale_ratio": null,
            "price_fair": 0,
            "eps_avg_yearly": 0,
            "eps_latest_yearly": 0,
            "eps_growth_yearly": 0
        },
        "20043": {
            "year_quarter": 20043,
            "year": 2004,
            "quarter": 3,
            "eps": null,
            "eps_growth_year": null,
            "eps_4q": null,
            "eps_4q_growth_year": null,
            "roe": null,
            "roe_4q": 0,
            "gross_profit": null,
            "gross_margin": null,
            "gross_margin_4q_avg": 0,
            "net_income": null,
            "revenue": null,
            "common_shares": null,
            "book_valuer_per_share": null,
            "book_valuer_per_share_4q_avg": 2.71,
            "equity": null,
            "current_ratio": null,
            "debt_ratio": null,
            "inventory_turnover_ratio": null,
            "account_receivable_turnover_ratio": null,
            "reinvestment_rate": null,
            "research_to_sale_ratio": null,
            "price_fair": 0,
            "eps_avg_yearly": 0,
            "eps_latest_yearly": 0,
            "eps_growth_yearly": 0
        },
        "20044": {
            "year_quarter": 20044,
            "year": 2004,
            "quarter": 4,
            "eps": null,
            "eps_growth_year": null,
            "eps_4q": null,
            "eps_4q_growth_year": null,
            "roe": null,
            "roe_4q": 0,
            "gross_profit": null,
            "gross_margin": null,
            "gross_margin_4q_avg": 0,
            "net_income": null,
            "revenue": null,
            "common_shares": 1840000,
            "book_valuer_per_share": 9.66,
            "book_valuer_per_share_4q_avg": 2.42,
            "equity": 1778256,
            "current_ratio": 75.8,
            "debt_ratio": 64.51,
            "inventory_turnover_ratio": null,
            "account_receivable_turnover_ratio": null,
            "reinvestment_rate": null,
            "research_to_sale_ratio": null,
            "price_fair": 0,
            "eps_avg_yearly": 0,
            "eps_latest_yearly": 0,
            "eps_growth_yearly": 0
        },
        "20051": {
            "year_quarter": 20051,
            "year": 2005,
            "quarter": 1,
            "eps": null,
            "eps_growth_year": null,
            "eps_4q": null,
            "eps_4q_growth_year": null,
            "roe": null,
            "roe_4q": 0,
            "gross_profit": null,
            "gross_margin": null,
            "gross_margin_4q_avg": 0,
            "net_income": null,
            "revenue": null,
            "common_shares": null,
            "book_valuer_per_share": null,
            "book_valuer_per_share_4q_avg": 2.42,
            "equity": null,
            "current_ratio": null,
            "debt_ratio": null,
            "inventory_turnover_ratio": null,
            "account_receivable_turnover_ratio": null,
            "reinvestment_rate": null,
            "research_to_sale_ratio": null,
            "price_fair": 0,
            "eps_avg_yearly": 0,
            "eps_latest_yearly": 0,
            "eps_growth_yearly": 0
        },
        "20052": {
            "year_quarter": 20052,
            "year": 2005,
            "quarter": 2,
            "eps": null,
            "eps_growth_year": null,
            "eps_4q": null,
            "eps_4q_growth_year": null,
            "roe": null,
            "roe_4q": 0,
            "gross_profit": null,
            "gross_margin": null,
            "gross_margin_4q_avg": 0,
            "net_income": null,
            "revenue": null,
            "common_shares": null,
            "book_valuer_per_share": null,
            "book_valuer_per_share_4q_avg": 2.42,
            "equity": null,
            "current_ratio": null,
            "debt_ratio": null,
            "inventory_turnover_ratio": null,
            "account_receivable_turnover_ratio": null,
            "reinvestment_rate": null,
            "research_to_sale_ratio": null,
            "price_fair": 0,
            "eps_avg_yearly": 0,
            "eps_latest_yearly": 0,
            "eps_growth_yearly": 0
        },
        "20053": {
            "year_quarter": 20053,
            "year": 2005,
            "quarter": 3,
            "eps": null,
            "eps_growth_year": null,
            "eps_4q": null,
            "eps_4q_growth_year": null,
            "roe": null,
            "roe_4q": 0,
            "gross_profit": null,
            "gross_margin": null,
            "gross_margin_4q_avg": 0,
            "net_income": null,
            "revenue": null,
            "common_shares": null,
            "book_valuer_per_share": null,
            "book_valuer_per_share_4q_avg": 2.42,
            "equity": null,
            "current_ratio": null,
            "debt_ratio": null,
            "inventory_turnover_ratio": null,
            "account_receivable_turnover_ratio": null,
            "reinvestment_rate": null,
            "research_to_sale_ratio": null,
            "price_fair": 0,
            "eps_avg_yearly": 0,
            "eps_latest_yearly": 0,
            "eps_growth_yearly": 0
        },
        "20054": {
            "year_quarter": 20054,
            "year": 2005,
            "quarter": 4,
            "eps": null,
            "eps_growth_year": null,
            "eps_4q": null,
            "eps_4q_growth_year": null,
            "roe": null,
            "roe_4q": 0,
            "gross_profit": null,
            "gross_margin": null,
            "gross_margin_4q_avg": 0,
            "net_income": null,
            "revenue": null,
            "common_shares": 2000000,
            "book_valuer_per_share": 8.09,
            "book_valuer_per_share_4q_avg": 2.02,
            "equity": 1617086,
            "current_ratio": 85.12,
            "debt_ratio": 65.46,
            "inventory_turnover_ratio": null,
            "account_receivable_turnover_ratio": null,
            "reinvestment_rate": null,
            "research_to_sale_ratio": null,
            "price_fair": 0,
            "eps_avg_yearly": 0,
            "eps_latest_yearly": 0,
            "eps_growth_yearly": 0
        },
        "20061": {
            "year_quarter": 20061,
            "year": 2006,
            "quarter": 1,
            "eps": null,
            "eps_growth_year": null,
            "eps_4q": null,
            "eps_4q_growth_year": null,
            "roe": null,
            "roe_4q": 0,
            "gross_profit": null,
            "gross_margin": null,
            "gross_margin_4q_avg": 0,
            "net_income": null,
            "revenue": null,
            "common_shares": null,
            "book_valuer_per_share": null,
            "book_valuer_per_share_4q_avg": 2.02,
            "equity": null,
            "current_ratio": null,
            "debt_ratio": null,
            "inventory_turnover_ratio": null,
            "account_receivable_turnover_ratio": null,
            "reinvestment_rate": null,
            "research_to_sale_ratio": null,
            "price_fair": 0,
            "eps_avg_yearly": 0,
            "eps_latest_yearly": 0,
            "eps_growth_yearly": 0
        },
        "20062": {
            "year_quarter": 20062,
            "year": 2006,
            "quarter": 2,
            "eps": null,
            "eps_growth_year": null,
            "eps_4q": null,
            "eps_4q_growth_year": null,
            "roe": null,
            "roe_4q": 0,
            "gross_profit": null,
            "gross_margin": null,
            "gross_margin_4q_avg": 0,
            "net_income": null,
            "revenue": null,
            "common_shares": null,
            "book_valuer_per_share": null,
            "book_valuer_per_share_4q_avg": 2.02,
            "equity": null,
            "current_ratio": null,
            "debt_ratio": null,
            "inventory_turnover_ratio": null,
            "account_receivable_turnover_ratio": null,
            "reinvestment_rate": null,
            "research_to_sale_ratio": null,
            "price_fair": 0,
            "eps_avg_yearly": 0,
            "eps_latest_yearly": 0,
            "eps_growth_yearly": 0
        },
        "20063": {
            "year_quarter": 20063,
            "year": 2006,
            "quarter": 3,
            "eps": null,
            "eps_growth_year": null,
            "eps_4q": null,
            "eps_4q_growth_year": null,
            "roe": null,
            "roe_4q": 0,
            "gross_profit": null,
            "gross_margin": null,
            "gross_margin_4q_avg": 0,
            "net_income": null,
            "revenue": null,
            "common_shares": null,
            "book_valuer_per_share": null,
            "book_valuer_per_share_4q_avg": 2.02,
            "equity": null,
            "current_ratio": null,
            "debt_ratio": null,
            "inventory_turnover_ratio": null,
            "account_receivable_turnover_ratio": null,
            "reinvestment_rate": null,
            "research_to_sale_ratio": null,
            "price_fair": 0,
            "eps_avg_yearly": 0,
            "eps_latest_yearly": 0,
            "eps_growth_yearly": 0
        },
        "20064": {
            "year_quarter": 20064,
            "year": 2006,
            "quarter": 4,
            "eps": null,
            "eps_growth_year": null,
            "eps_4q": null,
            "eps_4q_growth_year": null,
            "roe": null,
            "roe_4q": 0,
            "gross_profit": null,
            "gross_margin": null,
            "gross_margin_4q_avg": 0,
            "net_income": null,
            "revenue": null,
            "common_shares": 2000000,
            "book_valuer_per_share": 9.03,
            "book_valuer_per_share_4q_avg": 2.26,
            "equity": 1806607,
            "current_ratio": 87.74,
            "debt_ratio": 60.25,
            "inventory_turnover_ratio": null,
            "account_receivable_turnover_ratio": null,
            "reinvestment_rate": null,
            "research_to_sale_ratio": null,
            "price_fair": 0,
            "eps_avg_yearly": 0,
            "eps_latest_yearly": 0,
            "eps_growth_yearly": 0
        },
        "20071": {
            "year_quarter": 20071,
            "year": 2007,
            "quarter": 1,
            "eps": null,
            "eps_growth_year": null,
            "eps_4q": null,
            "eps_4q_growth_year": null,
            "roe": null,
            "roe_4q": 0,
            "gross_profit": null,
            "gross_margin": null,
            "gross_margin_4q_avg": 0,
            "net_income": null,
            "revenue": null,
            "common_shares": null,
            "book_valuer_per_share": null,
            "book_valuer_per_share_4q_avg": 2.26,
            "equity": null,
            "current_ratio": null,
            "debt_ratio": null,
            "inventory_turnover_ratio": null,
            "account_receivable_turnover_ratio": null,
            "reinvestment_rate": null,
            "research_to_sale_ratio": null,
            "price_fair": 0,
            "eps_avg_yearly": 0,
            "eps_latest_yearly": 0,
            "eps_growth_yearly": 0
        },
        "20072": {
            "year_quarter": 20072,
            "year": 2007,
            "quarter": 2,
            "eps": null,
            "eps_growth_year": null,
            "eps_4q": null,
            "eps_4q_growth_year": null,
            "roe": null,
            "roe_4q": 0,
            "gross_profit": null,
            "gross_margin": null,
            "gross_margin_4q_avg": 0,
            "net_income": null,
            "revenue": null,
            "common_shares": null,
            "book_valuer_per_share": null,
            "book_valuer_per_share_4q_avg": 2.26,
            "equity": null,
            "current_ratio": null,
            "debt_ratio": null,
            "inventory_turnover_ratio": null,
            "account_receivable_turnover_ratio": null,
            "reinvestment_rate": null,
            "research_to_sale_ratio": null,
            "price_fair": 0,
            "eps_avg_yearly": 0,
            "eps_latest_yearly": 0,
            "eps_growth_yearly": 0
        },
        "20073": {
            "year_quarter": 20073,
            "year": 2007,
            "quarter": 3,
            "eps": null,
            "eps_growth_year": null,
            "eps_4q": null,
            "eps_4q_growth_year": null,
            "roe": null,
            "roe_4q": 0,
            "gross_profit": null,
            "gross_margin": null,
            "gross_margin_4q_avg": 0,
            "net_income": null,
            "revenue": null,
            "common_shares": null,
            "book_valuer_per_share": null,
            "book_valuer_per_share_4q_avg": 2.26,
            "equity": null,
            "current_ratio": null,
            "debt_ratio": null,
            "inventory_turnover_ratio": null,
            "account_receivable_turnover_ratio": null,
            "reinvestment_rate": null,
            "research_to_sale_ratio": null,
            "price_fair": 0,
            "eps_avg_yearly": 0,
            "eps_latest_yearly": 0,
            "eps_growth_yearly": 0
        },
        "20074": {
            "year_quarter": 20074,
            "year": 2007,
            "quarter": 4,
            "eps": null,
            "eps_growth_year": null,
            "eps_4q": null,
            "eps_4q_growth_year": null,
            "roe": null,
            "roe_4q": 0,
            "gross_profit": null,
            "gross_margin": null,
            "gross_margin_4q_avg": 0,
            "net_income": null,
            "revenue": null,
            "common_shares": 2000000,
            "book_valuer_per_share": 10.17,
            "book_valuer_per_share_4q_avg": 2.54,
            "equity": 2034272,
            "current_ratio": 185.26,
            "debt_ratio": 56.89,
            "inventory_turnover_ratio": null,
            "account_receivable_turnover_ratio": null,
            "reinvestment_rate": null,
            "research_to_sale_ratio": null,
            "price_fair": 0,
            "eps_avg_yearly": 0,
            "eps_latest_yearly": 0,
            "eps_growth_yearly": 0
        },
        "20081": {
            "year_quarter": 20081,
            "year": 2008,
            "quarter": 1,
            "eps": null,
            "eps_growth_year": null,
            "eps_4q": null,
            "eps_4q_growth_year": null,
            "roe": null,
            "roe_4q": 0,
            "gross_profit": null,
            "gross_margin": null,
            "gross_margin_4q_avg": 0,
            "net_income": null,
            "revenue": null,
            "common_shares": null,
            "book_valuer_per_share": null,
            "book_valuer_per_share_4q_avg": 2.54,
            "equity": null,
            "current_ratio": null,
            "debt_ratio": null,
            "inventory_turnover_ratio": null,
            "account_receivable_turnover_ratio": null,
            "reinvestment_rate": null,
            "research_to_sale_ratio": null,
            "price_fair": 0,
            "eps_avg_yearly": 0,
            "eps_latest_yearly": 0,
            "eps_growth_yearly": 0
        },
        "20082": {
            "year_quarter": 20082,
            "year": 2008,
            "quarter": 2,
            "eps": null,
            "eps_growth_year": null,
            "eps_4q": null,
            "eps_4q_growth_year": null,
            "roe": null,
            "roe_4q": 0,
            "gross_profit": null,
            "gross_margin": null,
            "gross_margin_4q_avg": 0,
            "net_income": null,
            "revenue": null,
            "common_shares": null,
            "book_valuer_per_share": null,
            "book_valuer_per_share_4q_avg": 2.54,
            "equity": null,
            "current_ratio": null,
            "debt_ratio": null,
            "inventory_turnover_ratio": null,
            "account_receivable_turnover_ratio": null,
            "reinvestment_rate": null,
            "research_to_sale_ratio": null,
            "price_fair": 0,
            "eps_avg_yearly": 0,
            "eps_latest_yearly": 0,
            "eps_growth_yearly": 0
        },
        "20083": {
            "year_quarter": 20083,
            "year": 2008,
            "quarter": 3,
            "eps": null,
            "eps_growth_year": null,
            "eps_4q": null,
            "eps_4q_growth_year": null,
            "roe": null,
            "roe_4q": 0,
            "gross_profit": null,
            "gross_margin": null,
            "gross_margin_4q_avg": 0,
            "net_income": null,
            "revenue": null,
            "common_shares": null,
            "book_valuer_per_share": null,
            "book_valuer_per_share_4q_avg": 2.54,
            "equity": null,
            "current_ratio": null,
            "debt_ratio": null,
            "inventory_turnover_ratio": null,
            "account_receivable_turnover_ratio": null,
            "reinvestment_rate": null,
            "research_to_sale_ratio": null,
            "price_fair": 0,
            "eps_avg_yearly": 0,
            "eps_latest_yearly": 0,
            "eps_growth_yearly": 0
        },
        "20084": {
            "year_quarter": 20084,
            "year": 2008,
            "quarter": 4,
            "eps": null,
            "eps_growth_year": null,
            "eps_4q": null,
            "eps_4q_growth_year": null,
            "roe": null,
            "roe_4q": 0,
            "gross_profit": null,
            "gross_margin": null,
            "gross_margin_4q_avg": 0,
            "net_income": null,
            "revenue": null,
            "common_shares": 2000000,
            "book_valuer_per_share": 9.94,
            "book_valuer_per_share_4q_avg": 2.49,
            "equity": 1987850,
            "current_ratio": 125.48,
            "debt_ratio": 55.78,
            "inventory_turnover_ratio": null,
            "account_receivable_turnover_ratio": null,
            "reinvestment_rate": null,
            "research_to_sale_ratio": null,
            "price_fair": 0,
            "eps_avg_yearly": 0,
            "eps_latest_yearly": 0,
            "eps_growth_yearly": 0
        },
        "20091": {
            "year_quarter": 20091,
            "year": 2009,
            "quarter": 1,
            "eps": -0.25,
            "eps_growth_year": null,
            "eps_4q": null,
            "eps_4q_growth_year": null,
            "roe": -2.52,
            "roe_4q": -2.52,
            "gross_profit": -6724,
            "gross_margin": -1.25,
            "gross_margin_4q_avg": -0.31,
            "net_income": -49366,
            "revenue": 536218,
            "common_shares": 2000000,
            "book_valuer_per_share": 9.68,
            "book_valuer_per_share_4q_avg": 4.91,
            "equity": 1935300,
            "current_ratio": 95.45,
            "debt_ratio": 55.72,
            "inventory_turnover_ratio": 1.97,
            "account_receivable_turnover_ratio": 3.42,
            "reinvestment_rate": null,
            "research_to_sale_ratio": null,
            "price_fair": 0,
            "eps_avg_yearly": 0,
            "eps_latest_yearly": 0,
            "eps_growth_yearly": 0
        },
        "20092": {
            "year_quarter": 20092,
            "year": 2009,
            "quarter": 2,
            "eps": 0.34,
            "eps_growth_year": null,
            "eps_4q": null,
            "eps_4q_growth_year": null,
            "roe": 3.48,
            "roe_4q": 0.96,
            "gross_profit": 122313,
            "gross_margin": 14.57,
            "gross_margin_4q_avg": 3.33,
            "net_income": 68613,
            "revenue": 839520,
            "common_shares": 2000000,
            "book_valuer_per_share": 10.04,
            "book_valuer_per_share_4q_avg": 7.42,
            "equity": 2008471,
            "current_ratio": 104.5,
            "debt_ratio": 57.88,
            "inventory_turnover_ratio": 3.63,
            "account_receivable_turnover_ratio": 2.57,
            "reinvestment_rate": null,
            "research_to_sale_ratio": null,
            "price_fair": 0,
            "eps_avg_yearly": 0,
            "eps_latest_yearly": 0,
            "eps_growth_yearly": 0
        },
        "20093": {
            "year_quarter": 20093,
            "year": 2009,
            "quarter": 3,
            "eps": 0.45,
            "eps_growth_year": null,
            "eps_4q": null,
            "eps_4q_growth_year": null,
            "roe": 4.41,
            "roe_4q": 5.370000000000001,
            "gross_profit": 141724,
            "gross_margin": 14.09,
            "gross_margin_4q_avg": 6.85,
            "net_income": 90631,
            "revenue": 1006197,
            "common_shares": 2000000,
            "book_valuer_per_share": 10.5,
            "book_valuer_per_share_4q_avg": 10.04,
            "equity": 2099889,
            "current_ratio": 99.48,
            "debt_ratio": 56.69,
            "inventory_turnover_ratio": 3.78,
            "account_receivable_turnover_ratio": 1.4,
            "reinvestment_rate": null,
            "research_to_sale_ratio": null,
            "price_fair": 63,
            "eps_avg_yearly": 1.8,
            "eps_latest_yearly": 1.8,
            "eps_growth_yearly": 129.41
        },
        "20094": {
            "year_quarter": 20094,
            "year": 2009,
            "quarter": 4,
            "eps": 0.37,
            "eps_growth_year": null,
            "eps_4q": 0.92,
            "eps_4q_growth_year": null,
            "roe": 3.45,
            "roe_4q": 8.82,
            "gross_profit": 125679,
            "gross_margin": 12.11,
            "gross_margin_4q_avg": 9.88,
            "net_income": 73750,
            "revenue": 1038119,
            "common_shares": 2000000,
            "book_valuer_per_share": 10.86,
            "book_valuer_per_share_4q_avg": 10.27,
            "equity": 2172725,
            "current_ratio": 111.49,
            "debt_ratio": 57.49,
            "inventory_turnover_ratio": 2.95,
            "account_receivable_turnover_ratio": 2.46,
            "reinvestment_rate": null,
            "research_to_sale_ratio": null,
            "price_fair": 57.4,
            "eps_avg_yearly": 1.64,
            "eps_latest_yearly": 1.48,
            "eps_growth_yearly": 29.15
        },
        "20101": {
            "year_quarter": 20101,
            "year": 2010,
            "quarter": 1,
            "eps": null,
            "eps_growth_year": null,
            "eps_4q": null,
            "eps_4q_growth_year": null,
            "roe": null,
            "roe_4q": 11.34,
            "gross_profit": 164167,
            "gross_margin": null,
            "gross_margin_4q_avg": 10.19,
            "net_income": 103923,
            "revenue": 1324006,
            "common_shares": 2000000,
            "book_valuer_per_share": 11.38,
            "book_valuer_per_share_4q_avg": 10.7,
            "equity": 2276607,
            "current_ratio": 105.66,
            "debt_ratio": 56.8,
            "inventory_turnover_ratio": null,
            "account_receivable_turnover_ratio": null,
            "reinvestment_rate": null,
            "research_to_sale_ratio": null,
            "price_fair": 57.4,
            "eps_avg_yearly": 1.64,
            "eps_latest_yearly": 1.48,
            "eps_growth_yearly": 29.15
        },
        "20102": {
            "year_quarter": 20102,
            "year": 2010,
            "quarter": 2,
            "eps": 0.88,
            "eps_growth_year": 159.07,
            "eps_4q": 1.7,
            "eps_4q_growth_year": null,
            "roe": 7.61,
            "roe_4q": 15.47,
            "gross_profit": 244085,
            "gross_margin": 15.19,
            "gross_margin_4q_avg": 10.35,
            "net_income": 176166,
            "revenue": 1606898,
            "common_shares": 2000000,
            "book_valuer_per_share": 11.76,
            "book_valuer_per_share_4q_avg": 11.13,
            "equity": 2352156,
            "current_ratio": 111.69,
            "debt_ratio": 57.22,
            "inventory_turnover_ratio": 2.88,
            "account_receivable_turnover_ratio": 2.63,
            "reinvestment_rate": null,
            "research_to_sale_ratio": null,
            "price_fair": 57.4,
            "eps_avg_yearly": 1.64,
            "eps_latest_yearly": 1.48,
            "eps_growth_yearly": 29.15
        },
        "20103": {
            "year_quarter": 20103,
            "year": 2010,
            "quarter": 3,
            "eps": 0.66,
            "eps_growth_year": 46.95,
            "eps_4q": 1.84,
            "eps_4q_growth_year": null,
            "roe": 5.5,
            "roe_4q": 16.56,
            "gross_profit": 205908,
            "gross_margin": 13.59,
            "gross_margin_4q_avg": 10.22,
            "net_income": 139993,
            "revenue": 1515302,
            "common_shares": 2117000,
            "book_valuer_per_share": 12.94,
            "book_valuer_per_share_4q_avg": 11.74,
            "equity": 2739499,
            "current_ratio": 137.5,
            "debt_ratio": 50.13,
            "inventory_turnover_ratio": 2.74,
            "account_receivable_turnover_ratio": 1.22,
            "reinvestment_rate": null,
            "research_to_sale_ratio": 0.66,
            "price_fair": 5.92,
            "eps_avg_yearly": 1.97,
            "eps_latest_yearly": 2.64,
            "eps_growth_yearly": -13.9
        },
        "20104": {
            "year_quarter": 20104,
            "year": 2010,
            "quarter": 4,
            "eps": 0.33,
            "eps_growth_year": -10.96,
            "eps_4q": 1.82,
            "eps_4q_growth_year": 98.54,
            "roe": 2.52,
            "roe_4q": 15.629999999999999,
            "gross_profit": 135274,
            "gross_margin": 10.06,
            "gross_margin_4q_avg": 9.71,
            "net_income": 69746,
            "revenue": 1344738,
            "common_shares": 2117000,
            "book_valuer_per_share": 13.23,
            "book_valuer_per_share_4q_avg": 12.33,
            "equity": 2801019,
            "current_ratio": 159.53,
            "debt_ratio": 48.18,
            "inventory_turnover_ratio": 2.65,
            "account_receivable_turnover_ratio": 1.1,
            "reinvestment_rate": null,
            "research_to_sale_ratio": 1.1,
            "price_fair": 5.43,
            "eps_avg_yearly": 1.81,
            "eps_latest_yearly": 1.32,
            "eps_growth_yearly": -60.42
        },
        "20111": {
            "year_quarter": 20111,
            "year": 2011,
            "quarter": 1,
            "eps": 0.32,
            "eps_growth_year": null,
            "eps_4q": 2.14,
            "eps_4q_growth_year": null,
            "roe": 2.38,
            "roe_4q": 18.01,
            "gross_profit": 140467,
            "gross_margin": 9.68,
            "gross_margin_4q_avg": 12.13,
            "net_income": 67586,
            "revenue": 1450833,
            "common_shares": 2117000,
            "book_valuer_per_share": 13.55,
            "book_valuer_per_share_4q_avg": 12.87,
            "equity": 2868182,
            "current_ratio": 113.76,
            "debt_ratio": 52.92,
            "inventory_turnover_ratio": 2.42,
            "account_receivable_turnover_ratio": 1.1,
            "reinvestment_rate": null,
            "research_to_sale_ratio": 0.92,
            "price_fair": 5.11,
            "eps_avg_yearly": 1.7,
            "eps_latest_yearly": 1.28,
            "eps_growth_yearly": -50.76
        },
        "20112": {
            "year_quarter": 20112,
            "year": 2011,
            "quarter": 2,
            "eps": 0.01,
            "eps_growth_year": -99.07,
            "eps_4q": 1.32,
            "eps_4q_growth_year": -22.58,
            "roe": 0.06,
            "roe_4q": 10.46,
            "gross_profit": 55230,
            "gross_margin": 4.92,
            "gross_margin_4q_avg": 9.56,
            "net_income": 1737,
            "revenue": 1122645,
            "common_shares": 2117000,
            "book_valuer_per_share": 12.15,
            "book_valuer_per_share_4q_avg": 12.97,
            "equity": 2572249,
            "current_ratio": 101.59,
            "debt_ratio": 56.8,
            "inventory_turnover_ratio": 1.54,
            "account_receivable_turnover_ratio": 0.86,
            "reinvestment_rate": null,
            "research_to_sale_ratio": 1.35,
            "price_fair": 4.28,
            "eps_avg_yearly": 1.43,
            "eps_latest_yearly": 0.04,
            "eps_growth_yearly": -106.89
        },
        "20113": {
            "year_quarter": 20113,
            "year": 2011,
            "quarter": 3,
            "eps": -0.32,
            "eps_growth_year": -149.02,
            "eps_4q": 0.33,
            "eps_4q_growth_year": -81.93,
            "roe": -2.7,
            "roe_4q": 2.26,
            "gross_profit": 11852,
            "gross_margin": 1.02,
            "gross_margin_4q_avg": 6.42,
            "net_income": -68620,
            "revenue": 1160717,
            "common_shares": 2117000,
            "book_valuer_per_share": 11.82,
            "book_valuer_per_share_4q_avg": 12.69,
            "equity": 2502426,
            "current_ratio": 111.08,
            "debt_ratio": 56.79,
            "inventory_turnover_ratio": 1.54,
            "account_receivable_turnover_ratio": 0.98,
            "reinvestment_rate": null,
            "research_to_sale_ratio": 0.97,
            "price_fair": 4.28,
            "eps_avg_yearly": 1.43,
            "eps_latest_yearly": 0.04,
            "eps_growth_yearly": -106.89
        },
        "20114": {
            "year_quarter": 20114,
            "year": 2011,
            "quarter": 4,
            "eps": -0.7,
            "eps_growth_year": -311.07,
            "eps_4q": -0.69,
            "eps_4q_growth_year": -137.96,
            "roe": -6.06,
            "roe_4q": -6.319999999999999,
            "gross_profit": -85463,
            "gross_margin": -8.44,
            "gross_margin_4q_avg": 1.8,
            "net_income": -147106,
            "revenue": 1012726,
            "common_shares": 2117000,
            "book_valuer_per_share": 11.13,
            "book_valuer_per_share_4q_avg": 12.16,
            "equity": 2353761,
            "current_ratio": 108.35,
            "debt_ratio": 57.01,
            "inventory_turnover_ratio": 1.72,
            "account_receivable_turnover_ratio": 0.87,
            "reinvestment_rate": null,
            "research_to_sale_ratio": 1.13,
            "price_fair": 4.28,
            "eps_avg_yearly": 1.43,
            "eps_latest_yearly": 0.04,
            "eps_growth_yearly": -106.89
        },
        "20121": {
            "year_quarter": 20121,
            "year": 2012,
            "quarter": 1,
            "eps": -0.05,
            "eps_growth_year": -115.62,
            "eps_4q": -1.06,
            "eps_4q_growth_year": -149.61,
            "roe": -0.42,
            "roe_4q": -9.12,
            "gross_profit": 57931,
            "gross_margin": 4.56,
            "gross_margin_4q_avg": 0.52,
            "net_income": -9824,
            "revenue": 1271403,
            "common_shares": 2117000,
            "book_valuer_per_share": 11.08,
            "book_valuer_per_share_4q_avg": 11.55,
            "equity": 2333163,
            "current_ratio": 128.36,
            "debt_ratio": 59.23,
            "inventory_turnover_ratio": 2.36,
            "account_receivable_turnover_ratio": 1.01,
            "reinvestment_rate": null,
            "research_to_sale_ratio": 1.12,
            "price_fair": 4.28,
            "eps_avg_yearly": 1.43,
            "eps_latest_yearly": 0.04,
            "eps_growth_yearly": -106.89
        },
        "20122": {
            "year_quarter": 20122,
            "year": 2012,
            "quarter": 2,
            "eps": 0.1,
            "eps_growth_year": 1103.16,
            "eps_4q": -0.97,
            "eps_4q_growth_year": -173.76,
            "roe": 0.89,
            "roe_4q": -8.29,
            "gross_profit": 83075,
            "gross_margin": 7.68,
            "gross_margin_4q_avg": 1.21,
            "net_income": 20789,
            "revenue": 1081084,
            "common_shares": 2117000,
            "book_valuer_per_share": 11.18,
            "book_valuer_per_share_4q_avg": 11.3,
            "equity": 2354479,
            "current_ratio": 132.33,
            "debt_ratio": 58.99,
            "inventory_turnover_ratio": 1.68,
            "account_receivable_turnover_ratio": 0.83,
            "reinvestment_rate": null,
            "research_to_sale_ratio": 0.96,
            "price_fair": 4.28,
            "eps_avg_yearly": 1.43,
            "eps_latest_yearly": 0.04,
            "eps_growth_yearly": -106.89
        },
        "20123": {
            "year_quarter": 20123,
            "year": 2012,
            "quarter": 3,
            "eps": -0.29,
            "eps_growth_year": null,
            "eps_4q": -0.94,
            "eps_4q_growth_year": -382.82,
            "roe": -2.67,
            "roe_4q": -8.26,
            "gross_profit": -1517,
            "gross_margin": -0.12,
            "gross_margin_4q_avg": 0.92,
            "net_income": -62054,
            "revenue": 1218865,
            "common_shares": 2117000,
            "book_valuer_per_share": 10.89,
            "book_valuer_per_share_4q_avg": 11.07,
            "equity": 2292504,
            "current_ratio": 138.35,
            "debt_ratio": 58.75,
            "inventory_turnover_ratio": 1.91,
            "account_receivable_turnover_ratio": 0.98,
            "reinvestment_rate": null,
            "research_to_sale_ratio": 0.66,
            "price_fair": 4.28,
            "eps_avg_yearly": 1.43,
            "eps_latest_yearly": 0.04,
            "eps_growth_yearly": -106.89
        },
        "20124": {
            "year_quarter": 20124,
            "year": 2012,
            "quarter": 4,
            "eps": -0.23,
            "eps_growth_year": null,
            "eps_4q": -0.47,
            "eps_4q_growth_year": null,
            "roe": -2.09,
            "roe_4q": -4.29,
            "gross_profit": 16296,
            "gross_margin": 1.41,
            "gross_margin_4q_avg": 3.38,
            "net_income": -47466,
            "revenue": 1157282,
            "common_shares": 2117000,
            "book_valuer_per_share": 10.65,
            "book_valuer_per_share_4q_avg": 10.95,
            "equity": 2242592,
            "current_ratio": 150.38,
            "debt_ratio": 58.18,
            "inventory_turnover_ratio": 2.12,
            "account_receivable_turnover_ratio": 0.94,
            "reinvestment_rate": -12.76,
            "research_to_sale_ratio": 0.87,
            "price_fair": 4.28,
            "eps_avg_yearly": 1.43,
            "eps_latest_yearly": 0.04,
            "eps_growth_yearly": -106.89
        },
        "20131": {
            "year_quarter": 20131,
            "year": 2013,
            "quarter": 1,
            "eps": 0.03,
            "eps_growth_year": null,
            "eps_4q": -0.39,
            "eps_4q_growth_year": null,
            "roe": 0.28,
            "roe_4q": -3.5899999999999994,
            "gross_profit": 57663,
            "gross_margin": 5.32,
            "gross_margin_4q_avg": 3.57,
            "net_income": 6276,
            "revenue": 1082954,
            "common_shares": 2117000,
            "book_valuer_per_share": 10.59,
            "book_valuer_per_share_4q_avg": 10.83,
            "equity": 2230901,
            "current_ratio": 146.45,
            "debt_ratio": 58.83,
            "inventory_turnover_ratio": 1.75,
            "account_receivable_turnover_ratio": 0.92,
            "reinvestment_rate": -57.74,
            "research_to_sale_ratio": 0.85,
            "price_fair": 4.28,
            "eps_avg_yearly": 1.43,
            "eps_latest_yearly": 0.04,
            "eps_growth_yearly": -106.89
        },
        "20132": {
            "year_quarter": 20132,
            "year": 2013,
            "quarter": 2,
            "eps": -0.18,
            "eps_growth_year": -282.34,
            "eps_4q": -0.67,
            "eps_4q_growth_year": null,
            "roe": -1.76,
            "roe_4q": -6.24,
            "gross_profit": 32065,
            "gross_margin": 3.03,
            "gross_margin_4q_avg": 2.41,
            "net_income": -38833,
            "revenue": 1057927,
            "common_shares": 2117000,
            "book_valuer_per_share": 10.4,
            "book_valuer_per_share_4q_avg": 10.63,
            "equity": 2190827,
            "current_ratio": 148.91,
            "debt_ratio": 58.27,
            "inventory_turnover_ratio": 1.76,
            "account_receivable_turnover_ratio": 0.95,
            "reinvestment_rate": -98.54,
            "research_to_sale_ratio": 0.72,
            "price_fair": 4.28,
            "eps_avg_yearly": 1.43,
            "eps_latest_yearly": 0.04,
            "eps_growth_yearly": -106.89
        },
        "20133": {
            "year_quarter": 20133,
            "year": 2013,
            "quarter": 3,
            "eps": -0.16,
            "eps_growth_year": null,
            "eps_4q": -0.54,
            "eps_4q_growth_year": null,
            "roe": -1.55,
            "roe_4q": -5.12,
            "gross_profit": 24255,
            "gross_margin": 2.39,
            "gross_margin_4q_avg": 3.04,
            "net_income": -33657,
            "revenue": 1014944,
            "common_shares": 2117000,
            "book_valuer_per_share": 10.24,
            "book_valuer_per_share_4q_avg": 10.47,
            "equity": 2156612,
            "current_ratio": 130.38,
            "debt_ratio": 57.72,
            "inventory_turnover_ratio": 1.8,
            "account_receivable_turnover_ratio": 0.97,
            "reinvestment_rate": -156.95,
            "research_to_sale_ratio": 0.66,
            "price_fair": 4.06,
            "eps_avg_yearly": 1.35,
            "eps_latest_yearly": 0.04,
            "eps_growth_yearly": -154.15
        },
        "20134": {
            "year_quarter": 20134,
            "year": 2013,
            "quarter": 4,
            "eps": -0.33,
            "eps_growth_year": null,
            "eps_4q": -0.64,
            "eps_4q_growth_year": null,
            "roe": -3.24,
            "roe_4q": -6.27,
            "gross_profit": -17374,
            "gross_margin": -1.97,
            "gross_margin_4q_avg": 2.19,
            "net_income": -68662,
            "revenue": 884016,
            "common_shares": 2117000,
            "book_valuer_per_share": 9.9,
            "book_valuer_per_share_4q_avg": 10.28,
            "equity": 2084154,
            "current_ratio": 119.68,
            "debt_ratio": 57.74,
            "inventory_turnover_ratio": 1.52,
            "account_receivable_turnover_ratio": 0.89,
            "reinvestment_rate": -316.9,
            "research_to_sale_ratio": 0.78,
            "price_fair": 3.96,
            "eps_avg_yearly": 1.32,
            "eps_latest_yearly": 0.04,
            "eps_growth_yearly": -174.91
        },
        "20141": {
            "year_quarter": 20141,
            "year": 2014,
            "quarter": 1,
            "eps": -0.23,
            "eps_growth_year": -866.67,
            "eps_4q": -0.9,
            "eps_4q_growth_year": null,
            "roe": -2.34,
            "roe_4q": -8.89,
            "gross_profit": 14746,
            "gross_margin": 1.48,
            "gross_margin_4q_avg": 1.23,
            "net_income": -48318,
            "revenue": 997173,
            "common_shares": 2117000,
            "book_valuer_per_share": 9.67,
            "book_valuer_per_share_4q_avg": 10.05,
            "equity": 2036796,
            "current_ratio": 94.05,
            "debt_ratio": 59.86,
            "inventory_turnover_ratio": 1.6,
            "account_receivable_turnover_ratio": 1.02,
            "reinvestment_rate": null,
            "research_to_sale_ratio": 0.68,
            "price_fair": 3.96,
            "eps_avg_yearly": 1.32,
            "eps_latest_yearly": 0.04,
            "eps_growth_yearly": -174.91
        },
        "20142": {
            "year_quarter": 20142,
            "year": 2014,
            "quarter": 2,
            "eps": -0.42,
            "eps_growth_year": null,
            "eps_4q": -1.14,
            "eps_4q_growth_year": null,
            "roe": -4.42,
            "roe_4q": -11.55,
            "gross_profit": -37610,
            "gross_margin": -3.74,
            "gross_margin_4q_avg": -0.46,
            "net_income": -90083,
            "revenue": 1006407,
            "common_shares": 2117000,
            "book_valuer_per_share": 9.25,
            "book_valuer_per_share_4q_avg": 9.77,
            "equity": 2036619,
            "current_ratio": 86.63,
            "debt_ratio": 60.96,
            "inventory_turnover_ratio": 1.71,
            "account_receivable_turnover_ratio": 0.98,
            "reinvestment_rate": null,
            "research_to_sale_ratio": 0.69,
            "price_fair": 3.96,
            "eps_avg_yearly": 1.32,
            "eps_latest_yearly": 0.04,
            "eps_growth_yearly": -174.91
        },
        "20143": {
            "year_quarter": 20143,
            "year": 2014,
            "quarter": 3,
            "eps": -0.35,
            "eps_growth_year": null,
            "eps_4q": -1.33,
            "eps_4q_growth_year": null,
            "roe": -3.81,
            "roe_4q": -13.81,
            "gross_profit": -1733,
            "gross_margin": -0.16,
            "gross_margin_4q_avg": -1.1,
            "net_income": -76228,
            "revenue": 1088054,
            "common_shares": 2117000,
            "book_valuer_per_share": 8.9,
            "book_valuer_per_share_4q_avg": 9.43,
            "equity": 1960482,
            "current_ratio": 78.02,
            "debt_ratio": 63.15,
            "inventory_turnover_ratio": 1.93,
            "account_receivable_turnover_ratio": 1,
            "reinvestment_rate": null,
            "research_to_sale_ratio": 0.53,
            "price_fair": 2.64,
            "eps_avg_yearly": 0.88,
            "eps_latest_yearly": 0.04,
            "eps_growth_yearly": -199.87
        },
        "20144": {
            "year_quarter": 20144,
            "year": 2014,
            "quarter": 4,
            "eps": -0.42,
            "eps_growth_year": null,
            "eps_4q": -1.42,
            "eps_4q_growth_year": null,
            "roe": -5.07,
            "roe_4q": -15.64,
            "gross_profit": -23878,
            "gross_margin": -2.81,
            "gross_margin_4q_avg": -1.31,
            "net_income": -96850,
            "revenue": 848381,
            "common_shares": 2117000,
            "book_valuer_per_share": 8.47,
            "book_valuer_per_share_4q_avg": 9.07,
            "equity": 1860070,
            "current_ratio": 71.83,
            "debt_ratio": 63.79,
            "inventory_turnover_ratio": 1.6,
            "account_receivable_turnover_ratio": 0.8,
            "reinvestment_rate": null,
            "research_to_sale_ratio": 3.38,
            "price_fair": 1.98,
            "eps_avg_yearly": 0.66,
            "eps_latest_yearly": 0.04,
            "eps_growth_yearly": -199.81
        },
        "20151": {
            "year_quarter": 20151,
            "year": 2015,
            "quarter": 1,
            "eps": -0.33,
            "eps_growth_year": null,
            "eps_4q": -1.52,
            "eps_4q_growth_year": null,
            "roe": -4.5,
            "roe_4q": -17.8,
            "gross_profit": 12565,
            "gross_margin": 1.17,
            "gross_margin_4q_avg": -1.39,
            "net_income": -81846,
            "revenue": 1070978,
            "common_shares": 2105880,
            "book_valuer_per_share": 8.14,
            "book_valuer_per_share_4q_avg": 8.69,
            "equity": 1779459,
            "current_ratio": 71.66,
            "debt_ratio": 65.16,
            "inventory_turnover_ratio": 2.11,
            "account_receivable_turnover_ratio": 1.01,
            "reinvestment_rate": null,
            "research_to_sale_ratio": 3.23,
            "price_fair": 0.12,
            "eps_avg_yearly": 0.04,
            "eps_latest_yearly": 0.04,
            "eps_growth_yearly": -387.5
        },
        "20152": {
            "year_quarter": 20152,
            "year": 2015,
            "quarter": 2,
            "eps": -0.26,
            "eps_growth_year": null,
            "eps_4q": -1.36,
            "eps_4q_growth_year": null,
            "roe": -4.01,
            "roe_4q": -17.39,
            "gross_profit": 38581,
            "gross_margin": 3.84,
            "gross_margin_4q_avg": 0.51,
            "net_income": -69839,
            "revenue": 1005187,
            "common_shares": 2105880,
            "book_valuer_per_share": 7.85,
            "book_valuer_per_share_4q_avg": 8.34,
            "equity": 1703669,
            "current_ratio": 66.58,
            "debt_ratio": 65.92,
            "inventory_turnover_ratio": 2.06,
            "account_receivable_turnover_ratio": 0.88,
            "reinvestment_rate": null,
            "research_to_sale_ratio": 3.66,
            "price_fair": 0,
            "eps_avg_yearly": 0,
            "eps_latest_yearly": 0,
            "eps_growth_yearly": 0
        },
        "20153": {
            "year_quarter": 20153,
            "year": 2015,
            "quarter": 3,
            "eps": -0.04,
            "eps_growth_year": null,
            "eps_4q": -1.05,
            "eps_4q_growth_year": null,
            "roe": -1.11,
            "roe_4q": -14.690000000000001,
            "gross_profit": 12953,
            "gross_margin": 1.2,
            "gross_margin_4q_avg": 0.85,
            "net_income": -18860,
            "revenue": 1078083,
            "common_shares": 2105880,
            "book_valuer_per_share": 7.81,
            "book_valuer_per_share_4q_avg": 8.07,
            "equity": 1684965,
            "current_ratio": 81.19,
            "debt_ratio": 66.94,
            "inventory_turnover_ratio": 2.46,
            "account_receivable_turnover_ratio": 0.92,
            "reinvestment_rate": null,
            "research_to_sale_ratio": 3.27,
            "price_fair": 0,
            "eps_avg_yearly": 0,
            "eps_latest_yearly": 0,
            "eps_growth_yearly": 0
        },
        "20154": {
            "year_quarter": 20154,
            "year": 2015,
            "quarter": 4,
            "eps": -0.32,
            "eps_growth_year": null,
            "eps_4q": -0.96,
            "eps_4q_growth_year": null,
            "roe": -4.09,
            "roe_4q": -13.71,
            "gross_profit": 91762,
            "gross_margin": 8.26,
            "gross_margin_4q_avg": 3.62,
            "net_income": -67343,
            "revenue": 1110875,
            "common_shares": 2105880,
            "book_valuer_per_share": 7.45,
            "book_valuer_per_share_4q_avg": 7.81,
            "equity": 1609803,
            "current_ratio": 105.98,
            "debt_ratio": 67.59,
            "inventory_turnover_ratio": 2.46,
            "account_receivable_turnover_ratio": 0.89,
            "reinvestment_rate": null,
            "research_to_sale_ratio": 0.53,
            "price_fair": 0,
            "eps_avg_yearly": 0,
            "eps_latest_yearly": 0,
            "eps_growth_yearly": 0
        },
        "20161": {
            "year_quarter": 20161,
            "year": 2016,
            "quarter": 1,
            "eps": 0.25,
            "eps_growth_year": null,
            "eps_4q": -0.37,
            "eps_4q_growth_year": null,
            "roe": 3.22,
            "roe_4q": -5.989999999999999,
            "gross_profit": 126089,
            "gross_margin": 11.07,
            "gross_margin_4q_avg": 6.09,
            "net_income": 52689,
            "revenue": 1138876,
            "common_shares": 2105880,
            "book_valuer_per_share": 7.7,
            "book_valuer_per_share_4q_avg": 7.7,
            "equity": 1662444,
            "current_ratio": 120.85,
            "debt_ratio": 66.44,
            "inventory_turnover_ratio": 2.37,
            "account_receivable_turnover_ratio": 0.92,
            "reinvestment_rate": null,
            "research_to_sale_ratio": 0.78,
            "price_fair": 0,
            "eps_avg_yearly": 0,
            "eps_latest_yearly": 0,
            "eps_growth_yearly": 0
        },
        "20162": {
            "year_quarter": 20162,
            "year": 2016,
            "quarter": 2,
            "eps": 0.55,
            "eps_growth_year": null,
            "eps_4q": 0.44,
            "eps_4q_growth_year": null,
            "roe": 6.2,
            "roe_4q": 4.22,
            "gross_profit": 188104,
            "gross_margin": 15.34,
            "gross_margin_4q_avg": 8.97,
            "net_income": 106421,
            "revenue": 1226224,
            "common_shares": 2105880,
            "book_valuer_per_share": 8.25,
            "book_valuer_per_share_4q_avg": 7.8,
            "equity": 1768754,
            "current_ratio": 129.64,
            "debt_ratio": 64.97,
            "inventory_turnover_ratio": 2.57,
            "account_receivable_turnover_ratio": 0.93,
            "reinvestment_rate": null,
            "research_to_sale_ratio": 0.8,
            "price_fair": 77,
            "eps_avg_yearly": 2.2,
            "eps_latest_yearly": 2.2,
            "eps_growth_yearly": 480
        },
        "20163": {
            "year_quarter": 20163,
            "year": 2016,
            "quarter": 3,
            "eps": 0.87,
            "eps_growth_year": null,
            "eps_4q": 1.35,
            "eps_4q_growth_year": null,
            "roe": 9.11,
            "roe_4q": 14.439999999999998,
            "gross_profit": 275589,
            "gross_margin": 19.36,
            "gross_margin_4q_avg": 13.51,
            "net_income": 168791,
            "revenue": 1423839,
            "common_shares": 2105880,
            "book_valuer_per_share": 9.13,
            "book_valuer_per_share_4q_avg": 8.13,
            "equity": 1937435,
            "current_ratio": 132.78,
            "debt_ratio": 62.68,
            "inventory_turnover_ratio": 2.95,
            "account_receivable_turnover_ratio": 0.92,
            "reinvestment_rate": null,
            "research_to_sale_ratio": 0.69,
            "price_fair": 99.4,
            "eps_avg_yearly": 2.84,
            "eps_latest_yearly": 3.48,
            "eps_growth_yearly": 356.36
        },
        "20164": {
            "year_quarter": 20164,
            "year": 2016,
            "quarter": 4,
            "eps": 1.38,
            "eps_growth_year": null,
            "eps_4q": 3.05,
            "eps_4q_growth_year": null,
            "roe": 12.98,
            "roe_4q": 31.509999999999998,
            "gross_profit": 412400,
            "gross_margin": 26.16,
            "gross_margin_4q_avg": 17.98,
            "net_income": 268951,
            "revenue": 1576632,
            "common_shares": 2105880,
            "book_valuer_per_share": 10.5,
            "book_valuer_per_share_4q_avg": 8.9,
            "equity": 2205862,
            "current_ratio": 145.01,
            "debt_ratio": 61.48,
            "inventory_turnover_ratio": 3,
            "account_receivable_turnover_ratio": 0.91,
            "reinvestment_rate": -7399.73,
            "research_to_sale_ratio": 1.5,
            "price_fair": 130.67,
            "eps_avg_yearly": 3.73,
            "eps_latest_yearly": 5.52,
            "eps_growth_yearly": 315.74
        },
        "20171": {
            "year_quarter": 20171,
            "year": 2017,
            "quarter": 1,
            "eps": 1.65,
            "eps_growth_year": 560,
            "eps_4q": 4.45,
            "eps_4q_growth_year": null,
            "roe": 13.91,
            "roe_4q": 42.2,
            "gross_profit": 520508,
            "gross_margin": 28.89,
            "gross_margin_4q_avg": 22.44,
            "net_income": 330074,
            "revenue": 1801974,
            "common_shares": 2105880,
            "book_valuer_per_share": 12.01,
            "book_valuer_per_share_4q_avg": 9.97,
            "equity": 2541507,
            "current_ratio": 159.8,
            "debt_ratio": 57.1,
            "inventory_turnover_ratio": 3.1,
            "account_receivable_turnover_ratio": 0.98,
            "reinvestment_rate": -157.83,
            "research_to_sale_ratio": 0.63,
            "price_fair": 155.75,
            "eps_avg_yearly": 4.45,
            "eps_latest_yearly": 6.6,
            "eps_growth_yearly": 256.37
        },
        "20172": {
            "year_quarter": 20172,
            "year": 2017,
            "quarter": 2,
            "eps": 1.68,
            "eps_growth_year": 205.45,
            "eps_4q": 5.57,
            "eps_4q_growth_year": 1174.42,
            "roe": 12.77,
            "roe_4q": 48.769999999999996,
            "gross_profit": 503326,
            "gross_margin": 28.13,
            "gross_margin_4q_avg": 25.64,
            "net_income": 346768,
            "revenue": 1789318,
            "common_shares": 2105880,
            "book_valuer_per_share": 13.63,
            "book_valuer_per_share_4q_avg": 11.32,
            "equity": 2889565,
            "current_ratio": 164.52,
            "debt_ratio": 56.94,
            "inventory_turnover_ratio": 3.08,
            "account_receivable_turnover_ratio": 0.93,
            "reinvestment_rate": -66.23,
            "research_to_sale_ratio": 0.6,
            "price_fair": 171.64,
            "eps_avg_yearly": 4.9,
            "eps_latest_yearly": 6.72,
            "eps_growth_yearly": 206.55
        },
        "20173": {
            "year_quarter": 20173,
            "year": 2017,
            "quarter": 3,
            "eps": 1,
            "eps_growth_year": 14.94,
            "eps_4q": 4.78,
            "eps_4q_growth_year": 253.69,
            "roe": 5.32,
            "roe_4q": 44.980000000000004,
            "gross_profit": 353200,
            "gross_margin": 21.78,
            "gross_margin_4q_avg": 26.24,
            "net_income": 213462,
            "revenue": 1621845,
            "common_shares": 2525880,
            "book_valuer_per_share": 20.26,
            "book_valuer_per_share_4q_avg": 14.1,
            "equity": 5132020,
            "current_ratio": 195.84,
            "debt_ratio": 40.21,
            "inventory_turnover_ratio": 3.05,
            "account_receivable_turnover_ratio": 0.87,
            "reinvestment_rate": -62.15,
            "research_to_sale_ratio": 0.55,
            "price_fair": 166.37,
            "eps_avg_yearly": 4.75,
            "eps_latest_yearly": 4,
            "eps_growth_yearly": 145.14
        },
        "20174": {
            "year_quarter": 20174,
            "year": 2017,
            "quarter": 4,
            "eps": 0.79,
            "eps_growth_year": -42.49,
            "eps_4q": 4.42,
            "eps_4q_growth_year": 44.8,
            "roe": 3.76,
            "roe_4q": 35.760000000000005,
            "gross_profit": 314261,
            "gross_margin": 22.37,
            "gross_margin_4q_avg": 25.29,
            "net_income": 196522,
            "revenue": 1404969,
            "common_shares": 2525880,
            "book_valuer_per_share": 21.04,
            "book_valuer_per_share_4q_avg": 16.74,
            "equity": 5325052,
            "current_ratio": 221.99,
            "debt_ratio": 31.75,
            "inventory_turnover_ratio": 2.17,
            "account_receivable_turnover_ratio": 0.83,
            "reinvestment_rate": -54.91,
            "research_to_sale_ratio": 0.72,
            "price_fair": 158.4,
            "eps_avg_yearly": 4.53,
            "eps_latest_yearly": 3.16,
            "eps_growth_yearly": 112.41
        },
        "20181": {
            "year_quarter": 20181,
            "year": 2018,
            "quarter": 1,
            "eps": 0.8,
            "eps_growth_year": -51.52,
            "eps_4q": 3.85,
            "eps_4q_growth_year": -13.47,
            "roe": 3.7,
            "roe_4q": 25.55,
            "gross_profit": 324596,
            "gross_margin": 19.53,
            "gross_margin_4q_avg": 22.95,
            "net_income": 200971,
            "revenue": 1661763,
            "common_shares": 2525880,
            "book_valuer_per_share": 21.84,
            "book_valuer_per_share_4q_avg": 19.19,
            "equity": 5526970,
            "current_ratio": 282.98,
            "debt_ratio": 29.47,
            "inventory_turnover_ratio": 2.39,
            "account_receivable_turnover_ratio": 0.98,
            "reinvestment_rate": -50.38,
            "research_to_sale_ratio": 0.71,
            "price_fair": 152.6,
            "eps_avg_yearly": 4.36,
            "eps_latest_yearly": 3.2,
            "eps_growth_yearly": 98.99
        },
        "20182": {
            "year_quarter": 20182,
            "year": 2018,
            "quarter": 2,
            "eps": 0.8,
            "eps_growth_year": -52.38,
            "eps_4q": 3.25,
            "eps_4q_growth_year": -41.64,
            "roe": 3.83,
            "roe_4q": 16.61,
            "gross_profit": 333007,
            "gross_margin": 19.62,
            "gross_margin_4q_avg": 20.83,
            "net_income": 200828,
            "revenue": 1697520,
            "common_shares": 2525880,
            "book_valuer_per_share": 19.64,
            "book_valuer_per_share_4q_avg": 20.7,
            "equity": 4969913,
            "current_ratio": 217.5,
            "debt_ratio": 36.85,
            "inventory_turnover_ratio": 2.66,
            "account_receivable_turnover_ratio": 0.94,
            "reinvestment_rate": -43.21,
            "research_to_sale_ratio": 0.62,
            "price_fair": 148.09,
            "eps_avg_yearly": 4.23,
            "eps_latest_yearly": 3.2,
            "eps_growth_yearly": 87.99
        },
        "20183": {
            "year_quarter": 20183,
            "year": 2018,
            "quarter": 3,
            "eps": 0.81,
            "eps_growth_year": -19,
            "eps_4q": 3.2,
            "eps_4q_growth_year": -32.93,
            "roe": 3.99,
            "roe_4q": 15.28,
            "gross_profit": 340709,
            "gross_margin": 19.72,
            "gross_margin_4q_avg": 20.31,
            "net_income": 202126,
            "revenue": 1727396,
            "common_shares": 2525880,
            "book_valuer_per_share": 20.45,
            "book_valuer_per_share_4q_avg": 20.74,
            "equity": 5171586,
            "current_ratio": 287.65,
            "debt_ratio": 28.43,
            "inventory_turnover_ratio": 2.86,
            "account_receivable_turnover_ratio": 0.93,
            "reinvestment_rate": -38.66,
            "research_to_sale_ratio": 0.92,
            "price_fair": 144.62,
            "eps_avg_yearly": 4.13,
            "eps_latest_yearly": 3.24,
            "eps_growth_yearly": 79.69
        },
        "20184": {
            "year_quarter": 20184,
            "year": 2018,
            "quarter": 4,
            "eps": 0.52,
            "eps_growth_year": -34.02,
            "eps_4q": 2.93,
            "eps_4q_growth_year": -33.62,
            "roe": 2.48,
            "roe_4q": 14,
            "gross_profit": 215567,
            "gross_margin": 18.69,
            "gross_margin_4q_avg": 19.39,
            "net_income": 129652,
            "revenue": 1153373,
            "common_shares": 2525880,
            "book_valuer_per_share": 20.95,
            "book_valuer_per_share_4q_avg": 20.72,
            "equity": 5296892,
            "current_ratio": 349.93,
            "debt_ratio": 24.38,
            "inventory_turnover_ratio": 1.8,
            "account_receivable_turnover_ratio": 0.74,
            "reinvestment_rate": -38.31,
            "research_to_sale_ratio": 1.24,
            "price_fair": 138.09,
            "eps_avg_yearly": 3.95,
            "eps_latest_yearly": 2.08,
            "eps_growth_yearly": 59.43
        },
        "20191": {
            "year_quarter": 20191,
            "year": 2019,
            "quarter": 1,
            "eps": 0.39,
            "eps_growth_year": -51.25,
            "eps_4q": 2.52,
            "eps_4q_growth_year": -34.57,
            "roe": 1.81,
            "roe_4q": 12.110000000000001,
            "gross_profit": 172491,
            "gross_margin": 16,
            "gross_margin_4q_avg": 18.51,
            "net_income": 96488,
            "revenue": 1078068,
            "common_shares": 2525880,
            "book_valuer_per_share": 21.34,
            "book_valuer_per_share_4q_avg": 20.6,
            "equity": 5393642,
            "current_ratio": 389.91,
            "debt_ratio": 22.57,
            "inventory_turnover_ratio": 1.62,
            "account_receivable_turnover_ratio": 0.91,
            "reinvestment_rate": -34.73,
            "research_to_sale_ratio": 1.25,
            "price_fair": 131.13,
            "eps_avg_yearly": 3.75,
            "eps_latest_yearly": 1.56,
            "eps_growth_yearly": 46.14
        },
        "20192": {
            "year_quarter": 20192,
            "year": 2019,
            "quarter": 2,
            "eps": 0.37,
            "eps_growth_year": -53.75,
            "eps_4q": 2.09,
            "eps_4q_growth_year": -35.73,
            "roe": 1.81,
            "roe_4q": 10.09,
            "gross_profit": 176067,
            "gross_margin": 15.4,
            "gross_margin_4q_avg": 17.45,
            "net_income": 93473,
            "revenue": 1143120,
            "common_shares": 2525880,
            "book_valuer_per_share": 19.51,
            "book_valuer_per_share_4q_avg": 20.56,
            "equity": 4931287,
            "current_ratio": 273.06,
            "debt_ratio": 30.22,
            "inventory_turnover_ratio": 1.72,
            "account_receivable_turnover_ratio": 1.01,
            "reinvestment_rate": -25.97,
            "research_to_sale_ratio": 1.13,
            "price_fair": 125.03,
            "eps_avg_yearly": 3.57,
            "eps_latest_yearly": 1.48,
            "eps_growth_yearly": 41.01
        },
        "20193": {
            "year_quarter": 20193,
            "year": 2019,
            "quarter": 3,
            "eps": 0.36,
            "eps_growth_year": -55.56,
            "eps_4q": 1.64,
            "eps_4q_growth_year": -48.7,
            "roe": 1.81,
            "roe_4q": 7.91,
            "gross_profit": 173274,
            "gross_margin": 12.51,
            "gross_margin_4q_avg": 15.65,
            "net_income": 90159,
            "revenue": 1384638,
            "common_shares": 2525880,
            "book_valuer_per_share": 19.87,
            "book_valuer_per_share_4q_avg": 20.42,
            "equity": 5021114,
            "current_ratio": 288.92,
            "debt_ratio": 28.19,
            "inventory_turnover_ratio": 2.19,
            "account_receivable_turnover_ratio": 1.08,
            "reinvestment_rate": -24.96,
            "research_to_sale_ratio": 0.91,
            "price_fair": 119.7,
            "eps_avg_yearly": 3.42,
            "eps_latest_yearly": 1.44,
            "eps_growth_yearly": 37.31
        },
        "20194": {
            "year_quarter": 20194,
            "year": 2019,
            "quarter": 4,
            "eps": 0.45,
            "eps_growth_year": -13.97,
            "eps_4q": 1.57,
            "eps_4q_growth_year": -46.47,
            "roe": 2.1,
            "roe_4q": 7.530000000000001,
            "gross_profit": 262101,
            "gross_margin": 16.23,
            "gross_margin_4q_avg": 15.04,
            "net_income": 106542,
            "revenue": 1615088,
            "common_shares": 2525880,
            "book_valuer_per_share": 20.29,
            "book_valuer_per_share_4q_avg": 20.25,
            "equity": 5124260,
            "current_ratio": 341.46,
            "debt_ratio": 25.17,
            "inventory_turnover_ratio": 2.8,
            "account_receivable_turnover_ratio": 1.1,
            "reinvestment_rate": -29.14,
            "research_to_sale_ratio": 0.71,
            "price_fair": 115.92,
            "eps_avg_yearly": 3.31,
            "eps_latest_yearly": 1.8,
            "eps_growth_yearly": 41.49
        },
        "20201": {
            "year_quarter": 20201,
            "year": 2020,
            "quarter": 1,
            "eps": 0.62,
            "eps_growth_year": 58.97,
            "eps_4q": 1.8,
            "eps_4q_growth_year": -28.35,
            "roe": 3.01,
            "roe_4q": 8.73,
            "gross_profit": 262307,
            "gross_margin": 17.84,
            "gross_margin_4q_avg": 15.5,
            "net_income": 156571,
            "revenue": 1470245,
            "common_shares": 2525880,
            "book_valuer_per_share": 20.91,
            "book_valuer_per_share_4q_avg": 20.15,
            "equity": 5280775,
            "current_ratio": 423.36,
            "debt_ratio": 20.44,
            "inventory_turnover_ratio": 2.65,
            "account_receivable_turnover_ratio": 0.97,
            "reinvestment_rate": -27.38,
            "research_to_sale_ratio": 1.22,
            "price_fair": 114.1,
            "eps_avg_yearly": 3.26,
            "eps_latest_yearly": 2.48,
            "eps_growth_yearly": 48.34
        },
        "20202": {
            "year_quarter": 20202,
            "year": 2020,
            "quarter": 2,
            "eps": 0.62,
            "eps_growth_year": 67.57,
            "eps_4q": 2.05,
            "eps_4q_growth_year": -1.77,
            "roe": 3.08,
            "roe_4q": 10,
            "gross_profit": 272130,
            "gross_margin": 18.05,
            "gross_margin_4q_avg": 16.16,
            "net_income": 157430,
            "revenue": 1507265,
            "common_shares": 2525880,
            "book_valuer_per_share": 19.53,
            "book_valuer_per_share_4q_avg": 20.15,
            "equity": 4932937,
            "current_ratio": 283.13,
            "debt_ratio": 28.94,
            "inventory_turnover_ratio": 2.87,
            "account_receivable_turnover_ratio": 1.03,
            "reinvestment_rate": -25.26,
            "research_to_sale_ratio": 1.44,
            "price_fair": 92.89,
            "eps_avg_yearly": 3.28,
            "eps_latest_yearly": 2.48,
            "eps_growth_yearly": 18.34
        },
        "20203": {
            "year_quarter": 20203,
            "year": 2020,
            "quarter": 3,
            "eps": 0.51,
            "eps_growth_year": 41.67,
            "eps_4q": 2.2,
            "eps_4q_growth_year": 33.97,
            "roe": 2.57,
            "roe_4q": 10.76,
            "gross_profit": 217118,
            "gross_margin": 14.72,
            "gross_margin_4q_avg": 16.71,
            "net_income": 128445,
            "revenue": 1474732,
            "common_shares": 2525880,
            "book_valuer_per_share": 20.04,
            "book_valuer_per_share_4q_avg": 20.19,
            "equity": 5061456,
            "current_ratio": 361.61,
            "debt_ratio": 22.7,
            "inventory_turnover_ratio": 2.99,
            "account_receivable_turnover_ratio": 1.02,
            "reinvestment_rate": -25.2,
            "research_to_sale_ratio": 1.18,
            "price_fair": 9.56,
            "eps_avg_yearly": 3.19,
            "eps_latest_yearly": 2.04,
            "eps_growth_yearly": -0.64
        },
        "20204": {
            "year_quarter": 20204,
            "year": 2020,
            "quarter": 4,
            "eps": 0.39,
            "eps_growth_year": -12.84,
            "eps_4q": 2.14,
            "eps_4q_growth_year": 36.52,
            "roe": 1.94,
            "roe_4q": 10.6,
            "gross_profit": 216527,
            "gross_margin": 13.66,
            "gross_margin_4q_avg": 16.07,
            "net_income": 99144,
            "revenue": 1585144,
            "common_shares": 2525880,
            "book_valuer_per_share": 20.41,
            "book_valuer_per_share_4q_avg": 20.22,
            "equity": 5156440,
            "current_ratio": 358.75,
            "debt_ratio": 23.47,
            "inventory_turnover_ratio": 2.91,
            "account_receivable_turnover_ratio": 1.03,
            "reinvestment_rate": -29.03,
            "research_to_sale_ratio": 0.61,
            "price_fair": 8.82,
            "eps_avg_yearly": 2.94,
            "eps_latest_yearly": 1.56,
            "eps_growth_yearly": -21.18
        },
        "20211": {
            "year_quarter": 20211,
            "year": 2021,
            "quarter": 1,
            "eps": 0.92,
            "eps_growth_year": 48.39,
            "eps_4q": 2.45,
            "eps_4q_growth_year": 35.6,
            "roe": 4.42,
            "roe_4q": 12.01,
            "gross_profit": 360777,
            "gross_margin": 19.69,
            "gross_margin_4q_avg": 16.53,
            "net_income": 233094,
            "revenue": 1832400,
            "common_shares": 2525880,
            "book_valuer_per_share": 21.34,
            "book_valuer_per_share_4q_avg": 20.33,
            "equity": 5389602,
            "current_ratio": 327.31,
            "debt_ratio": 24.94,
            "inventory_turnover_ratio": 2.57,
            "account_receivable_turnover_ratio": 1.05,
            "reinvestment_rate": -29.31,
            "research_to_sale_ratio": 0.78,
            "price_fair": 49.38,
            "eps_avg_yearly": 2.76,
            "eps_latest_yearly": 3.68,
            "eps_growth_yearly": 7.91
        },
        "20212": {
            "year_quarter": 20212,
            "year": 2021,
            "quarter": 2,
            "eps": 1.54,
            "eps_growth_year": 148.39,
            "eps_4q": 3.36,
            "eps_4q_growth_year": 63.75,
            "roe": 6.96,
            "roe_4q": 15.889999999999999,
            "gross_profit": 557747,
            "gross_margin": 25.05,
            "gross_margin_4q_avg": 18.28,
            "net_income": 388911,
            "revenue": 2226340,
            "common_shares": 2525880,
            "book_valuer_per_share": 22.88,
            "book_valuer_per_share_4q_avg": 21.17,
            "equity": 5778460,
            "current_ratio": 296.48,
            "debt_ratio": 27.35,
            "inventory_turnover_ratio": 2.08,
            "account_receivable_turnover_ratio": 1.12,
            "reinvestment_rate": -22.75,
            "research_to_sale_ratio": 0.71,
            "price_fair": 93.38,
            "eps_avg_yearly": 2.72,
            "eps_latest_yearly": 6.16,
            "eps_growth_yearly": 24.3
        },
        "20213": {
            "year_quarter": 20213,
            "year": 2021,
            "quarter": 3,
            "eps": 1.74,
            "eps_growth_year": 241.18,
            "eps_4q": 4.6,
            "eps_4q_growth_year": 108.68,
            "roe": 7.65,
            "roe_4q": 20.970000000000002,
            "gross_profit": 615883,
            "gross_margin": 25.39,
            "gross_margin_4q_avg": 20.95,
            "net_income": 439536,
            "revenue": 2426055,
            "common_shares": 2525880,
            "book_valuer_per_share": 22.62,
            "book_valuer_per_share_4q_avg": 21.81,
            "equity": 5712809,
            "current_ratio": 287.13,
            "debt_ratio": 26.51,
            "inventory_turnover_ratio": 2.04,
            "account_receivable_turnover_ratio": 1.16,
            "reinvestment_rate": -10.44,
            "research_to_sale_ratio": 0.73,
            "price_fair": 101.76,
            "eps_avg_yearly": 2.91,
            "eps_latest_yearly": 6.96,
            "eps_growth_yearly": 37.67
        },
        "20214": {
            "year_quarter": 20214,
            "year": 2021,
            "quarter": 4,
            "eps": 1.83,
            "eps_growth_year": 365.68,
            "eps_4q": 6.03,
            "eps_4q_growth_year": 181.25,
            "roe": 7.77,
            "roe_4q": 26.799999999999997,
            "gross_profit": 644888,
            "gross_margin": 26.54,
            "gross_margin_4q_avg": 24.17,
            "net_income": 461697,
            "revenue": 2429988,
            "common_shares": 2525880,
            "book_valuer_per_share": 24.42,
            "book_valuer_per_share_4q_avg": 22.82,
            "equity": 6169381,
            "current_ratio": 279.52,
            "debt_ratio": 26.28,
            "inventory_turnover_ratio": 2.22,
            "account_receivable_turnover_ratio": 1.17,
            "reinvestment_rate": 3.78,
            "research_to_sale_ratio": 0.6,
            "price_fair": 110.86,
            "eps_avg_yearly": 3.17,
            "eps_latest_yearly": 7.32,
            "eps_growth_yearly": 44.21
        },
        "20221": {
            "year_quarter": 20221,
            "year": 2022,
            "quarter": 1,
            "eps": 1.51,
            "eps_growth_year": 64.13,
            "eps_4q": 6.62,
            "eps_4q_growth_year": 170.48,
            "roe": 6,
            "roe_4q": 28.380000000000003,
            "gross_profit": 521122,
            "gross_margin": 24.82,
            "gross_margin_4q_avg": 25.45,
            "net_income": 381737,
            "revenue": 2099807,
            "common_shares": 2525880,
            "book_valuer_per_share": 25.94,
            "book_valuer_per_share_4q_avg": 23.97,
            "equity": 6551325,
            "current_ratio": 281.81,
            "debt_ratio": 25.11,
            "inventory_turnover_ratio": 1.91,
            "account_receivable_turnover_ratio": 1.05,
            "reinvestment_rate": 10.73,
            "research_to_sale_ratio": 0.51,
            "price_fair": 117.08,
            "eps_avg_yearly": 3.35,
            "eps_latest_yearly": 6.04,
            "eps_growth_yearly": 39.52
        },
        "20222": {
            "year_quarter": 20222,
            "year": 2022,
            "quarter": 2,
            "eps": 1.21,
            "eps_growth_year": -21.43,
            "eps_4q": 6.29,
            "eps_4q_growth_year": 87,
            "roe": 4.95,
            "roe_4q": 26.369999999999997,
            "gross_profit": 420192,
            "gross_margin": 22.15,
            "gross_margin_4q_avg": 24.73,
            "net_income": 305737,
            "revenue": 1896867,
            "common_shares": 2525880,
            "book_valuer_per_share": 22.95,
            "book_valuer_per_share_4q_avg": 23.98,
            "equity": 5796105,
            "current_ratio": 189.02,
            "debt_ratio": 35.15,
            "inventory_turnover_ratio": 1.66,
            "account_receivable_turnover_ratio": 1.08,
            "reinvestment_rate": 21.47,
            "research_to_sale_ratio": 0.61,
            "price_fair": 120.66,
            "eps_avg_yearly": 3.45,
            "eps_latest_yearly": 4.84,
            "eps_growth_yearly": 34.55
        },
        "20223": {
            "year_quarter": 20223,
            "year": 2022,
            "quarter": 3,
            "eps": 0.46,
            "eps_growth_year": -73.56,
            "eps_4q": 5.01,
            "eps_4q_growth_year": 9.02,
            "roe": 1.99,
            "roe_4q": 20.71,
            "gross_profit": 149925,
            "gross_margin": 10.33,
            "gross_margin_4q_avg": 20.96,
            "net_income": 116213,
            "revenue": 1450799,
            "common_shares": 2525880,
            "book_valuer_per_share": 23.41,
            "book_valuer_per_share_4q_avg": 24.18,
            "equity": 5912355,
            "current_ratio": 354.76,
            "debt_ratio": 15.78,
            "inventory_turnover_ratio": 1.6,
            "account_receivable_turnover_ratio": 1.11,
            "reinvestment_rate": 28.62,
            "research_to_sale_ratio": 0.91,
            "price_fair": 96.59,
            "eps_avg_yearly": 3.36,
            "eps_latest_yearly": 1.84,
            "eps_growth_yearly": 18.75
        },
        "20224": {
            "year_quarter": 20224,
            "year": 2022,
            "quarter": 4,
            "eps": 0.65,
            "eps_growth_year": -64.58,
            "eps_4q": 3.83,
            "eps_4q_growth_year": -36.5,
            "roe": 2.73,
            "roe_4q": 15.67,
            "gross_profit": 264894,
            "gross_margin": 13.52,
            "gross_margin_4q_avg": 17.71,
            "net_income": 163525,
            "revenue": 1959981,
            "common_shares": 2525880,
            "book_valuer_per_share": 24.09,
            "book_valuer_per_share_4q_avg": 24.1,
            "equity": 6084672,
            "current_ratio": 276.18,
            "debt_ratio": 20.1,
            "inventory_turnover_ratio": 2.41,
            "account_receivable_turnover_ratio": 1.44,
            "reinvestment_rate": 24.04,
            "research_to_sale_ratio": 0.5,
            "price_fair": 118.74,
            "eps_avg_yearly": 3.39,
            "eps_latest_yearly": 2.6,
            "eps_growth_yearly": 38.02
        },
        "20231": {
            "year_quarter": 20231,
            "year": 2023,
            "quarter": 1,
            "eps": 0.71,
            "eps_growth_year": -52.98,
            "eps_4q": 3.03,
            "eps_4q_growth_year": -54.25,
            "roe": 2.9,
            "roe_4q": 12.57,
            "gross_profit": 280569,
            "gross_margin": 16.01,
            "gross_margin_4q_avg": 15.5,
            "net_income": 179343,
            "revenue": 1752856,
            "common_shares": 2525880,
            "book_valuer_per_share": 24.8,
            "book_valuer_per_share_4q_avg": 23.81,
            "equity": 6264023,
            "current_ratio": 305.03,
            "debt_ratio": 17.56,
            "inventory_turnover_ratio": 2.08,
            "account_receivable_turnover_ratio": 1.13,
            "reinvestment_rate": 34.78,
            "research_to_sale_ratio": 0.54,
            "price_fair": 121.54,
            "eps_avg_yearly": 3.47,
            "eps_latest_yearly": 2.84,
            "eps_growth_yearly": 46.58
        }
    },
    "months": {
        "2007-11": {
            "month": "2007-11",
            "price": "21.82",
            "revenue": 402937
        },
        "2007-12": {
            "month": "2007-12",
            "price": "23.21",
            "revenue": 362946
        },
        "2008-01": {
            "month": "2008-01",
            "price": "22.96",
            "revenue": 380663
        },
        "2008-02": {
            "month": "2008-02",
            "price": "23.40",
            "revenue": 395802
        },
        "2008-03": {
            "month": "2008-03",
            "price": "23.99",
            "revenue": 487159
        },
        "2008-04": {
            "month": "2008-04",
            "price": "23.60",
            "revenue": 427742
        },
        "2008-05": {
            "month": "2008-05",
            "price": "22.64",
            "revenue": 380030
        },
        "2008-06": {
            "month": "2008-06",
            "price": "18.32",
            "revenue": 308429
        },
        "2008-07": {
            "month": "2008-07",
            "price": "14.84",
            "revenue": 390129
        },
        "2008-08": {
            "month": "2008-08",
            "price": "12.80",
            "revenue": 397856
        },
        "2008-09": {
            "month": "2008-09",
            "price": "12.27",
            "revenue": 317194
        },
        "2008-10": {
            "month": "2008-10",
            "price": "11.00",
            "revenue": 210694
        },
        "2008-11": {
            "month": "2008-11",
            "price": "10.02",
            "revenue": 86004
        },
        "2008-12": {
            "month": "2008-12",
            "price": "9.29",
            "revenue": 99109
        },
        "2009-01": {
            "month": "2009-01",
            "price": "9.84",
            "revenue": 106462
        },
        "2009-02": {
            "month": "2009-02",
            "price": "10.45",
            "revenue": 181282
        },
        "2009-03": {
            "month": "2009-03",
            "price": "9.87",
            "revenue": 247387
        },
        "2009-04": {
            "month": "2009-04",
            "price": "10.09",
            "revenue": 264278
        },
        "2009-05": {
            "month": "2009-05",
            "price": "11.49",
            "revenue": 263008
        },
        "2009-06": {
            "month": "2009-06",
            "price": "10.58",
            "revenue": 311568
        },
        "2009-07": {
            "month": "2009-07",
            "price": "10.31",
            "revenue": 308328
        },
        "2009-08": {
            "month": "2009-08",
            "price": "10.66",
            "revenue": 312289
        },
        "2009-09": {
            "month": "2009-09",
            "price": "11.61",
            "revenue": 385917
        },
        "2009-10": {
            "month": "2009-10",
            "price": "16.06",
            "revenue": 358783
        },
        "2009-11": {
            "month": "2009-11",
            "price": "14.94",
            "revenue": 263612
        },
        "2009-12": {
            "month": "2009-12",
            "price": "13.20",
            "revenue": 413447
        },
        "2010-01": {
            "month": "2010-01",
            "price": "13.99",
            "revenue": 430053
        },
        "2010-02": {
            "month": "2010-02",
            "price": "14.86",
            "revenue": 342964
        },
        "2010-03": {
            "month": "2010-03",
            "price": "19.46",
            "revenue": 549527
        },
        "2010-04": {
            "month": "2010-04",
            "price": "23.33",
            "revenue": 576188
        },
        "2010-05": {
            "month": "2010-05",
            "price": "23.17",
            "revenue": 556110
        },
        "2010-06": {
            "month": "2010-06",
            "price": "23.59",
            "revenue": 473566
        },
        "2010-07": {
            "month": "2010-07",
            "price": "24.44",
            "revenue": 511512
        },
        "2010-08": {
            "month": "2010-08",
            "price": "25.91",
            "revenue": 462358
        },
        "2010-09": {
            "month": "2010-09",
            "price": "26.45",
            "revenue": 540536
        },
        "2010-10": {
            "month": "2010-10",
            "price": "26.78",
            "revenue": 465246
        },
        "2010-11": {
            "month": "2010-11",
            "price": "24.76",
            "revenue": 405810
        },
        "2010-12": {
            "month": "2010-12",
            "price": "25.90",
            "revenue": 471396
        },
        "2011-01": {
            "month": "2011-01",
            "price": "26.15",
            "revenue": 492414
        },
        "2011-02": {
            "month": "2011-02",
            "price": "27.01",
            "revenue": 450124
        },
        "2011-03": {
            "month": "2011-03",
            "price": "25.05",
            "revenue": 511832
        },
        "2011-04": {
            "month": "2011-04",
            "price": "25.13",
            "revenue": 470437
        },
        "2011-05": {
            "month": "2011-05",
            "price": "21.35",
            "revenue": 298905
        },
        "2011-06": {
            "month": "2011-06",
            "price": "19.29",
            "revenue": 353302
        },
        "2011-07": {
            "month": "2011-07",
            "price": "17.76",
            "revenue": 480717
        },
        "2011-08": {
            "month": "2011-08",
            "price": "14.95",
            "revenue": 336985
        },
        "2011-09": {
            "month": "2011-09",
            "price": "12.57",
            "revenue": 343016
        },
        "2011-10": {
            "month": "2011-10",
            "price": "10.62",
            "revenue": 372046
        },
        "2011-11": {
            "month": "2011-11",
            "price": "10.15",
            "revenue": 331229
        },
        "2011-12": {
            "month": "2011-12",
            "price": "9.23",
            "revenue": 309451
        },
        "2012-01": {
            "month": "2012-01",
            "price": "9.46",
            "revenue": 359284
        },
        "2012-02": {
            "month": "2012-02",
            "price": "12.12",
            "revenue": 426584
        },
        "2012-03": {
            "month": "2012-03",
            "price": "12.96",
            "revenue": 485535
        },
        "2012-04": {
            "month": "2012-04",
            "price": "11.14",
            "revenue": 403203
        },
        "2012-05": {
            "month": "2012-05",
            "price": "9.74",
            "revenue": 446197
        },
        "2012-06": {
            "month": "2012-06",
            "price": "9.13",
            "revenue": 231684
        },
        "2012-07": {
            "month": "2012-07",
            "price": "9.37",
            "revenue": 419985
        },
        "2012-08": {
            "month": "2012-08",
            "price": "9.73",
            "revenue": 402921
        },
        "2012-09": {
            "month": "2012-09",
            "price": "10.38",
            "revenue": 395959
        },
        "2012-10": {
            "month": "2012-10",
            "price": "9.85",
            "revenue": 412027
        },
        "2012-11": {
            "month": "2012-11",
            "price": "9.03",
            "revenue": 389254
        },
        "2012-12": {
            "month": "2012-12",
            "price": "8.90",
            "revenue": 356001
        },
        "2013-01": {
            "month": "2013-01",
            "price": "8.96",
            "revenue": 396021
        },
        "2013-02": {
            "month": "2013-02",
            "price": "9.23",
            "revenue": 366067
        },
        "2013-03": {
            "month": "2013-03",
            "price": "9.49",
            "revenue": 320866
        },
        "2013-04": {
            "month": "2013-04",
            "price": "9.20",
            "revenue": 352302
        },
        "2013-05": {
            "month": "2013-05",
            "price": "9.16",
            "revenue": 434540
        },
        "2013-06": {
            "month": "2013-06",
            "price": "9.05",
            "revenue": 271084
        },
        "2013-07": {
            "month": "2013-07",
            "price": "8.98",
            "revenue": 278578
        },
        "2013-08": {
            "month": "2013-08",
            "price": "8.94",
            "revenue": 394931
        },
        "2013-09": {
            "month": "2013-09",
            "price": "8.96",
            "revenue": 341435
        },
        "2013-10": {
            "month": "2013-10",
            "price": "8.65",
            "revenue": 282707
        },
        "2013-11": {
            "month": "2013-11",
            "price": "7.93",
            "revenue": 308194
        },
        "2013-12": {
            "month": "2013-12",
            "price": "7.89",
            "revenue": 293113
        },
        "2014-01": {
            "month": "2014-01",
            "price": "8.31",
            "revenue": 391091
        },
        "2014-02": {
            "month": "2014-02",
            "price": "8.64",
            "revenue": 337035
        },
        "2014-03": {
            "month": "2014-03",
            "price": "9.16",
            "revenue": 269047
        },
        "2014-04": {
            "month": "2014-04",
            "price": "9.16",
            "revenue": 350119
        },
        "2014-05": {
            "month": "2014-05",
            "price": "9.36",
            "revenue": 357417
        },
        "2014-06": {
            "month": "2014-06",
            "price": "10.12",
            "revenue": 298678
        },
        "2014-07": {
            "month": "2014-07",
            "price": "10.53",
            "revenue": 339034
        },
        "2014-08": {
            "month": "2014-08",
            "price": "10.29",
            "revenue": 391994
        },
        "2014-09": {
            "month": "2014-09",
            "price": "10.20",
            "revenue": 357043
        },
        "2014-10": {
            "month": "2014-10",
            "price": "10.12",
            "revenue": 300968
        },
        "2014-11": {
            "month": "2014-11",
            "price": "10.04",
            "revenue": 301682
        },
        "2014-12": {
            "month": "2014-12",
            "price": "9.98",
            "revenue": 248509
        },
        "2015-01": {
            "month": "2015-01",
            "price": "9.91",
            "revenue": 343421
        },
        "2015-02": {
            "month": "2015-02",
            "price": "9.80",
            "revenue": 319819
        },
        "2015-03": {
            "month": "2015-03",
            "price": "9.74",
            "revenue": 407733
        },
        "2015-04": {
            "month": "2015-04",
            "price": "10.28",
            "revenue": 365107
        },
        "2015-05": {
            "month": "2015-05",
            "price": "10.13",
            "revenue": 350597
        },
        "2015-06": {
            "month": "2015-06",
            "price": "9.82",
            "revenue": 289802
        },
        "2015-07": {
            "month": "2015-07",
            "price": "9.41",
            "revenue": 334722
        },
        "2015-08": {
            "month": "2015-08",
            "price": "8.90",
            "revenue": 334416
        },
        "2015-09": {
            "month": "2015-09",
            "price": "8.66",
            "revenue": 408630
        },
        "2015-10": {
            "month": "2015-10",
            "price": "8.61",
            "revenue": 377007
        },
        "2015-11": {
            "month": "2015-11",
            "price": "8.63",
            "revenue": 373290
        },
        "2015-12": {
            "month": "2015-12",
            "price": "8.73",
            "revenue": 360578
        },
        "2016-01": {
            "month": "2016-01",
            "price": "9.09",
            "revenue": 365845
        },
        "2016-02": {
            "month": "2016-02",
            "price": "9.54",
            "revenue": 365579
        },
        "2016-03": {
            "month": "2016-03",
            "price": "12.10",
            "revenue": 389776
        },
        "2016-04": {
            "month": "2016-04",
            "price": "14.32",
            "revenue": 391645
        },
        "2016-05": {
            "month": "2016-05",
            "price": "14.22",
            "revenue": 420580
        },
        "2016-06": {
            "month": "2016-06",
            "price": "17.03",
            "revenue": 431674
        },
        "2016-07": {
            "month": "2016-07",
            "price": "21.80",
            "revenue": 439478
        },
        "2016-08": {
            "month": "2016-08",
            "price": "26.16",
            "revenue": 482699
        },
        "2016-09": {
            "month": "2016-09",
            "price": "28.12",
            "revenue": 500531
        },
        "2016-10": {
            "month": "2016-10",
            "price": "27.80",
            "revenue": 507591
        },
        "2016-11": {
            "month": "2016-11",
            "price": "28.22",
            "revenue": 520018
        },
        "2016-12": {
            "month": "2016-12",
            "price": "32.85",
            "revenue": 549574
        },
        "2017-01": {
            "month": "2017-01",
            "price": "41.63",
            "revenue": 593409
        },
        "2017-02": {
            "month": "2017-02",
            "price": "51.94",
            "revenue": 603046
        },
        "2017-03": {
            "month": "2017-03",
            "price": "56.96",
            "revenue": 605518
        },
        "2017-04": {
            "month": "2017-04",
            "price": "50.71",
            "revenue": 606782
        },
        "2017-05": {
            "month": "2017-05",
            "price": "49.36",
            "revenue": 607399
        },
        "2017-06": {
            "month": "2017-06",
            "price": "45.84",
            "revenue": 574692
        },
        "2017-07": {
            "month": "2017-07",
            "price": "46.76",
            "revenue": 576140
        },
        "2017-08": {
            "month": "2017-08",
            "price": "53.62",
            "revenue": 533210
        },
        "2017-09": {
            "month": "2017-09",
            "price": "52.49",
            "revenue": 512706
        },
        "2017-10": {
            "month": "2017-10",
            "price": "49.90",
            "revenue": 488522
        },
        "2017-11": {
            "month": "2017-11",
            "price": "40.79",
            "revenue": 447085
        },
        "2017-12": {
            "month": "2017-12",
            "price": "39.29",
            "revenue": 469899
        },
        "2018-01": {
            "month": "2018-01",
            "price": "42.94",
            "revenue": 554143
        },
        "2018-02": {
            "month": "2018-02",
            "price": "41.50",
            "revenue": 521833
        },
        "2018-03": {
            "month": "2018-03",
            "price": "42.70",
            "revenue": 585626
        },
        "2018-04": {
            "month": "2018-04",
            "price": "41.57",
            "revenue": 551046
        },
        "2018-05": {
            "month": "2018-05",
            "price": "38.76",
            "revenue": 577593
        },
        "2018-06": {
            "month": "2018-06",
            "price": "40.77",
            "revenue": 569150
        },
        "2018-07": {
            "month": "2018-07",
            "price": "37.73",
            "revenue": 580273
        },
        "2018-08": {
            "month": "2018-08",
            "price": "34.38",
            "revenue": 583022
        },
        "2018-09": {
            "month": "2018-09",
            "price": "31.40",
            "revenue": 562937
        },
        "2018-10": {
            "month": "2018-10",
            "price": "26.93",
            "revenue": 535462
        },
        "2018-11": {
            "month": "2018-11",
            "price": "27.93",
            "revenue": 334153
        },
        "2018-12": {
            "month": "2018-12",
            "price": "29.10",
            "revenue": 274202
        },
        "2019-01": {
            "month": "2019-01",
            "price": "28.74",
            "revenue": 346317
        },
        "2019-02": {
            "month": "2019-02",
            "price": "31.01",
            "revenue": 325995
        },
        "2019-03": {
            "month": "2019-03",
            "price": "31.79",
            "revenue": 405403
        },
        "2019-04": {
            "month": "2019-04",
            "price": "34.03",
            "revenue": 376569
        },
        "2019-05": {
            "month": "2019-05",
            "price": "29.69",
            "revenue": 381049
        },
        "2019-06": {
            "month": "2019-06",
            "price": "30.79",
            "revenue": 385511
        },
        "2019-07": {
            "month": "2019-07",
            "price": "31.57",
            "revenue": 433644
        },
        "2019-08": {
            "month": "2019-08",
            "price": "39.84",
            "revenue": 466392
        },
        "2019-09": {
            "month": "2019-09",
            "price": "45.49",
            "revenue": 484759
        },
        "2019-10": {
            "month": "2019-10",
            "price": "42.48",
            "revenue": 542676
        },
        "2019-11": {
            "month": "2019-11",
            "price": "41.91",
            "revenue": 529610
        },
        "2019-12": {
            "month": "2019-12",
            "price": "43.88",
            "revenue": 542960
        },
        "2020-01": {
            "month": "2020-01",
            "price": "42.29",
            "revenue": 483433
        },
        "2020-02": {
            "month": "2020-02",
            "price": "37.56",
            "revenue": 485284
        },
        "2020-03": {
            "month": "2020-03",
            "price": "32.88",
            "revenue": 501529
        },
        "2020-04": {
            "month": "2020-04",
            "price": "34.42",
            "revenue": 502051
        },
        "2020-05": {
            "month": "2020-05",
            "price": "41.80",
            "revenue": 502480
        },
        "2020-06": {
            "month": "2020-06",
            "price": "42.22",
            "revenue": 502673
        },
        "2020-07": {
            "month": "2020-07",
            "price": "40.56",
            "revenue": 486946
        },
        "2020-08": {
            "month": "2020-08",
            "price": "39.06",
            "revenue": 487556
        },
        "2020-09": {
            "month": "2020-09",
            "price": "38.38",
            "revenue": 500251
        },
        "2020-10": {
            "month": "2020-10",
            "price": "37.62",
            "revenue": 510729
        },
        "2020-11": {
            "month": "2020-11",
            "price": "42.51",
            "revenue": 531369
        },
        "2020-12": {
            "month": "2020-12",
            "price": "46.74",
            "revenue": 543164
        },
        "2021-01": {
            "month": "2021-01",
            "price": "51.68",
            "revenue": 581215
        },
        "2021-02": {
            "month": "2021-02",
            "price": "58.28",
            "revenue": 600398
        },
        "2021-03": {
            "month": "2021-03",
            "price": "63.43",
            "revenue": 650978
        },
        "2021-04": {
            "month": "2021-04",
            "price": "79.79",
            "revenue": 722135
        },
        "2021-05": {
            "month": "2021-05",
            "price": "73.89",
            "revenue": 741606
        },
        "2021-06": {
            "month": "2021-06",
            "price": "82.12",
            "revenue": 762536
        },
        "2021-07": {
            "month": "2021-07",
            "price": "81.24",
            "revenue": 801541
        },
        "2021-08": {
            "month": "2021-08",
            "price": "78.19",
            "revenue": 810548
        },
        "2021-09": {
            "month": "2021-09",
            "price": "73.21",
            "revenue": 813904
        },
        "2021-10": {
            "month": "2021-10",
            "price": "71.72",
            "revenue": 814380
        },
        "2021-11": {
            "month": "2021-11",
            "price": "77.49",
            "revenue": 814685
        },
        "2021-12": {
            "month": "2021-12",
            "price": "76.10",
            "revenue": 801336
        },
        "2022-01": {
            "month": "2022-01",
            "price": "73.01",
            "revenue": 738641
        },
        "2022-02": {
            "month": "2022-02",
            "price": "71.77",
            "revenue": 700762
        },
        "2022-03": {
            "month": "2022-03",
            "price": "71.93",
            "revenue": 660404
        },
        "2022-04": {
            "month": "2022-04",
            "price": "65.77",
            "revenue": 660750
        },
        "2022-05": {
            "month": "2022-05",
            "price": "56.89",
            "revenue": 660926
        },
        "2022-06": {
            "month": "2022-06",
            "price": "52.75",
            "revenue": 575191
        },
        "2022-07": {
            "month": "2022-07",
            "price": "44.13",
            "revenue": 500421
        },
        "2022-08": {
            "month": "2022-08",
            "price": "42.41",
            "revenue": 450089
        },
        "2022-09": {
            "month": "2022-09",
            "price": "39.90",
            "revenue": 500289
        },
        "2022-10": {
            "month": "2022-10",
            "price": "37.96",
            "revenue": 561055
        },
        "2022-11": {
            "month": "2022-11",
            "price": "50.50",
            "revenue": 697459
        },
        "2022-12": {
            "month": "2022-12",
            "price": "53.38",
            "revenue": 701467
        },
        "2023-01": {
            "month": "2023-01",
            "price": "58.72",
            "revenue": 621687
        },
        "2023-02": {
            "month": "2023-02",
            "price": "65.57",
            "revenue": 582581
        },
        "2023-03": {
            "month": "2023-03",
            "price": "61.25",
            "revenue": 548588
        },
        "2023-04": {
            "month": "2023-04",
            "price": "58.09",
            "revenue": 476949
        }
    }
}
