{
    "summary": {
        "stock_name": "羅昇",
        "stock_id": "8374",
        "category": "電機機械",
        "main_business": "變頻器/自動化驅動控制系統<br>自動化傳動系列<br>控制器及監控系統",
        "website_url": "http://www.acepillar.com.tw",
        "ceo": "李長堅",
        "pe_ratio": -2830,
        "report_year_from": 2002,
        "report_year_to": 2023,
        "age": 21,
        "eps_negative_percentage": 18,
        "eps_growth_avg": {
            "last_all": 0.11,
            "last_2y": 10.44,
            "last_4y": -28.89,
            "last_8y": -19.26,
            "last_12y": -8.6,
            "last_16y": -7.15,
            "last_20y": null,
            "at_2006_last_3y": 30.34,
            "at_2007_last_3y": 9.53,
            "at_2008_last_3y": -5.2,
            "at_2009_last_3y": -3.9,
            "at_2010_last_3y": 14.43,
            "at_2011_last_3y": 19.8,
            "at_2012_last_3y": 6.17,
            "at_2013_last_3y": 12.74,
            "at_2014_last_3y": -53.93,
            "at_2015_last_3y": -100,
            "at_2016_last_3y": -100,
            "at_2017_last_3y": 0,
            "at_2018_last_3y": 31.77,
            "at_2019_last_3y": -12.15,
            "at_2020_last_3y": -12.15,
            "at_2021_last_3y": -23.12,
            "at_2022_last_3y": -26.37,
            "at_2023_last_3y": -26.37,
            "at_2006_last_all": 30.34,
            "at_2007_last_all": 27.62,
            "at_2008_last_all": 15.43,
            "at_2009_last_all": 11.3,
            "at_2010_last_all": 22.38,
            "at_2011_last_all": 24.14,
            "at_2012_last_all": 11.73,
            "at_2013_last_all": 11.73,
            "at_2014_last_all": 1.57,
            "at_2015_last_all": 1.57,
            "at_2016_last_all": 1.57,
            "at_2017_last_all": 9.77,
            "at_2018_last_all": 6.22,
            "at_2019_last_all": -1.37,
            "at_2020_last_all": -1.37,
            "at_2021_last_all": 3.19,
            "at_2022_last_all": 0.11,
            "at_2023_last_all": 0.11
        },
        "latest_eps": -0.01,
        "latest_price": 28.3,
        "latest_roe": 0.39,
        "latest_gross_margin": 19.96,
        "latest_equity": 2076853,
        "latest_revenue": 795431,
        "latest_gross_profit": 158733,
        "latest_net_income": 3028,
        "latest_debt_ratio": 33.22,
        "latest_current_ratio": 251.89,
        "latest_account_receivable_turnover_ratio": 0.86,
        "latest_inventory_turnover_ratio": 0.82,
        "latest_reinvestment_rate": 58.62,
        "latest_research_to_sale_ratio": 0.17
    },
    "eps_dividends": {
        "2001": {
            "cash": 0,
            "stock": 0,
            "eps": 0
        },
        "2002": {
            "cash": 0,
            "stock": 0,
            "eps": 1.78
        },
        "2003": {
            "cash": 0,
            "stock": 2,
            "eps": 3.58
        },
        "2004": {
            "cash": 1.4,
            "stock": 1.4,
            "eps": 4.06
        },
        "2005": {
            "cash": 1.5,
            "stock": 1.5,
            "eps": 3.3
        },
        "2006": {
            "cash": 1.5,
            "stock": 1.5,
            "eps": 4.18
        },
        "2007": {
            "cash": 1.5,
            "stock": 1.7,
            "eps": 4.88
        },
        "2008": {
            "cash": 0.92,
            "stock": 3.68,
            "eps": 2.66
        },
        "2009": {
            "cash": 1,
            "stock": 0.5,
            "eps": 2.3
        },
        "2010": {
            "cash": 2,
            "stock": 0,
            "eps": 4.92
        },
        "2011": {
            "cash": 2.5,
            "stock": 3.5,
            "eps": 6.8
        },
        "2012": {
            "cash": 0,
            "stock": 0,
            "eps": -0.17
        },
        "2013": {
            "cash": 0.3,
            "stock": 0,
            "eps": 0.25
        },
        "2014": {
            "cash": 0.3,
            "stock": 0,
            "eps": -1.49
        },
        "2015": {
            "cash": 0,
            "stock": 0,
            "eps": -1.69
        },
        "2016": {
            "cash": 0,
            "stock": 0,
            "eps": 0.34
        },
        "2017": {
            "cash": 0.1,
            "stock": 0,
            "eps": 2.03
        },
        "2018": {
            "cash": 0.5,
            "stock": 0,
            "eps": 1.29
        },
        "2019": {
            "cash": 0.5,
            "stock": 0,
            "eps": -0.74
        },
        "2020": {
            "cash": 0.3,
            "stock": 0,
            "eps": 0.79
        },
        "2021": {
            "cash": 0.6,
            "stock": 0,
            "eps": 1.32
        },
        "2022": {
            "cash": 0.9,
            "stock": 0,
            "eps": 0.71
        },
        "2023": {
            "cash": 0.5,
            "stock": 0,
            "eps": 0.03
        }
    },
    "dividends": {
        "2003-04-25": {
            "cash": 0,
            "stock": 2
        },
        "2004-04-28": {
            "cash": 1.4,
            "stock": 1.4
        },
        "2005-04-29": {
            "cash": 1.5,
            "stock": 1.5
        },
        "2006-04-27": {
            "cash": 1.5,
            "stock": 1.5
        },
        "2007-04-27": {
            "cash": 1.5,
            "stock": 1.7
        },
        "2008-04-29": {
            "cash": 0.92,
            "stock": 3.68
        },
        "2009-03-31": {
            "cash": 1,
            "stock": 0.5
        },
        "2010-03-26": {
            "cash": 2,
            "stock": 0
        },
        "2011-01-01": {
            "cash": 2,
            "stock": 1.5
        },
        "2011-03-25": {
            "cash": 0.5,
            "stock": 2
        },
        "2013-03-22": {
            "cash": 0.3,
            "stock": 0
        },
        "2014-08-15": {
            "cash": 0.3,
            "stock": 0
        },
        "2017-08-11": {
            "cash": 0.1,
            "stock": 0
        },
        "2018-08-10": {
            "cash": 0.5,
            "stock": 0
        },
        "2019-08-07": {
            "cash": 0.5,
            "stock": 0
        },
        "2020-07-30": {
            "cash": 0.3,
            "stock": 0
        },
        "2021-08-31": {
            "cash": 0.6,
            "stock": 0
        },
        "2022-08-12": {
            "cash": 0.9,
            "stock": 0
        },
        "2023-08-10": {
            "cash": 0.5,
            "stock": 0
        }
    },
    "prices": {
        "200101": "無",
        "200102": "無",
        "200103": "無",
        "200104": "無",
        "200105": "無",
        "200106": "無",
        "200107": "無",
        "200108": "無",
        "200109": "無",
        "200110": "無",
        "200111": "無",
        "200112": "無",
        "200201": "無",
        "200202": "無",
        "200203": "無",
        "200204": "無",
        "200205": "無",
        "200206": "無",
        "200207": "無",
        "200208": "無",
        "200209": "無",
        "200210": "無",
        "200211": "無",
        "200212": "無",
        "200301": "無",
        "200302": "無",
        "200303": "無",
        "200304": "無",
        "200305": "無",
        "200306": "無",
        "200307": "無",
        "200308": "無",
        "200309": "無",
        "200310": "40.71",
        "200311": "34.33",
        "200312": "35.48",
        "200401": "34.85",
        "200402": "35.49",
        "200403": "37.12",
        "200404": "34.52",
        "200405": "29.92",
        "200406": "29.97",
        "200407": "29.51",
        "200408": "28.27",
        "200409": "28.20",
        "200410": "28.96",
        "200411": "28.25",
        "200412": "27.95",
        "200501": "27.83",
        "200502": "28.05",
        "200503": "28.40",
        "200504": "28.05",
        "200505": "28.23",
        "200506": "28.36",
        "200507": "28.87",
        "200508": "27.59",
        "200509": "24.98",
        "200510": "23.78",
        "200511": "23.29",
        "200512": "24.98",
        "200601": "26.22",
        "200602": "25.67",
        "200603": "26.00",
        "200604": "27.27",
        "200605": "28.78",
        "200606": "29.97",
        "200607": "29.07",
        "200608": "29.29",
        "200609": "28.45",
        "200610": "31.02",
        "200611": "34.29",
        "200612": "49.29",
        "200701": "46.55",
        "200702": "44.47",
        "200703": "46.21",
        "200704": "47.90",
        "200705": "46.93",
        "200706": "52.79",
        "200707": "57.02",
        "200708": "50.30",
        "200709": "48.16",
        "200710": "45.98",
        "200711": "40.13",
        "200712": "35.69",
        "200801": "33.87",
        "200802": "33.75",
        "200803": "36.32",
        "200804": "40.22",
        "200805": "49.51",
        "200806": "47.90",
        "200807": "44.90",
        "200808": "36.20",
        "200809": "28.75",
        "200810": "23.82",
        "200811": "22.19",
        "200812": "19.36",
        "200901": "19.06",
        "200902": "17.60",
        "200903": "19.53",
        "200904": "22.15",
        "200905": "23.15",
        "200906": "22.95",
        "200907": "24.06",
        "200908": "24.02",
        "200909": "26.70",
        "200910": "31.28",
        "200911": "31.62",
        "200912": "32.44",
        "201001": "33.03",
        "201002": "29.47",
        "201003": "31.51",
        "201004": "36.58",
        "201005": "33.54",
        "201006": "35.95",
        "201007": "39.31",
        "201008": "38.80",
        "201009": "38.64",
        "201010": "39.50",
        "201011": "43.76",
        "201012": "51.16",
        "201101": "48.26",
        "201102": "47.75",
        "201103": "49.35",
        "201104": "60.44",
        "201105": "78.13",
        "201106": "75.74",
        "201107": "77.23",
        "201108": "62.68",
        "201109": "49.90",
        "201110": "46.75",
        "201111": "56.71",
        "201112": "47.13",
        "201201": "46.89",
        "201202": "56.06",
        "201203": "57.40",
        "201204": "53.48",
        "201205": "47.51",
        "201206": "44.55",
        "201207": "45.03",
        "201208": "40.91",
        "201209": "36.92",
        "201210": "30.57",
        "201211": "24.56",
        "201212": "28.06",
        "201301": "29.64",
        "201302": "35.61",
        "201303": "34.08",
        "201304": "30.50",
        "201305": "30.05",
        "201306": "27.50",
        "201307": "26.40",
        "201308": "27.29",
        "201309": "27.75",
        "201310": "30.21",
        "201311": "25.80",
        "201312": "25.53",
        "201401": "27.01",
        "201402": "27.57",
        "201403": "27.41",
        "201404": "25.69",
        "201405": "24.10",
        "201406": "24.26",
        "201407": "25.48",
        "201408": "23.51",
        "201409": "23.15",
        "201410": "22.08",
        "201411": "21.40",
        "201412": "20.63",
        "201501": "20.38",
        "201502": "20.80",
        "201503": "20.14",
        "201504": "18.31",
        "201505": "15.90",
        "201506": "14.17",
        "201507": "14.38",
        "201508": "10.92",
        "201509": "11.43",
        "201510": "12.12",
        "201511": "11.22",
        "201512": "10.06",
        "201601": "9.40",
        "201602": "9.66",
        "201603": "11.93",
        "201604": "11.98",
        "201605": "11.15",
        "201606": "12.26",
        "201607": "12.06",
        "201608": "11.69",
        "201609": "15.05",
        "201610": "14.94",
        "201611": "14.33",
        "201612": "17.42",
        "201701": "18.78",
        "201702": "19.18",
        "201703": "18.98",
        "201704": "17.75",
        "201705": "17.79",
        "201706": "19.19",
        "201707": "18.80",
        "201708": "25.96",
        "201709": "29.44",
        "201710": "30.71",
        "201711": "33.62",
        "201712": "28.81",
        "201801": "31.03",
        "201802": "29.12",
        "201803": "28.62",
        "201804": "28.95",
        "201805": "28.68",
        "201806": "30.34",
        "201807": "28.22",
        "201808": "27.78",
        "201809": "25.74",
        "201810": "19.37",
        "201811": "18.79",
        "201812": "19.43",
        "201901": "19.91",
        "201902": "21.86",
        "201903": "21.87",
        "201904": "21.73",
        "201905": "19.72",
        "201906": "19.48",
        "201907": "20.17",
        "201908": "20.51",
        "201909": "20.55",
        "201910": "21.65",
        "201911": "22.77",
        "201912": "22.53",
        "202001": "21.96",
        "202002": "20.01",
        "202003": "16.55",
        "202004": "18.38",
        "202005": "20.85",
        "202006": "21.56",
        "202007": "21.93",
        "202008": "22.22",
        "202009": "22.81",
        "202010": "25.54",
        "202011": "24.92",
        "202012": "26.00",
        "202101": "25.16",
        "202102": "26.73",
        "202103": "27.07",
        "202104": "27.79",
        "202105": "25.25",
        "202106": "29.98",
        "202107": "31.75",
        "202108": "31.78",
        "202109": "30.56",
        "202110": "30.54",
        "202111": "30.43",
        "202112": "30.12",
        "202201": "30.44",
        "202202": "30.11",
        "202203": "30.45",
        "202204": "29.79",
        "202205": "29.21",
        "202206": "30.09",
        "202207": "31.01",
        "202208": "32.17",
        "202209": "30.61",
        "202210": "27.06",
        "202211": "27.83",
        "202212": "28.68",
        "202301": "28.98",
        "202302": "29.40",
        "202303": "30.30",
        "202304": "32.42",
        "202305": "31.36",
        "202306": "32.56",
        "202307": "31.77",
        "202308": "29.88",
        "202309": "29.10",
        "202310": "28.82"
    },
    "quarters": {
        "20011": {
            "year_quarter": 20011,
            "year": 2001,
            "quarter": 1,
            "eps": null,
            "eps_growth_year": null,
            "eps_4q": null,
            "eps_4q_growth_year": null,
            "roe": null,
            "roe_4q": 0,
            "gross_profit": null,
            "gross_margin": null,
            "gross_margin_4q_avg": 0,
            "net_income": null,
            "net_income_4q": null,
            "revenue": null,
            "revenue_4q": null,
            "common_shares": null,
            "book_valuer_per_share": null,
            "book_valuer_per_share_4q_avg": 0,
            "equity": null,
            "current_ratio": null,
            "debt_ratio": null,
            "inventory_turnover_ratio": null,
            "account_receivable_turnover_ratio": null,
            "reinvestment_rate": null,
            "research_to_sale_ratio": null,
            "price_fair": 0,
            "eps_avg_yearly": 0,
            "eps_latest_yearly": 0,
            "eps_growth_yearly": 0
        },
        "20012": {
            "year_quarter": 20012,
            "year": 2001,
            "quarter": 2,
            "eps": null,
            "eps_growth_year": null,
            "eps_4q": null,
            "eps_4q_growth_year": null,
            "roe": null,
            "roe_4q": 0,
            "gross_profit": null,
            "gross_margin": null,
            "gross_margin_4q_avg": 0,
            "net_income": null,
            "net_income_4q": null,
            "revenue": null,
            "revenue_4q": null,
            "common_shares": null,
            "book_valuer_per_share": null,
            "book_valuer_per_share_4q_avg": 0,
            "equity": null,
            "current_ratio": null,
            "debt_ratio": null,
            "inventory_turnover_ratio": null,
            "account_receivable_turnover_ratio": null,
            "reinvestment_rate": null,
            "research_to_sale_ratio": null,
            "price_fair": 0,
            "eps_avg_yearly": 0,
            "eps_latest_yearly": 0,
            "eps_growth_yearly": 0
        },
        "20013": {
            "year_quarter": 20013,
            "year": 2001,
            "quarter": 3,
            "eps": null,
            "eps_growth_year": null,
            "eps_4q": null,
            "eps_4q_growth_year": null,
            "roe": null,
            "roe_4q": 0,
            "gross_profit": null,
            "gross_margin": null,
            "gross_margin_4q_avg": 0,
            "net_income": null,
            "net_income_4q": null,
            "revenue": null,
            "revenue_4q": null,
            "common_shares": null,
            "book_valuer_per_share": null,
            "book_valuer_per_share_4q_avg": 0,
            "equity": null,
            "current_ratio": null,
            "debt_ratio": null,
            "inventory_turnover_ratio": null,
            "account_receivable_turnover_ratio": null,
            "reinvestment_rate": null,
            "research_to_sale_ratio": null,
            "price_fair": 0,
            "eps_avg_yearly": 0,
            "eps_latest_yearly": 0,
            "eps_growth_yearly": 0
        },
        "20014": {
            "year_quarter": 20014,
            "year": 2001,
            "quarter": 4,
            "eps": null,
            "eps_growth_year": null,
            "eps_4q": null,
            "eps_4q_growth_year": null,
            "roe": null,
            "roe_4q": 0,
            "gross_profit": null,
            "gross_margin": null,
            "gross_margin_4q_avg": 0,
            "net_income": null,
            "net_income_4q": null,
            "revenue": null,
            "revenue_4q": null,
            "common_shares": 139392,
            "book_valuer_per_share": 20.84,
            "book_valuer_per_share_4q_avg": 5.21,
            "equity": 290530,
            "current_ratio": 226.15,
            "debt_ratio": 32.03,
            "inventory_turnover_ratio": null,
            "account_receivable_turnover_ratio": null,
            "reinvestment_rate": null,
            "research_to_sale_ratio": null,
            "price_fair": 0,
            "eps_avg_yearly": 0,
            "eps_latest_yearly": 0,
            "eps_growth_yearly": 0
        },
        "20021": {
            "year_quarter": 20021,
            "year": 2002,
            "quarter": 1,
            "eps": null,
            "eps_growth_year": null,
            "eps_4q": null,
            "eps_4q_growth_year": null,
            "roe": null,
            "roe_4q": 0,
            "gross_profit": null,
            "gross_margin": null,
            "gross_margin_4q_avg": 0,
            "net_income": null,
            "net_income_4q": null,
            "revenue": null,
            "revenue_4q": null,
            "common_shares": null,
            "book_valuer_per_share": null,
            "book_valuer_per_share_4q_avg": 5.21,
            "equity": null,
            "current_ratio": null,
            "debt_ratio": null,
            "inventory_turnover_ratio": null,
            "account_receivable_turnover_ratio": null,
            "reinvestment_rate": null,
            "research_to_sale_ratio": null,
            "price_fair": 0,
            "eps_avg_yearly": 0,
            "eps_latest_yearly": 0,
            "eps_growth_yearly": 0
        },
        "20022": {
            "year_quarter": 20022,
            "year": 2002,
            "quarter": 2,
            "eps": null,
            "eps_growth_year": null,
            "eps_4q": null,
            "eps_4q_growth_year": null,
            "roe": null,
            "roe_4q": 0,
            "gross_profit": null,
            "gross_margin": null,
            "gross_margin_4q_avg": 0,
            "net_income": null,
            "net_income_4q": null,
            "revenue": null,
            "revenue_4q": null,
            "common_shares": null,
            "book_valuer_per_share": null,
            "book_valuer_per_share_4q_avg": 5.21,
            "equity": null,
            "current_ratio": null,
            "debt_ratio": null,
            "inventory_turnover_ratio": null,
            "account_receivable_turnover_ratio": null,
            "reinvestment_rate": null,
            "research_to_sale_ratio": null,
            "price_fair": 0,
            "eps_avg_yearly": 0,
            "eps_latest_yearly": 0,
            "eps_growth_yearly": 0
        },
        "20023": {
            "year_quarter": 20023,
            "year": 2002,
            "quarter": 3,
            "eps": 0.63,
            "eps_growth_year": null,
            "eps_4q": null,
            "eps_4q_growth_year": null,
            "roe": 2.9,
            "roe_4q": 2.9,
            "gross_profit": 30933,
            "gross_margin": 22.95,
            "gross_margin_4q_avg": 5.74,
            "net_income": 10703,
            "net_income_4q": null,
            "revenue": 134766,
            "revenue_4q": null,
            "common_shares": 201135,
            "book_valuer_per_share": 18.38,
            "book_valuer_per_share_4q_avg": 9.81,
            "equity": 369651,
            "current_ratio": 201.6,
            "debt_ratio": 30.13,
            "inventory_turnover_ratio": 1.12,
            "account_receivable_turnover_ratio": null,
            "reinvestment_rate": null,
            "research_to_sale_ratio": null,
            "price_fair": 0,
            "eps_avg_yearly": 0,
            "eps_latest_yearly": 0,
            "eps_growth_yearly": 0
        },
        "20024": {
            "year_quarter": 20024,
            "year": 2002,
            "quarter": 4,
            "eps": 1.15,
            "eps_growth_year": null,
            "eps_4q": null,
            "eps_4q_growth_year": null,
            "roe": 5.21,
            "roe_4q": 8.11,
            "gross_profit": 37805,
            "gross_margin": 27.01,
            "gross_margin_4q_avg": 12.49,
            "net_income": 21022,
            "net_income_4q": null,
            "revenue": 139966,
            "revenue_4q": null,
            "common_shares": 201135,
            "book_valuer_per_share": 19.46,
            "book_valuer_per_share_4q_avg": 9.46,
            "equity": 437732,
            "current_ratio": 249.21,
            "debt_ratio": 35.35,
            "inventory_turnover_ratio": 0.76,
            "account_receivable_turnover_ratio": null,
            "reinvestment_rate": null,
            "research_to_sale_ratio": null,
            "price_fair": 161,
            "eps_avg_yearly": 4.6,
            "eps_latest_yearly": 4.6,
            "eps_growth_yearly": 330.16
        },
        "20031": {
            "year_quarter": 20031,
            "year": 2003,
            "quarter": 1,
            "eps": 1.34,
            "eps_growth_year": null,
            "eps_4q": null,
            "eps_4q_growth_year": null,
            "roe": 6.32,
            "roe_4q": 14.430000000000001,
            "gross_profit": 37291,
            "gross_margin": 27.71,
            "gross_margin_4q_avg": 19.42,
            "net_income": 27042,
            "net_income_4q": null,
            "revenue": 134567,
            "revenue_4q": null,
            "common_shares": 201135,
            "book_valuer_per_share": 20.81,
            "book_valuer_per_share_4q_avg": 14.66,
            "equity": 418506,
            "current_ratio": 242.07,
            "debt_ratio": 25.05,
            "inventory_turnover_ratio": 0.74,
            "account_receivable_turnover_ratio": null,
            "reinvestment_rate": null,
            "research_to_sale_ratio": null,
            "price_fair": 174.3,
            "eps_avg_yearly": 4.98,
            "eps_latest_yearly": 5.36,
            "eps_growth_yearly": 198.12
        },
        "20032": {
            "year_quarter": 20032,
            "year": 2003,
            "quarter": 2,
            "eps": 0.6,
            "eps_growth_year": null,
            "eps_4q": 3.51,
            "eps_4q_growth_year": null,
            "roe": 2.93,
            "roe_4q": 17.36,
            "gross_profit": 33527,
            "gross_margin": 22.16,
            "gross_margin_4q_avg": 24.96,
            "net_income": 12099,
            "net_income_4q": null,
            "revenue": 151261,
            "revenue_4q": null,
            "common_shares": 201135,
            "book_valuer_per_share": 20.31,
            "book_valuer_per_share_4q_avg": 19.74,
            "equity": 408552,
            "current_ratio": 191.81,
            "debt_ratio": 32.93,
            "inventory_turnover_ratio": 1.38,
            "account_receivable_turnover_ratio": null,
            "reinvestment_rate": null,
            "research_to_sale_ratio": null,
            "price_fair": 144.2,
            "eps_avg_yearly": 4.12,
            "eps_latest_yearly": 2.4,
            "eps_growth_yearly": 58.45
        },
        "20033": {
            "year_quarter": 20033,
            "year": 2003,
            "quarter": 3,
            "eps": 0.82,
            "eps_growth_year": 30.16,
            "eps_4q": 3.27,
            "eps_4q_growth_year": null,
            "roe": 4.83,
            "roe_4q": 19.29,
            "gross_profit": 38850,
            "gross_margin": 29.31,
            "gross_margin_4q_avg": 26.55,
            "net_income": 20126,
            "net_income_4q": null,
            "revenue": 132547,
            "revenue_4q": null,
            "common_shares": 201135,
            "book_valuer_per_share": 21.11,
            "book_valuer_per_share_4q_avg": 20.42,
            "equity": 424673,
            "current_ratio": 207.65,
            "debt_ratio": 30.26,
            "inventory_turnover_ratio": 1.06,
            "account_receivable_turnover_ratio": null,
            "reinvestment_rate": null,
            "research_to_sale_ratio": null,
            "price_fair": 136.85,
            "eps_avg_yearly": 3.91,
            "eps_latest_yearly": 3.28,
            "eps_growth_yearly": 80.5
        },
        "20034": {
            "year_quarter": 20034,
            "year": 2003,
            "quarter": 4,
            "eps": 0.82,
            "eps_growth_year": -28.7,
            "eps_4q": 3.26,
            "eps_4q_growth_year": null,
            "roe": 4.3,
            "roe_4q": 18.38,
            "gross_profit": 39233,
            "gross_margin": 24.85,
            "gross_margin_4q_avg": 26.01,
            "net_income": 19900,
            "net_income_4q": null,
            "revenue": 157864,
            "revenue_4q": null,
            "common_shares": 242619,
            "book_valuer_per_share": 18.36,
            "book_valuer_per_share_4q_avg": 20.15,
            "equity": 501248,
            "current_ratio": 259.92,
            "debt_ratio": 35.55,
            "inventory_turnover_ratio": 0.84,
            "account_receivable_turnover_ratio": null,
            "reinvestment_rate": null,
            "research_to_sale_ratio": null,
            "price_fair": 132.44,
            "eps_avg_yearly": 3.78,
            "eps_latest_yearly": 3.28,
            "eps_growth_yearly": 64.4
        },
        "20041": {
            "year_quarter": 20041,
            "year": 2004,
            "quarter": 1,
            "eps": 1.16,
            "eps_growth_year": -13.43,
            "eps_4q": 3.3,
            "eps_4q_growth_year": null,
            "roe": 5.82,
            "roe_4q": 17.880000000000003,
            "gross_profit": 38853,
            "gross_margin": 26.25,
            "gross_margin_4q_avg": 25.64,
            "net_income": 28202,
            "net_income_4q": null,
            "revenue": 147994,
            "revenue_4q": null,
            "common_shares": 242619,
            "book_valuer_per_share": 19.3,
            "book_valuer_per_share_4q_avg": 19.77,
            "equity": 468274,
            "current_ratio": 245.54,
            "debt_ratio": 26.27,
            "inventory_turnover_ratio": 0.77,
            "account_receivable_turnover_ratio": null,
            "reinvestment_rate": null,
            "research_to_sale_ratio": null,
            "price_fair": 137.43,
            "eps_avg_yearly": 3.93,
            "eps_latest_yearly": 4.64,
            "eps_growth_yearly": 81.31
        },
        "20042": {
            "year_quarter": 20042,
            "year": 2004,
            "quarter": 2,
            "eps": 1.25,
            "eps_growth_year": 108.33,
            "eps_4q": 4.07,
            "eps_4q_growth_year": 15.85,
            "roe": 6.46,
            "roe_4q": 21.410000000000004,
            "gross_profit": 48357,
            "gross_margin": 26.24,
            "gross_margin_4q_avg": 26.66,
            "net_income": 30228,
            "net_income_4q": null,
            "revenue": 184300,
            "revenue_4q": null,
            "common_shares": 242619,
            "book_valuer_per_share": 19.28,
            "book_valuer_per_share_4q_avg": 19.51,
            "equity": 467756,
            "current_ratio": 187.85,
            "debt_ratio": 34.61,
            "inventory_turnover_ratio": 1.26,
            "account_receivable_turnover_ratio": null,
            "reinvestment_rate": null,
            "research_to_sale_ratio": null,
            "price_fair": 142.8,
            "eps_avg_yearly": 4.08,
            "eps_latest_yearly": 5,
            "eps_growth_yearly": 74.13
        },
        "20043": {
            "year_quarter": 20043,
            "year": 2004,
            "quarter": 3,
            "eps": 1.25,
            "eps_growth_year": 52.44,
            "eps_4q": 4.07,
            "eps_4q_growth_year": 24.44,
            "roe": 7.13,
            "roe_4q": 23.71,
            "gross_profit": 51945,
            "gross_margin": 26.92,
            "gross_margin_4q_avg": 26.07,
            "net_income": 34712,
            "net_income_4q": null,
            "revenue": 192987,
            "revenue_4q": null,
            "common_shares": 278001,
            "book_valuer_per_share": 18.21,
            "book_valuer_per_share_4q_avg": 18.79,
            "equity": 506226,
            "current_ratio": 196.4,
            "debt_ratio": 33.13,
            "inventory_turnover_ratio": 1.01,
            "account_receivable_turnover_ratio": null,
            "reinvestment_rate": null,
            "research_to_sale_ratio": null,
            "price_fair": 146.83,
            "eps_avg_yearly": 4.2,
            "eps_latest_yearly": 5,
            "eps_growth_yearly": 64.86
        },
        "20044": {
            "year_quarter": 20044,
            "year": 2004,
            "quarter": 4,
            "eps": 0.4,
            "eps_growth_year": -51.22,
            "eps_4q": 3.76,
            "eps_4q_growth_year": 15.15,
            "roe": 2.07,
            "roe_4q": 21.48,
            "gross_profit": 41403,
            "gross_margin": 26.84,
            "gross_margin_4q_avg": 26.56,
            "net_income": 11100,
            "net_income_4q": null,
            "revenue": 154276,
            "revenue_4q": null,
            "common_shares": 278001,
            "book_valuer_per_share": 17.96,
            "book_valuer_per_share_4q_avg": 18.69,
            "equity": 564946,
            "current_ratio": 309.73,
            "debt_ratio": 31.6,
            "inventory_turnover_ratio": 0.51,
            "account_receivable_turnover_ratio": null,
            "reinvestment_rate": null,
            "research_to_sale_ratio": null,
            "price_fair": 136.73,
            "eps_avg_yearly": 3.91,
            "eps_latest_yearly": 1.6,
            "eps_growth_yearly": 27.43
        },
        "20051": {
            "year_quarter": 20051,
            "year": 2005,
            "quarter": 1,
            "eps": 0.8,
            "eps_growth_year": -31.03,
            "eps_4q": 3.52,
            "eps_4q_growth_year": 6.61,
            "roe": 4.12,
            "roe_4q": 19.78,
            "gross_profit": 38115,
            "gross_margin": 25.46,
            "gross_margin_4q_avg": 26.37,
            "net_income": 22344,
            "net_income_4q": null,
            "revenue": 149691,
            "revenue_4q": null,
            "common_shares": 278001,
            "book_valuer_per_share": 18.72,
            "book_valuer_per_share_4q_avg": 18.54,
            "equity": 520308,
            "current_ratio": 253.19,
            "debt_ratio": 26.12,
            "inventory_turnover_ratio": 0.57,
            "account_receivable_turnover_ratio": null,
            "reinvestment_rate": null,
            "research_to_sale_ratio": null,
            "price_fair": 134.26,
            "eps_avg_yearly": 3.84,
            "eps_latest_yearly": 3.2,
            "eps_growth_yearly": 64.69
        },
        "20052": {
            "year_quarter": 20052,
            "year": 2005,
            "quarter": 2,
            "eps": 1.09,
            "eps_growth_year": -12.8,
            "eps_4q": 3.54,
            "eps_4q_growth_year": -13.13,
            "roe": 5.91,
            "roe_4q": 19.23,
            "gross_profit": 51022,
            "gross_margin": 26.92,
            "gross_margin_4q_avg": 26.54,
            "net_income": 30363,
            "net_income_4q": null,
            "revenue": 189504,
            "revenue_4q": null,
            "common_shares": 278001,
            "book_valuer_per_share": 18.27,
            "book_valuer_per_share_4q_avg": 18.29,
            "equity": 507874,
            "current_ratio": 195.95,
            "debt_ratio": 33.17,
            "inventory_turnover_ratio": 1.3,
            "account_receivable_turnover_ratio": null,
            "reinvestment_rate": null,
            "research_to_sale_ratio": null,
            "price_fair": 135.93,
            "eps_avg_yearly": 3.88,
            "eps_latest_yearly": 4.36,
            "eps_growth_yearly": 71.99
        },
        "20053": {
            "year_quarter": 20053,
            "year": 2005,
            "quarter": 3,
            "eps": 0.89,
            "eps_growth_year": -28.8,
            "eps_4q": 2.87,
            "eps_4q_growth_year": -29.41,
            "roe": 5.39,
            "roe_4q": 17.490000000000002,
            "gross_profit": 51173,
            "gross_margin": 27.94,
            "gross_margin_4q_avg": 26.79,
            "net_income": 28630,
            "net_income_4q": null,
            "revenue": 183167,
            "revenue_4q": null,
            "common_shares": 321438,
            "book_valuer_per_share": 17.23,
            "book_valuer_per_share_4q_avg": 18.05,
            "equity": 553814,
            "current_ratio": 218.82,
            "debt_ratio": 28.59,
            "inventory_turnover_ratio": 1.16,
            "account_receivable_turnover_ratio": null,
            "reinvestment_rate": null,
            "research_to_sale_ratio": null,
            "price_fair": 134.98,
            "eps_avg_yearly": 3.86,
            "eps_latest_yearly": 3.56,
            "eps_growth_yearly": 59.88
        },
        "20054": {
            "year_quarter": 20054,
            "year": 2005,
            "quarter": 4,
            "eps": 0.52,
            "eps_growth_year": 30,
            "eps_4q": 3.04,
            "eps_4q_growth_year": -19.17,
            "roe": 2.76,
            "roe_4q": 18.18,
            "gross_profit": 42491,
            "gross_margin": 26.4,
            "gross_margin_4q_avg": 26.68,
            "net_income": 16809,
            "net_income_4q": null,
            "revenue": 160979,
            "revenue_4q": null,
            "common_shares": 321439,
            "book_valuer_per_share": 17.68,
            "book_valuer_per_share_4q_avg": 17.98,
            "equity": 665526,
            "current_ratio": 219.37,
            "debt_ratio": 39.99,
            "inventory_turnover_ratio": 0.45,
            "account_receivable_turnover_ratio": null,
            "reinvestment_rate": null,
            "research_to_sale_ratio": null,
            "price_fair": 130.2,
            "eps_avg_yearly": 3.72,
            "eps_latest_yearly": 2.08,
            "eps_growth_yearly": 42.48
        },
        "20061": {
            "year_quarter": 20061,
            "year": 2006,
            "quarter": 1,
            "eps": 0.65,
            "eps_growth_year": -18.75,
            "eps_4q": 3,
            "eps_4q_growth_year": -14.91,
            "roe": 3.35,
            "roe_4q": 17.41,
            "gross_profit": 42953,
            "gross_margin": 25.29,
            "gross_margin_4q_avg": 26.64,
            "net_income": 20989,
            "net_income_4q": null,
            "revenue": 169869,
            "revenue_4q": null,
            "common_shares": 321439,
            "book_valuer_per_share": 18.27,
            "book_valuer_per_share_4q_avg": 17.86,
            "equity": 587314,
            "current_ratio": 252.67,
            "debt_ratio": 25.07,
            "inventory_turnover_ratio": 0.48,
            "account_receivable_turnover_ratio": null,
            "reinvestment_rate": null,
            "research_to_sale_ratio": null,
            "price_fair": 127.4,
            "eps_avg_yearly": 3.64,
            "eps_latest_yearly": 2.6,
            "eps_growth_yearly": 46.59
        },
        "20062": {
            "year_quarter": 20062,
            "year": 2006,
            "quarter": 2,
            "eps": 1.41,
            "eps_growth_year": 29.36,
            "eps_4q": 3.47,
            "eps_4q_growth_year": -1.83,
            "roe": 7.77,
            "roe_4q": 19.27,
            "gross_profit": 56825,
            "gross_margin": 26.12,
            "gross_margin_4q_avg": 26.44,
            "net_income": 45425,
            "net_income_4q": null,
            "revenue": 217575,
            "revenue_4q": null,
            "common_shares": 321439,
            "book_valuer_per_share": 18.1,
            "book_valuer_per_share_4q_avg": 17.82,
            "equity": 581759,
            "current_ratio": 193.26,
            "debt_ratio": 31.61,
            "inventory_turnover_ratio": 1.26,
            "account_receivable_turnover_ratio": null,
            "reinvestment_rate": 12.29,
            "research_to_sale_ratio": null,
            "price_fair": 132.07,
            "eps_avg_yearly": 3.77,
            "eps_latest_yearly": 5.64,
            "eps_growth_yearly": 74.66
        },
        "20063": {
            "year_quarter": 20063,
            "year": 2006,
            "quarter": 3,
            "eps": 1.43,
            "eps_growth_year": 60.67,
            "eps_4q": 3.67,
            "eps_4q_growth_year": 27.66,
            "roe": 8.66,
            "roe_4q": 22.54,
            "gross_profit": 59901,
            "gross_margin": 25.56,
            "gross_margin_4q_avg": 25.84,
            "net_income": 53168,
            "net_income_4q": null,
            "revenue": 234369,
            "revenue_4q": null,
            "common_shares": 371664,
            "book_valuer_per_share": 17.38,
            "book_valuer_per_share_4q_avg": 17.86,
            "equity": 645894,
            "current_ratio": 195.67,
            "debt_ratio": 31.54,
            "inventory_turnover_ratio": 1.32,
            "account_receivable_turnover_ratio": null,
            "reinvestment_rate": -0.81,
            "research_to_sale_ratio": null,
            "price_fair": 136.33,
            "eps_avg_yearly": 3.9,
            "eps_latest_yearly": 5.72,
            "eps_growth_yearly": 70.35
        },
        "20064": {
            "year_quarter": 20064,
            "year": 2006,
            "quarter": 4,
            "eps": 0.69,
            "eps_growth_year": 32.69,
            "eps_4q": 3.92,
            "eps_4q_growth_year": 29.16,
            "roe": 3.55,
            "roe_4q": 23.330000000000002,
            "gross_profit": 49434,
            "gross_margin": 25.14,
            "gross_margin_4q_avg": 25.53,
            "net_income": 25533,
            "net_income_4q": null,
            "revenue": 196638,
            "revenue_4q": null,
            "common_shares": 371663,
            "book_valuer_per_share": 18.02,
            "book_valuer_per_share_4q_avg": 17.94,
            "equity": 793737,
            "current_ratio": 202.37,
            "debt_ratio": 44.4,
            "inventory_turnover_ratio": 0.53,
            "account_receivable_turnover_ratio": null,
            "reinvestment_rate": 30.03,
            "research_to_sale_ratio": null,
            "price_fair": 132.3,
            "eps_avg_yearly": 3.78,
            "eps_latest_yearly": 2.76,
            "eps_growth_yearly": 36.78
        },
        "20071": {
            "year_quarter": 20071,
            "year": 2007,
            "quarter": 1,
            "eps": 1.12,
            "eps_growth_year": 72.31,
            "eps_4q": 4.45,
            "eps_4q_growth_year": 48.53,
            "roe": 5.5,
            "roe_4q": 25.48,
            "gross_profit": 48409,
            "gross_margin": 23.97,
            "gross_margin_4q_avg": 25.2,
            "net_income": 41722,
            "net_income_4q": null,
            "revenue": 201997,
            "revenue_4q": null,
            "common_shares": 371663,
            "book_valuer_per_share": 19.43,
            "book_valuer_per_share_4q_avg": 18.23,
            "equity": 722108,
            "current_ratio": 224.18,
            "debt_ratio": 27.73,
            "inventory_turnover_ratio": 0.53,
            "account_receivable_turnover_ratio": null,
            "reinvestment_rate": -0.87,
            "research_to_sale_ratio": null,
            "price_fair": 130.38,
            "eps_avg_yearly": 3.73,
            "eps_latest_yearly": 4.48,
            "eps_growth_yearly": 48.23
        },
        "20072": {
            "year_quarter": 20072,
            "year": 2007,
            "quarter": 2,
            "eps": 1.21,
            "eps_growth_year": -14.18,
            "eps_4q": 4.46,
            "eps_4q_growth_year": 28.52,
            "roe": 6.26,
            "roe_4q": 23.97,
            "gross_profit": 55718,
            "gross_margin": 24.31,
            "gross_margin_4q_avg": 24.75,
            "net_income": 44803,
            "net_income_4q": null,
            "revenue": 229156,
            "revenue_4q": null,
            "common_shares": 371663,
            "book_valuer_per_share": 19.09,
            "book_valuer_per_share_4q_avg": 18.48,
            "equity": 709513,
            "current_ratio": 181.59,
            "debt_ratio": 33.07,
            "inventory_turnover_ratio": 1.01,
            "account_receivable_turnover_ratio": null,
            "reinvestment_rate": -0.91,
            "research_to_sale_ratio": null,
            "price_fair": 135.71,
            "eps_avg_yearly": 3.88,
            "eps_latest_yearly": 4.84,
            "eps_growth_yearly": 64.04
        },
        "20073": {
            "year_quarter": 20073,
            "year": 2007,
            "quarter": 3,
            "eps": 1,
            "eps_growth_year": -30.07,
            "eps_4q": 3.57,
            "eps_4q_growth_year": -2.57,
            "roe": 5.94,
            "roe_4q": 21.25,
            "gross_profit": 57445,
            "gross_margin": 23.79,
            "gross_margin_4q_avg": 24.3,
            "net_income": 43531,
            "net_income_4q": null,
            "revenue": 241424,
            "revenue_4q": null,
            "common_shares": 437323,
            "book_valuer_per_share": 17.27,
            "book_valuer_per_share_4q_avg": 18.45,
            "equity": 755169,
            "current_ratio": 174.34,
            "debt_ratio": 34.96,
            "inventory_turnover_ratio": 1.03,
            "account_receivable_turnover_ratio": null,
            "reinvestment_rate": -0.79,
            "research_to_sale_ratio": null,
            "price_fair": 137.29,
            "eps_avg_yearly": 3.92,
            "eps_latest_yearly": 4,
            "eps_growth_yearly": 50.54
        },
        "20074": {
            "year_quarter": 20074,
            "year": 2007,
            "quarter": 4,
            "eps": 1.55,
            "eps_growth_year": 124.64,
            "eps_4q": 4.53,
            "eps_4q_growth_year": 15.45,
            "roe": 7.65,
            "roe_4q": 25.35,
            "gross_profit": 53001,
            "gross_margin": 23.34,
            "gross_margin_4q_avg": 23.85,
            "net_income": 67704,
            "net_income_4q": null,
            "revenue": 227085,
            "revenue_4q": null,
            "common_shares": 437323,
            "book_valuer_per_share": 19.04,
            "book_valuer_per_share_4q_avg": 18.71,
            "equity": 1015329,
            "current_ratio": 187.98,
            "debt_ratio": 50.77,
            "inventory_turnover_ratio": 0.42,
            "account_receivable_turnover_ratio": null,
            "reinvestment_rate": 25.14,
            "research_to_sale_ratio": null,
            "price_fair": 143.68,
            "eps_avg_yearly": 4.11,
            "eps_latest_yearly": 6.2,
            "eps_growth_yearly": 64.29
        },
        "20081": {
            "year_quarter": 20081,
            "year": 2008,
            "quarter": 1,
            "eps": 1.28,
            "eps_growth_year": 14.29,
            "eps_4q": 3.76,
            "eps_4q_growth_year": -15.57,
            "roe": 6.95,
            "roe_4q": 26.800000000000004,
            "gross_profit": 201313,
            "gross_margin": 24.13,
            "gross_margin_4q_avg": 23.89,
            "net_income": 72249,
            "net_income_4q": null,
            "revenue": 834191,
            "revenue_4q": null,
            "common_shares": 437323,
            "book_valuer_per_share": 19.82,
            "book_valuer_per_share_4q_avg": 18.81,
            "equity": 1063534,
            "current_ratio": 217.43,
            "debt_ratio": 45.17,
            "inventory_turnover_ratio": 0.99,
            "account_receivable_turnover_ratio": null,
            "reinvestment_rate": 24.09,
            "research_to_sale_ratio": null,
            "price_fair": 144.73,
            "eps_avg_yearly": 4.14,
            "eps_latest_yearly": 5.12,
            "eps_growth_yearly": 49.57
        },
        "20082": {
            "year_quarter": 20082,
            "year": 2008,
            "quarter": 2,
            "eps": 0.96,
            "eps_growth_year": -20.66,
            "eps_4q": 2.74,
            "eps_4q_growth_year": -38.56,
            "roe": 7.24,
            "roe_4q": 27.780000000000005,
            "gross_profit": 213185,
            "gross_margin": 21.14,
            "gross_margin_4q_avg": 23.1,
            "net_income": 78833,
            "net_income_4q": null,
            "revenue": 1008463,
            "revenue_4q": null,
            "common_shares": 437323,
            "book_valuer_per_share": 20.38,
            "book_valuer_per_share_4q_avg": 19.13,
            "equity": 1113473,
            "current_ratio": 199.54,
            "debt_ratio": 48.84,
            "inventory_turnover_ratio": 1.21,
            "account_receivable_turnover_ratio": null,
            "reinvestment_rate": 22.95,
            "research_to_sale_ratio": null,
            "price_fair": 142.19,
            "eps_avg_yearly": 4.06,
            "eps_latest_yearly": 3.84,
            "eps_growth_yearly": 41.38
        },
        "20083": {
            "year_quarter": 20083,
            "year": 2008,
            "quarter": 3,
            "eps": 1.1,
            "eps_growth_year": 10,
            "eps_4q": 3.07,
            "eps_4q_growth_year": -14.1,
            "roe": 7.48,
            "roe_4q": 29.32,
            "gross_profit": 223411,
            "gross_margin": 23.17,
            "gross_margin_4q_avg": 22.95,
            "net_income": 88837,
            "net_income_4q": null,
            "revenue": 964246,
            "revenue_4q": null,
            "common_shares": 602450,
            "book_valuer_per_share": 16.64,
            "book_valuer_per_share_4q_avg": 18.97,
            "equity": 1261157,
            "current_ratio": 200.55,
            "debt_ratio": 48.29,
            "inventory_turnover_ratio": 0.95,
            "account_receivable_turnover_ratio": null,
            "reinvestment_rate": 22.15,
            "research_to_sale_ratio": null,
            "price_fair": 140.88,
            "eps_avg_yearly": 4.03,
            "eps_latest_yearly": 4.4,
            "eps_growth_yearly": 45.02
        },
        "20084": {
            "year_quarter": 20084,
            "year": 2008,
            "quarter": 4,
            "eps": -0.68,
            "eps_growth_year": -143.87,
            "eps_4q": 1.76,
            "eps_4q_growth_year": -61.18,
            "roe": -4.59,
            "roe_4q": 17.080000000000002,
            "gross_profit": 133293,
            "gross_margin": 20.2,
            "gross_margin_4q_avg": 22.16,
            "net_income": -57042,
            "net_income_4q": null,
            "revenue": 659837,
            "revenue_4q": null,
            "common_shares": 602449,
            "book_valuer_per_share": 16.21,
            "book_valuer_per_share_4q_avg": 18.26,
            "equity": 1224183,
            "current_ratio": 197.39,
            "debt_ratio": 49.88,
            "inventory_turnover_ratio": 0.57,
            "account_receivable_turnover_ratio": 3.08,
            "reinvestment_rate": 23.4,
            "research_to_sale_ratio": null,
            "price_fair": 146.53,
            "eps_avg_yearly": 4.19,
            "eps_latest_yearly": 4.4,
            "eps_growth_yearly": 66.16
        },
        "20091": {
            "year_quarter": 20091,
            "year": 2009,
            "quarter": 1,
            "eps": 0.55,
            "eps_growth_year": -57.03,
            "eps_4q": 1.59,
            "eps_4q_growth_year": -57.82,
            "roe": 3.21,
            "roe_4q": 13.34,
            "gross_profit": 129011,
            "gross_margin": 24.97,
            "gross_margin_4q_avg": 22.37,
            "net_income": 40288,
            "net_income_4q": null,
            "revenue": 516657,
            "revenue_4q": null,
            "common_shares": 602449,
            "book_valuer_per_share": 17.04,
            "book_valuer_per_share_4q_avg": 17.57,
            "equity": 1285346,
            "current_ratio": 242.15,
            "debt_ratio": 43.72,
            "inventory_turnover_ratio": 0.43,
            "account_receivable_turnover_ratio": 1.29,
            "reinvestment_rate": 24.15,
            "research_to_sale_ratio": null,
            "price_fair": 149,
            "eps_avg_yearly": 4.26,
            "eps_latest_yearly": 4.4,
            "eps_growth_yearly": 42.31
        },
        "20092": {
            "year_quarter": 20092,
            "year": 2009,
            "quarter": 2,
            "eps": 0.7,
            "eps_growth_year": -27.08,
            "eps_4q": 1.23,
            "eps_4q_growth_year": -55,
            "roe": 4.63,
            "roe_4q": 10.73,
            "gross_profit": 163265,
            "gross_margin": 21.22,
            "gross_margin_4q_avg": 22.39,
            "net_income": 58326,
            "net_income_4q": null,
            "revenue": 769387,
            "revenue_4q": null,
            "common_shares": 602449,
            "book_valuer_per_share": 16.31,
            "book_valuer_per_share_4q_avg": 16.55,
            "equity": 1234527,
            "current_ratio": 215.72,
            "debt_ratio": 47.04,
            "inventory_turnover_ratio": 0.76,
            "account_receivable_turnover_ratio": 1.74,
            "reinvestment_rate": 21.67,
            "research_to_sale_ratio": null,
            "price_fair": 145.1,
            "eps_avg_yearly": 4.15,
            "eps_latest_yearly": 2.8,
            "eps_growth_yearly": 39.74
        },
        "20093": {
            "year_quarter": 20093,
            "year": 2009,
            "quarter": 3,
            "eps": 0.74,
            "eps_growth_year": -32.73,
            "eps_4q": 0.97,
            "eps_4q_growth_year": -68.52,
            "roe": 5.1,
            "roe_4q": 8.350000000000001,
            "gross_profit": 256234,
            "gross_margin": 29.36,
            "gross_margin_4q_avg": 23.94,
            "net_income": 63950,
            "net_income_4q": null,
            "revenue": 872828,
            "revenue_4q": null,
            "common_shares": 632572,
            "book_valuer_per_share": 15.97,
            "book_valuer_per_share_4q_avg": 16.38,
            "equity": 1273865,
            "current_ratio": 241.52,
            "debt_ratio": 43.08,
            "inventory_turnover_ratio": 0.9,
            "account_receivable_turnover_ratio": 1.53,
            "reinvestment_rate": 19.95,
            "research_to_sale_ratio": null,
            "price_fair": 143.6,
            "eps_avg_yearly": 4.1,
            "eps_latest_yearly": 2.96,
            "eps_growth_yearly": 46.62
        },
        "20094": {
            "year_quarter": 20094,
            "year": 2009,
            "quarter": 4,
            "eps": 0.31,
            "eps_growth_year": null,
            "eps_4q": 2.28,
            "eps_4q_growth_year": 29.96,
            "roe": 1.98,
            "roe_4q": 14.920000000000002,
            "gross_profit": 123422,
            "gross_margin": 12.18,
            "gross_margin_4q_avg": 21.93,
            "net_income": 25402,
            "net_income_4q": null,
            "revenue": 1013435,
            "revenue_4q": null,
            "common_shares": 632572,
            "book_valuer_per_share": 16.28,
            "book_valuer_per_share_4q_avg": 16.4,
            "equity": 1297967,
            "current_ratio": 252.64,
            "debt_ratio": 41.41,
            "inventory_turnover_ratio": 1.47,
            "account_receivable_turnover_ratio": 3.55,
            "reinvestment_rate": 19.35,
            "research_to_sale_ratio": null,
            "price_fair": 141.5,
            "eps_avg_yearly": 4.04,
            "eps_latest_yearly": 1.24,
            "eps_growth_yearly": 41.9
        },
        "20101": {
            "year_quarter": 20101,
            "year": 2010,
            "quarter": 1,
            "eps": 0.67,
            "eps_growth_year": 21.82,
            "eps_4q": 2.43,
            "eps_4q_growth_year": 53.12,
            "roe": 4.03,
            "roe_4q": 15.739999999999998,
            "gross_profit": 201776,
            "gross_margin": 20.46,
            "gross_margin_4q_avg": 20.81,
            "net_income": 53365,
            "net_income_4q": null,
            "revenue": 986334,
            "revenue_4q": null,
            "common_shares": 632572,
            "book_valuer_per_share": 16.89,
            "book_valuer_per_share_4q_avg": 16.36,
            "equity": 1347530,
            "current_ratio": 249.71,
            "debt_ratio": 41.85,
            "inventory_turnover_ratio": 1.39,
            "account_receivable_turnover_ratio": 1.44,
            "reinvestment_rate": 32.48,
            "research_to_sale_ratio": null,
            "price_fair": 141.7,
            "eps_avg_yearly": 4.05,
            "eps_latest_yearly": 2.68,
            "eps_growth_yearly": 67.93
        },
        "20102": {
            "year_quarter": 20102,
            "year": 2010,
            "quarter": 2,
            "eps": 1.5,
            "eps_growth_year": 114.05,
            "eps_4q": 3.22,
            "eps_4q_growth_year": 161.31,
            "roe": 8.35,
            "roe_4q": 19.46,
            "gross_profit": 289549,
            "gross_margin": 21.94,
            "gross_margin_4q_avg": 20.99,
            "net_income": 113500,
            "net_income_4q": null,
            "revenue": 1319948,
            "revenue_4q": null,
            "common_shares": 632572,
            "book_valuer_per_share": 16.81,
            "book_valuer_per_share_4q_avg": 16.49,
            "equity": 1370057,
            "current_ratio": 193.97,
            "debt_ratio": 51.1,
            "inventory_turnover_ratio": 1.69,
            "account_receivable_turnover_ratio": 1.38,
            "reinvestment_rate": 30.94,
            "research_to_sale_ratio": null,
            "price_fair": 142.6,
            "eps_avg_yearly": 4.07,
            "eps_latest_yearly": 6,
            "eps_growth_yearly": 69.92
        },
        "20103": {
            "year_quarter": 20103,
            "year": 2010,
            "quarter": 3,
            "eps": 1.43,
            "eps_growth_year": 93.19,
            "eps_4q": 3.91,
            "eps_4q_growth_year": 304.4,
            "roe": 7.66,
            "roe_4q": 22.02,
            "gross_profit": 290973,
            "gross_margin": 21.41,
            "gross_margin_4q_avg": 19,
            "net_income": 107999,
            "net_income_4q": null,
            "revenue": 1359182,
            "revenue_4q": null,
            "common_shares": 632572,
            "book_valuer_per_share": 17.97,
            "book_valuer_per_share_4q_avg": 16.99,
            "equity": 1448030,
            "current_ratio": 189.17,
            "debt_ratio": 52.47,
            "inventory_turnover_ratio": 1.48,
            "account_receivable_turnover_ratio": 1.16,
            "reinvestment_rate": 29.34,
            "research_to_sale_ratio": null,
            "price_fair": 142.6,
            "eps_avg_yearly": 4.07,
            "eps_latest_yearly": 5.72,
            "eps_growth_yearly": 68.18
        },
        "20104": {
            "year_quarter": 20104,
            "year": 2010,
            "quarter": 4,
            "eps": 1.32,
            "eps_growth_year": 324.43,
            "eps_4q": 4.91,
            "eps_4q_growth_year": 114.99,
            "roe": 7.08,
            "roe_4q": 27.12,
            "gross_profit": 272414,
            "gross_margin": 22,
            "gross_margin_4q_avg": 21.45,
            "net_income": 103360,
            "net_income_4q": null,
            "revenue": 1238331,
            "revenue_4q": null,
            "common_shares": 632572,
            "book_valuer_per_share": 18.24,
            "book_valuer_per_share_4q_avg": 17.48,
            "equity": 1469931,
            "current_ratio": 185.53,
            "debt_ratio": 53.97,
            "inventory_turnover_ratio": 1.26,
            "account_receivable_turnover_ratio": 1.04,
            "reinvestment_rate": 9.17,
            "research_to_sale_ratio": null,
            "price_fair": 148.9,
            "eps_avg_yearly": 4.25,
            "eps_latest_yearly": 5.28,
            "eps_growth_yearly": 80.77
        },
        "20111": {
            "year_quarter": 20111,
            "year": 2011,
            "quarter": 1,
            "eps": 1.05,
            "eps_growth_year": 56.72,
            "eps_4q": 5.3,
            "eps_4q_growth_year": 118.26,
            "roe": 5.59,
            "roe_4q": 28.68,
            "gross_profit": 249536,
            "gross_margin": 21.76,
            "gross_margin_4q_avg": 21.78,
            "net_income": 85165,
            "net_income_4q": null,
            "revenue": 1146727,
            "revenue_4q": null,
            "common_shares": 632572,
            "book_valuer_per_share": 19.53,
            "book_valuer_per_share_4q_avg": 18.14,
            "equity": 1575702,
            "current_ratio": 191.95,
            "debt_ratio": 52.52,
            "inventory_turnover_ratio": 1.06,
            "account_receivable_turnover_ratio": 1,
            "reinvestment_rate": 24.8,
            "research_to_sale_ratio": null,
            "price_fair": 148.2,
            "eps_avg_yearly": 4.23,
            "eps_latest_yearly": 4.2,
            "eps_growth_yearly": 57.12
        },
        "20112": {
            "year_quarter": 20112,
            "year": 2011,
            "quarter": 2,
            "eps": 1.58,
            "eps_growth_year": 5.6,
            "eps_4q": 4.75,
            "eps_4q_growth_year": 47.32,
            "roe": 9.12,
            "roe_4q": 29.45,
            "gross_profit": 336147,
            "gross_margin": 22.71,
            "gross_margin_4q_avg": 21.97,
            "net_income": 149075,
            "net_income_4q": null,
            "revenue": 1480381,
            "revenue_4q": null,
            "common_shares": 632572,
            "book_valuer_per_share": 21.21,
            "book_valuer_per_share_4q_avg": 19.24,
            "equity": 1694549,
            "current_ratio": 205.22,
            "debt_ratio": 58.03,
            "inventory_turnover_ratio": 1.07,
            "account_receivable_turnover_ratio": 1.15,
            "reinvestment_rate": 24.25,
            "research_to_sale_ratio": null,
            "price_fair": 151.9,
            "eps_avg_yearly": 4.34,
            "eps_latest_yearly": 6.32,
            "eps_growth_yearly": 69.25
        },
        "20113": {
            "year_quarter": 20113,
            "year": 2011,
            "quarter": 3,
            "eps": 3.82,
            "eps_growth_year": 167.17,
            "eps_4q": 7.37,
            "eps_4q_growth_year": 88.57,
            "roe": 15.79,
            "roe_4q": 37.58,
            "gross_profit": 264839,
            "gross_margin": 23.68,
            "gross_margin_4q_avg": 22.54,
            "net_income": 301409,
            "net_income_4q": null,
            "revenue": 1118288,
            "revenue_4q": null,
            "common_shares": 760426,
            "book_valuer_per_share": 22.85,
            "book_valuer_per_share_4q_avg": 20.46,
            "equity": 2123549,
            "current_ratio": 245.51,
            "debt_ratio": 51.38,
            "inventory_turnover_ratio": 0.64,
            "account_receivable_turnover_ratio": 0.78,
            "reinvestment_rate": 13.02,
            "research_to_sale_ratio": null,
            "price_fair": 180.1,
            "eps_avg_yearly": 5.15,
            "eps_latest_yearly": 15.28,
            "eps_growth_yearly": 114.71
        },
        "20114": {
            "year_quarter": 20114,
            "year": 2011,
            "quarter": 4,
            "eps": 0.35,
            "eps_growth_year": -73.49,
            "eps_4q": 6.63,
            "eps_4q_growth_year": 34.92,
            "roe": 1.08,
            "roe_4q": 31.579999999999995,
            "gross_profit": 203932,
            "gross_margin": 19.95,
            "gross_margin_4q_avg": 22.03,
            "net_income": 21063,
            "net_income_4q": null,
            "revenue": 1022078,
            "revenue_4q": null,
            "common_shares": 760426,
            "book_valuer_per_share": 23.08,
            "book_valuer_per_share_4q_avg": 21.67,
            "equity": 1763350,
            "current_ratio": 203.85,
            "debt_ratio": 59.14,
            "inventory_turnover_ratio": 0.5,
            "account_receivable_turnover_ratio": 0.8,
            "reinvestment_rate": 2.3,
            "research_to_sale_ratio": null,
            "price_fair": 168.1,
            "eps_avg_yearly": 4.8,
            "eps_latest_yearly": 1.4,
            "eps_growth_yearly": 73.04
        },
        "20121": {
            "year_quarter": 20121,
            "year": 2012,
            "quarter": 1,
            "eps": 0.01,
            "eps_growth_year": -99.05,
            "eps_4q": 5.75,
            "eps_4q_growth_year": 8.49,
            "roe": 0.05,
            "roe_4q": 26.04,
            "gross_profit": 157766,
            "gross_margin": 18.38,
            "gross_margin_4q_avg": 21.18,
            "net_income": 880,
            "net_income_4q": null,
            "revenue": 858128,
            "revenue_4q": null,
            "common_shares": 762021,
            "book_valuer_per_share": 22.62,
            "book_valuer_per_share_4q_avg": 22.44,
            "equity": 1738912,
            "current_ratio": 244.23,
            "debt_ratio": 52.94,
            "inventory_turnover_ratio": 0.41,
            "account_receivable_turnover_ratio": 0.81,
            "reinvestment_rate": 2.4,
            "research_to_sale_ratio": null,
            "price_fair": 155.4,
            "eps_avg_yearly": 4.44,
            "eps_latest_yearly": 0.04,
            "eps_growth_yearly": 50.26
        },
        "20122": {
            "year_quarter": 20122,
            "year": 2012,
            "quarter": 2,
            "eps": 0.2,
            "eps_growth_year": -87.62,
            "eps_4q": 3.82,
            "eps_4q_growth_year": -19.46,
            "roe": 1,
            "roe_4q": 17.919999999999998,
            "gross_profit": 199954,
            "gross_margin": 15.24,
            "gross_margin_4q_avg": 19.31,
            "net_income": 16751,
            "net_income_4q": null,
            "revenue": 1311813,
            "revenue_4q": null,
            "common_shares": 762021,
            "book_valuer_per_share": 20.97,
            "book_valuer_per_share_4q_avg": 22.38,
            "equity": 1612648,
            "current_ratio": 190.38,
            "debt_ratio": 62.26,
            "inventory_turnover_ratio": 0.69,
            "account_receivable_turnover_ratio": 1.09,
            "reinvestment_rate": 2.02,
            "research_to_sale_ratio": null,
            "price_fair": 147.8,
            "eps_avg_yearly": 4.22,
            "eps_latest_yearly": 0.8,
            "eps_growth_yearly": 600.26
        },
        "20123": {
            "year_quarter": 20123,
            "year": 2012,
            "quarter": 3,
            "eps": 0.09,
            "eps_growth_year": -97.52,
            "eps_4q": 0.6,
            "eps_4q_growth_year": -91.8,
            "roe": 0.47,
            "roe_4q": 2.6,
            "gross_profit": 164169,
            "gross_margin": 14.66,
            "gross_margin_4q_avg": 17.06,
            "net_income": 7618,
            "net_income_4q": null,
            "revenue": 1120005,
            "revenue_4q": null,
            "common_shares": 876085,
            "book_valuer_per_share": 18.16,
            "book_valuer_per_share_4q_avg": 21.21,
            "equity": 1605276,
            "current_ratio": 190.81,
            "debt_ratio": 62.19,
            "inventory_turnover_ratio": 0.62,
            "account_receivable_turnover_ratio": 0.75,
            "reinvestment_rate": 1.47,
            "research_to_sale_ratio": null,
            "price_fair": 137.7,
            "eps_avg_yearly": 3.93,
            "eps_latest_yearly": 0.36,
            "eps_growth_yearly": 580.38
        },
        "20124": {
            "year_quarter": 20124,
            "year": 2012,
            "quarter": 4,
            "eps": -0.47,
            "eps_growth_year": -235.38,
            "eps_4q": -0.17,
            "eps_4q_growth_year": -102.58,
            "roe": -2.62,
            "roe_4q": -1.1000000000000003,
            "gross_profit": 92364,
            "gross_margin": 10.55,
            "gross_margin_4q_avg": 14.71,
            "net_income": -41455,
            "net_income_4q": null,
            "revenue": 875642,
            "revenue_4q": null,
            "common_shares": 876085,
            "book_valuer_per_share": 17.67,
            "book_valuer_per_share_4q_avg": 19.86,
            "equity": 1561961,
            "current_ratio": 208,
            "debt_ratio": 58.9,
            "inventory_turnover_ratio": 0.59,
            "account_receivable_turnover_ratio": 0.66,
            "reinvestment_rate": 3.59,
            "research_to_sale_ratio": null,
            "price_fair": 137.7,
            "eps_avg_yearly": 3.93,
            "eps_latest_yearly": 0.36,
            "eps_growth_yearly": 580.38
        },
        "20131": {
            "year_quarter": 20131,
            "year": 2013,
            "quarter": 1,
            "eps": -0.15,
            "eps_growth_year": -1600,
            "eps_4q": -0.34,
            "eps_4q_growth_year": -105.84,
            "roe": -0.89,
            "roe_4q": -2.04,
            "gross_profit": 110836,
            "gross_margin": 12.07,
            "gross_margin_4q_avg": 13.13,
            "net_income": -14082,
            "net_income_4q": null,
            "revenue": 918121,
            "revenue_4q": null,
            "common_shares": 876085,
            "book_valuer_per_share": 18.02,
            "book_valuer_per_share_4q_avg": 18.71,
            "equity": 1592243,
            "current_ratio": 197.75,
            "debt_ratio": 60.34,
            "inventory_turnover_ratio": 0.72,
            "account_receivable_turnover_ratio": 0.81,
            "reinvestment_rate": 9.18,
            "research_to_sale_ratio": null,
            "price_fair": 137.7,
            "eps_avg_yearly": 3.93,
            "eps_latest_yearly": 0.36,
            "eps_growth_yearly": 580.38
        },
        "20132": {
            "year_quarter": 20132,
            "year": 2013,
            "quarter": 2,
            "eps": 0.4,
            "eps_growth_year": 104.18,
            "eps_4q": -0.13,
            "eps_4q_growth_year": -103.4,
            "roe": 2.16,
            "roe_4q": -0.8800000000000001,
            "gross_profit": 202121,
            "gross_margin": 16.27,
            "gross_margin_4q_avg": 13.39,
            "net_income": 34751,
            "net_income_4q": null,
            "revenue": 1242085,
            "revenue_4q": null,
            "common_shares": 876085,
            "book_valuer_per_share": 18.37,
            "book_valuer_per_share_4q_avg": 18.06,
            "equity": 1622418,
            "current_ratio": 193.69,
            "debt_ratio": 61.03,
            "inventory_turnover_ratio": 0.98,
            "account_receivable_turnover_ratio": 0.98,
            "reinvestment_rate": 10.52,
            "research_to_sale_ratio": null,
            "price_fair": 140.75,
            "eps_avg_yearly": 4.02,
            "eps_latest_yearly": 0.36,
            "eps_growth_yearly": 616.64
        },
        "20133": {
            "year_quarter": 20133,
            "year": 2013,
            "quarter": 3,
            "eps": 0.03,
            "eps_growth_year": -68.27,
            "eps_4q": -0.2,
            "eps_4q_growth_year": -132.87,
            "roe": 0.14,
            "roe_4q": -1.21,
            "gross_profit": 139262,
            "gross_margin": 14.03,
            "gross_margin_4q_avg": 13.23,
            "net_income": 2317,
            "net_income_4q": null,
            "revenue": 992934,
            "revenue_4q": null,
            "common_shares": 876085,
            "book_valuer_per_share": 18.19,
            "book_valuer_per_share_4q_avg": 18.06,
            "equity": 1606363,
            "current_ratio": 196.74,
            "debt_ratio": 60.48,
            "inventory_turnover_ratio": 0.78,
            "account_receivable_turnover_ratio": 0.73,
            "reinvestment_rate": 12.1,
            "research_to_sale_ratio": null,
            "price_fair": 133.11,
            "eps_avg_yearly": 3.8,
            "eps_latest_yearly": 0.12,
            "eps_growth_yearly": 586.42
        },
        "20134": {
            "year_quarter": 20134,
            "year": 2013,
            "quarter": 4,
            "eps": -0.03,
            "eps_growth_year": null,
            "eps_4q": 0.24,
            "eps_4q_growth_year": null,
            "roe": -0.19,
            "roe_4q": 1.2200000000000002,
            "gross_profit": 154625,
            "gross_margin": 15.83,
            "gross_margin_4q_avg": 14.55,
            "net_income": -3018,
            "net_income_4q": null,
            "revenue": 976564,
            "revenue_4q": null,
            "common_shares": 876085,
            "book_valuer_per_share": 18.48,
            "book_valuer_per_share_4q_avg": 18.27,
            "equity": 1631842,
            "current_ratio": 153.65,
            "debt_ratio": 60.49,
            "inventory_turnover_ratio": 0.72,
            "account_receivable_turnover_ratio": 0.75,
            "reinvestment_rate": 2.24,
            "research_to_sale_ratio": null,
            "price_fair": 140.58,
            "eps_avg_yearly": 4.02,
            "eps_latest_yearly": 0.12,
            "eps_growth_yearly": 654.65
        },
        "20141": {
            "year_quarter": 20141,
            "year": 2014,
            "quarter": 1,
            "eps": -0.15,
            "eps_growth_year": null,
            "eps_4q": 0.24,
            "eps_4q_growth_year": null,
            "roe": -0.87,
            "roe_4q": 1.2400000000000002,
            "gross_profit": 140858,
            "gross_margin": 16.72,
            "gross_margin_4q_avg": 15.71,
            "net_income": -14076,
            "net_income_4q": null,
            "revenue": 842221,
            "revenue_4q": null,
            "common_shares": 876085,
            "book_valuer_per_share": 18.35,
            "book_valuer_per_share_4q_avg": 18.35,
            "equity": 1619199,
            "current_ratio": 149.11,
            "debt_ratio": 61.52,
            "inventory_turnover_ratio": 0.58,
            "account_receivable_turnover_ratio": 0.7,
            "reinvestment_rate": 5.37,
            "research_to_sale_ratio": null,
            "price_fair": 144.84,
            "eps_avg_yearly": 4.14,
            "eps_latest_yearly": 0.12,
            "eps_growth_yearly": 671.94
        },
        "20142": {
            "year_quarter": 20142,
            "year": 2014,
            "quarter": 2,
            "eps": 0.02,
            "eps_growth_year": -95,
            "eps_4q": -0.14,
            "eps_4q_growth_year": null,
            "roe": 0.08,
            "roe_4q": -0.84,
            "gross_profit": 183785,
            "gross_margin": 15.48,
            "gross_margin_4q_avg": 15.52,
            "net_income": 1333,
            "net_income_4q": null,
            "revenue": 1187379,
            "revenue_4q": null,
            "common_shares": 876085,
            "book_valuer_per_share": 17.8,
            "book_valuer_per_share_4q_avg": 18.21,
            "equity": 1558751,
            "current_ratio": 154.51,
            "debt_ratio": 59.46,
            "inventory_turnover_ratio": 0.87,
            "account_receivable_turnover_ratio": 0.97,
            "reinvestment_rate": 10.12,
            "research_to_sale_ratio": null,
            "price_fair": 138.32,
            "eps_avg_yearly": 3.95,
            "eps_latest_yearly": 0.12,
            "eps_growth_yearly": 689.58
        },
        "20143": {
            "year_quarter": 20143,
            "year": 2014,
            "quarter": 3,
            "eps": 0.14,
            "eps_growth_year": 366.67,
            "eps_4q": -0.03,
            "eps_4q_growth_year": null,
            "roe": 0.77,
            "roe_4q": -0.21000000000000002,
            "gross_profit": 167993,
            "gross_margin": 14.53,
            "gross_margin_4q_avg": 15.64,
            "net_income": 12185,
            "net_income_4q": null,
            "revenue": 1156145,
            "revenue_4q": null,
            "common_shares": 876085,
            "book_valuer_per_share": 18.32,
            "book_valuer_per_share_4q_avg": 18.24,
            "equity": 1604512,
            "current_ratio": 148.59,
            "debt_ratio": 60.83,
            "inventory_turnover_ratio": 0.87,
            "account_receivable_turnover_ratio": 0.83,
            "reinvestment_rate": 21.03,
            "research_to_sale_ratio": null,
            "price_fair": 120.26,
            "eps_avg_yearly": 3.44,
            "eps_latest_yearly": 0.56,
            "eps_growth_yearly": 931.45
        },
        "20144": {
            "year_quarter": 20144,
            "year": 2014,
            "quarter": 4,
            "eps": -1.5,
            "eps_growth_year": null,
            "eps_4q": -1.49,
            "eps_4q_growth_year": -713.84,
            "roe": -8.4,
            "roe_4q": -8.42,
            "gross_profit": 187988,
            "gross_margin": 16.06,
            "gross_margin_4q_avg": 15.7,
            "net_income": -131072,
            "net_income_4q": null,
            "revenue": 1170559,
            "revenue_4q": null,
            "common_shares": 876085,
            "book_valuer_per_share": 17.31,
            "book_valuer_per_share_4q_avg": 17.95,
            "equity": 1516577,
            "current_ratio": 132.92,
            "debt_ratio": 65.95,
            "inventory_turnover_ratio": 0.76,
            "account_receivable_turnover_ratio": 0.77,
            "reinvestment_rate": 55.3,
            "research_to_sale_ratio": null,
            "price_fair": 113.09,
            "eps_avg_yearly": 3.23,
            "eps_latest_yearly": 0.56,
            "eps_growth_yearly": 1038.36
        },
        "20151": {
            "year_quarter": 20151,
            "year": 2015,
            "quarter": 1,
            "eps": -0.45,
            "eps_growth_year": null,
            "eps_4q": -1.79,
            "eps_4q_growth_year": -833.73,
            "roe": -2.63,
            "roe_4q": -10.180000000000001,
            "gross_profit": 143593,
            "gross_margin": 15.08,
            "gross_margin_4q_avg": 15.29,
            "net_income": -39309,
            "net_income_4q": null,
            "revenue": 952165,
            "revenue_4q": null,
            "common_shares": 876085,
            "book_valuer_per_share": 16.79,
            "book_valuer_per_share_4q_avg": 17.56,
            "equity": 1470491,
            "current_ratio": 129.62,
            "debt_ratio": 67.41,
            "inventory_turnover_ratio": 0.58,
            "account_receivable_turnover_ratio": 0.63,
            "reinvestment_rate": 76.48,
            "research_to_sale_ratio": null,
            "price_fair": 108.85,
            "eps_avg_yearly": 3.11,
            "eps_latest_yearly": 0.56,
            "eps_growth_yearly": 1178.38
        },
        "20152": {
            "year_quarter": 20152,
            "year": 2015,
            "quarter": 2,
            "eps": 0.18,
            "eps_growth_year": 800,
            "eps_4q": -1.63,
            "eps_4q_growth_year": null,
            "roe": 1.05,
            "roe_4q": -9.21,
            "gross_profit": 198656,
            "gross_margin": 17.52,
            "gross_margin_4q_avg": 15.8,
            "net_income": 15496,
            "net_income_4q": null,
            "revenue": 1133654,
            "revenue_4q": null,
            "common_shares": 876085,
            "book_valuer_per_share": 16.76,
            "book_valuer_per_share_4q_avg": 17.3,
            "equity": 1467626,
            "current_ratio": 136.51,
            "debt_ratio": 63.82,
            "inventory_turnover_ratio": 0.73,
            "account_receivable_turnover_ratio": 0.8,
            "reinvestment_rate": 107.09,
            "research_to_sale_ratio": null,
            "price_fair": 92.8,
            "eps_avg_yearly": 2.65,
            "eps_latest_yearly": 0.56,
            "eps_growth_yearly": 1317.88
        },
        "20153": {
            "year_quarter": 20153,
            "year": 2015,
            "quarter": 3,
            "eps": -0.95,
            "eps_growth_year": -778.57,
            "eps_4q": -2.72,
            "eps_4q_growth_year": null,
            "roe": -5.77,
            "roe_4q": -15.75,
            "gross_profit": 123328,
            "gross_margin": 13.66,
            "gross_margin_4q_avg": 15.58,
            "net_income": -83655,
            "net_income_4q": null,
            "revenue": 902830,
            "revenue_4q": null,
            "common_shares": 876085,
            "book_valuer_per_share": 16.37,
            "book_valuer_per_share_4q_avg": 16.81,
            "equity": 1433468,
            "current_ratio": 137.04,
            "debt_ratio": 62.65,
            "inventory_turnover_ratio": 0.69,
            "account_receivable_turnover_ratio": 0.67,
            "reinvestment_rate": null,
            "research_to_sale_ratio": null,
            "price_fair": 19.13,
            "eps_avg_yearly": 0.55,
            "eps_latest_yearly": 0.56,
            "eps_growth_yearly": 1443.01
        },
        "20154": {
            "year_quarter": 20154,
            "year": 2015,
            "quarter": 4,
            "eps": -0.47,
            "eps_growth_year": null,
            "eps_4q": -1.7,
            "eps_4q_growth_year": null,
            "roe": -2.94,
            "roe_4q": -10.29,
            "gross_profit": 150609,
            "gross_margin": 19.14,
            "gross_margin_4q_avg": 16.35,
            "net_income": -41193,
            "net_income_4q": null,
            "revenue": 786749,
            "revenue_4q": null,
            "common_shares": 876085,
            "book_valuer_per_share": 15.6,
            "book_valuer_per_share_4q_avg": 16.38,
            "equity": 1366026,
            "current_ratio": 136.39,
            "debt_ratio": 61.32,
            "inventory_turnover_ratio": 0.63,
            "account_receivable_turnover_ratio": 0.69,
            "reinvestment_rate": null,
            "research_to_sale_ratio": null,
            "price_fair": 13.16,
            "eps_avg_yearly": 0.38,
            "eps_latest_yearly": 0.56,
            "eps_growth_yearly": 1804.29
        },
        "20161": {
            "year_quarter": 20161,
            "year": 2016,
            "quarter": 1,
            "eps": -0.25,
            "eps_growth_year": null,
            "eps_4q": -1.5,
            "eps_4q_growth_year": null,
            "roe": -1.64,
            "roe_4q": -9.299999999999999,
            "gross_profit": 105174,
            "gross_margin": 12.54,
            "gross_margin_4q_avg": 15.72,
            "net_income": -22231,
            "net_income_4q": null,
            "revenue": 838806,
            "revenue_4q": null,
            "common_shares": 876085,
            "book_valuer_per_share": 15.3,
            "book_valuer_per_share_4q_avg": 16.01,
            "equity": 1339737,
            "current_ratio": 135.44,
            "debt_ratio": 61.64,
            "inventory_turnover_ratio": 0.85,
            "account_receivable_turnover_ratio": 0.85,
            "reinvestment_rate": null,
            "research_to_sale_ratio": null,
            "price_fair": 16.1,
            "eps_avg_yearly": 0.46,
            "eps_latest_yearly": 0.56,
            "eps_growth_yearly": 2352.5
        },
        "20162": {
            "year_quarter": 20162,
            "year": 2016,
            "quarter": 2,
            "eps": 0.05,
            "eps_growth_year": -72.22,
            "eps_4q": -1.63,
            "eps_4q_growth_year": null,
            "roe": 0.37,
            "roe_4q": -9.98,
            "gross_profit": 162843,
            "gross_margin": 17.43,
            "gross_margin_4q_avg": 15.69,
            "net_income": 4946,
            "net_income_4q": null,
            "revenue": 934304,
            "revenue_4q": null,
            "common_shares": 876085,
            "book_valuer_per_share": 15.18,
            "book_valuer_per_share_4q_avg": 15.61,
            "equity": 1330215,
            "current_ratio": 134.34,
            "debt_ratio": 61.56,
            "inventory_turnover_ratio": 0.99,
            "account_receivable_turnover_ratio": 0.91,
            "reinvestment_rate": null,
            "research_to_sale_ratio": null,
            "price_fair": 12.13,
            "eps_avg_yearly": 0.35,
            "eps_latest_yearly": 0.56,
            "eps_growth_yearly": 603.33
        },
        "20163": {
            "year_quarter": 20163,
            "year": 2016,
            "quarter": 3,
            "eps": 0.32,
            "eps_growth_year": null,
            "eps_4q": -0.35,
            "eps_4q_growth_year": null,
            "roe": 2.1,
            "roe_4q": -2.1099999999999994,
            "gross_profit": 149663,
            "gross_margin": 15.51,
            "gross_margin_4q_avg": 16.16,
            "net_income": 27872,
            "net_income_4q": null,
            "revenue": 964800,
            "revenue_4q": null,
            "common_shares": 876085,
            "book_valuer_per_share": 15.18,
            "book_valuer_per_share_4q_avg": 15.32,
            "equity": 1330295,
            "current_ratio": 139.08,
            "debt_ratio": 58.99,
            "inventory_turnover_ratio": 1.17,
            "account_receivable_turnover_ratio": 0.87,
            "reinvestment_rate": null,
            "research_to_sale_ratio": null,
            "price_fair": 22.87,
            "eps_avg_yearly": 0.65,
            "eps_latest_yearly": 1.28,
            "eps_growth_yearly": 1396.67
        },
        "20164": {
            "year_quarter": 20164,
            "year": 2016,
            "quarter": 4,
            "eps": 0.22,
            "eps_growth_year": null,
            "eps_4q": 0.33,
            "eps_4q_growth_year": null,
            "roe": 1.41,
            "roe_4q": 2.24,
            "gross_profit": 169966,
            "gross_margin": 18.94,
            "gross_margin_4q_avg": 16.11,
            "net_income": 18811,
            "net_income_4q": null,
            "revenue": 897405,
            "revenue_4q": null,
            "common_shares": 876085,
            "book_valuer_per_share": 15.34,
            "book_valuer_per_share_4q_avg": 15.25,
            "equity": 1343657,
            "current_ratio": 157.29,
            "debt_ratio": 56.01,
            "inventory_turnover_ratio": 1.22,
            "account_receivable_turnover_ratio": 0.77,
            "reinvestment_rate": null,
            "research_to_sale_ratio": null,
            "price_fair": 24.85,
            "eps_avg_yearly": 0.71,
            "eps_latest_yearly": 0.88,
            "eps_growth_yearly": 1016.25
        },
        "20171": {
            "year_quarter": 20171,
            "year": 2017,
            "quarter": 1,
            "eps": 0.35,
            "eps_growth_year": null,
            "eps_4q": 0.94,
            "eps_4q_growth_year": null,
            "roe": 2.29,
            "roe_4q": 6.170000000000001,
            "gross_profit": 167891,
            "gross_margin": 19.18,
            "gross_margin_4q_avg": 17.77,
            "net_income": 30723,
            "net_income_4q": null,
            "revenue": 875544,
            "revenue_4q": null,
            "common_shares": 876085,
            "book_valuer_per_share": 15.24,
            "book_valuer_per_share_4q_avg": 15.24,
            "equity": 1334738,
            "current_ratio": 170.72,
            "debt_ratio": 52.38,
            "inventory_turnover_ratio": 1.28,
            "account_receivable_turnover_ratio": 0.75,
            "reinvestment_rate": null,
            "research_to_sale_ratio": null,
            "price_fair": 29.68,
            "eps_avg_yearly": 0.85,
            "eps_latest_yearly": 1.4,
            "eps_growth_yearly": 860.27
        },
        "20172": {
            "year_quarter": 20172,
            "year": 2017,
            "quarter": 2,
            "eps": 0.61,
            "eps_growth_year": 1120,
            "eps_4q": 1.5,
            "eps_4q_growth_year": null,
            "roe": 3.95,
            "roe_4q": 9.75,
            "gross_profit": 174103,
            "gross_margin": 17.8,
            "gross_margin_4q_avg": 17.86,
            "net_income": 53831,
            "net_income_4q": null,
            "revenue": 978084,
            "revenue_4q": null,
            "common_shares": 876085,
            "book_valuer_per_share": 15.88,
            "book_valuer_per_share_4q_avg": 15.41,
            "equity": 1391651,
            "current_ratio": 174.05,
            "debt_ratio": 51.34,
            "inventory_turnover_ratio": 1.47,
            "account_receivable_turnover_ratio": 0.84,
            "reinvestment_rate": null,
            "research_to_sale_ratio": null,
            "price_fair": 38.97,
            "eps_avg_yearly": 1.11,
            "eps_latest_yearly": 2.44,
            "eps_growth_yearly": 766.42
        },
        "20173": {
            "year_quarter": 20173,
            "year": 2017,
            "quarter": 3,
            "eps": 0.63,
            "eps_growth_year": 96.88,
            "eps_4q": 1.79,
            "eps_4q_growth_year": null,
            "roe": 3.84,
            "roe_4q": 11.49,
            "gross_profit": 183501,
            "gross_margin": 18.39,
            "gross_margin_4q_avg": 18.58,
            "net_income": 55129,
            "net_income_4q": null,
            "revenue": 997980,
            "revenue_4q": null,
            "common_shares": 885735,
            "book_valuer_per_share": 16.68,
            "book_valuer_per_share_4q_avg": 15.79,
            "equity": 1477574,
            "current_ratio": 176.93,
            "debt_ratio": 50.44,
            "inventory_turnover_ratio": 1.53,
            "account_receivable_turnover_ratio": 0.8,
            "reinvestment_rate": null,
            "research_to_sale_ratio": null,
            "price_fair": 52.97,
            "eps_avg_yearly": 1.51,
            "eps_latest_yearly": 2.52,
            "eps_growth_yearly": 830.27
        },
        "20174": {
            "year_quarter": 20174,
            "year": 2017,
            "quarter": 4,
            "eps": 0.44,
            "eps_growth_year": 105.82,
            "eps_4q": 2.02,
            "eps_4q_growth_year": 506.86,
            "roe": 2.62,
            "roe_4q": 12.7,
            "gross_profit": 170755,
            "gross_margin": 18.29,
            "gross_margin_4q_avg": 18.42,
            "net_income": 39413,
            "net_income_4q": null,
            "revenue": 933827,
            "revenue_4q": null,
            "common_shares": 888425,
            "book_valuer_per_share": 17.17,
            "book_valuer_per_share_4q_avg": 16.24,
            "equity": 1525313,
            "current_ratio": 174.71,
            "debt_ratio": 51.32,
            "inventory_turnover_ratio": 1.38,
            "account_receivable_turnover_ratio": 0.73,
            "reinvestment_rate": null,
            "research_to_sale_ratio": null,
            "price_fair": 54.2,
            "eps_avg_yearly": 1.55,
            "eps_latest_yearly": 1.76,
            "eps_growth_yearly": 694.43
        },
        "20181": {
            "year_quarter": 20181,
            "year": 2018,
            "quarter": 1,
            "eps": 0.68,
            "eps_growth_year": 94.29,
            "eps_4q": 2.34,
            "eps_4q_growth_year": 150.5,
            "roe": 3.85,
            "roe_4q": 14.260000000000002,
            "gross_profit": 180026,
            "gross_margin": 19.69,
            "gross_margin_4q_avg": 18.54,
            "net_income": 60045,
            "net_income_4q": null,
            "revenue": 914325,
            "revenue_4q": null,
            "common_shares": 889125,
            "book_valuer_per_share": 17.94,
            "book_valuer_per_share_4q_avg": 16.92,
            "equity": 1595049,
            "current_ratio": 192.95,
            "debt_ratio": 46.63,
            "inventory_turnover_ratio": 1.28,
            "account_receivable_turnover_ratio": 0.74,
            "reinvestment_rate": 6085.27,
            "research_to_sale_ratio": null,
            "price_fair": 59.33,
            "eps_avg_yearly": 1.7,
            "eps_latest_yearly": 2.72,
            "eps_growth_yearly": 634.9
        },
        "20182": {
            "year_quarter": 20182,
            "year": 2018,
            "quarter": 2,
            "eps": 0.55,
            "eps_growth_year": -9.84,
            "eps_4q": 2.29,
            "eps_4q_growth_year": 52.52,
            "roe": 3.05,
            "roe_4q": 13.36,
            "gross_profit": 202590,
            "gross_margin": 19.77,
            "gross_margin_4q_avg": 19.04,
            "net_income": 48699,
            "net_income_4q": null,
            "revenue": 1024688,
            "revenue_4q": null,
            "common_shares": 889125,
            "book_valuer_per_share": 18.02,
            "book_valuer_per_share_4q_avg": 17.45,
            "equity": 1601882,
            "current_ratio": 185.07,
            "debt_ratio": 48.54,
            "inventory_turnover_ratio": 1.41,
            "account_receivable_turnover_ratio": 0.83,
            "reinvestment_rate": 186.28,
            "research_to_sale_ratio": null,
            "price_fair": 61.29,
            "eps_avg_yearly": 1.75,
            "eps_latest_yearly": 2.2,
            "eps_growth_yearly": 555.86
        },
        "20183": {
            "year_quarter": 20183,
            "year": 2018,
            "quarter": 3,
            "eps": 0.16,
            "eps_growth_year": -74.6,
            "eps_4q": 1.82,
            "eps_4q_growth_year": 1.51,
            "roe": 0.87,
            "roe_4q": 10.39,
            "gross_profit": 167467,
            "gross_margin": 18.15,
            "gross_margin_4q_avg": 18.98,
            "net_income": 13989,
            "net_income_4q": null,
            "revenue": 922737,
            "revenue_4q": null,
            "common_shares": 892255,
            "book_valuer_per_share": 17.91,
            "book_valuer_per_share_4q_avg": 17.76,
            "equity": 1597882,
            "current_ratio": 182.14,
            "debt_ratio": 49.39,
            "inventory_turnover_ratio": 1.17,
            "account_receivable_turnover_ratio": 0.77,
            "reinvestment_rate": 68.6,
            "research_to_sale_ratio": null,
            "price_fair": 61.6,
            "eps_avg_yearly": 1.76,
            "eps_latest_yearly": 0.64,
            "eps_growth_yearly": 257.67
        },
        "20184": {
            "year_quarter": 20184,
            "year": 2018,
            "quarter": 4,
            "eps": -0.1,
            "eps_growth_year": -122.64,
            "eps_4q": 1.28,
            "eps_4q_growth_year": -36.75,
            "roe": -0.56,
            "roe_4q": 7.21,
            "gross_profit": 128005,
            "gross_margin": 15.91,
            "gross_margin_4q_avg": 18.38,
            "net_income": -8962,
            "net_income_4q": null,
            "revenue": 804375,
            "revenue_4q": null,
            "common_shares": 892255,
            "book_valuer_per_share": 17.86,
            "book_valuer_per_share_4q_avg": 17.93,
            "equity": 1593445,
            "current_ratio": 183.94,
            "debt_ratio": 49.45,
            "inventory_turnover_ratio": 0.95,
            "account_receivable_turnover_ratio": 0.71,
            "reinvestment_rate": -19.08,
            "research_to_sale_ratio": null,
            "price_fair": 61.6,
            "eps_avg_yearly": 1.76,
            "eps_latest_yearly": 0.64,
            "eps_growth_yearly": 257.67
        },
        "20191": {
            "year_quarter": 20191,
            "year": 2019,
            "quarter": 1,
            "eps": 0.25,
            "eps_growth_year": -63.24,
            "eps_4q": 0.86,
            "eps_4q_growth_year": -63.51,
            "roe": 1.4,
            "roe_4q": 4.76,
            "gross_profit": 120848,
            "gross_margin": 16.29,
            "gross_margin_4q_avg": 17.53,
            "net_income": 22600,
            "net_income_4q": null,
            "revenue": 741945,
            "revenue_4q": null,
            "common_shares": 892255,
            "book_valuer_per_share": 18.34,
            "book_valuer_per_share_4q_avg": 18.03,
            "equity": 1636476,
            "current_ratio": 190.8,
            "debt_ratio": 47.34,
            "inventory_turnover_ratio": 0.9,
            "account_receivable_turnover_ratio": 0.7,
            "reinvestment_rate": -11.9,
            "research_to_sale_ratio": null,
            "price_fair": 61.6,
            "eps_avg_yearly": 1.76,
            "eps_latest_yearly": 0.64,
            "eps_growth_yearly": 257.67
        },
        "20192": {
            "year_quarter": 20192,
            "year": 2019,
            "quarter": 2,
            "eps": -0.07,
            "eps_growth_year": -112.73,
            "eps_4q": 0.24,
            "eps_4q_growth_year": -89.36,
            "roe": -0.37,
            "roe_4q": 1.3399999999999999,
            "gross_profit": 126224,
            "gross_margin": 15.15,
            "gross_margin_4q_avg": 16.38,
            "net_income": -5921,
            "net_income_4q": null,
            "revenue": 832993,
            "revenue_4q": null,
            "common_shares": 892255,
            "book_valuer_per_share": 17.69,
            "book_valuer_per_share_4q_avg": 17.95,
            "equity": 1578334,
            "current_ratio": 181.85,
            "debt_ratio": 49.61,
            "inventory_turnover_ratio": 1.06,
            "account_receivable_turnover_ratio": 0.79,
            "reinvestment_rate": -9.1,
            "research_to_sale_ratio": null,
            "price_fair": 61.6,
            "eps_avg_yearly": 1.76,
            "eps_latest_yearly": 0.64,
            "eps_growth_yearly": 257.67
        },
        "20193": {
            "year_quarter": 20193,
            "year": 2019,
            "quarter": 3,
            "eps": -0.55,
            "eps_growth_year": -443.75,
            "eps_4q": -0.46,
            "eps_4q_growth_year": -125.28,
            "roe": -3.15,
            "roe_4q": -2.68,
            "gross_profit": 68439,
            "gross_margin": 10.24,
            "gross_margin_4q_avg": 14.4,
            "net_income": -48707,
            "net_income_4q": null,
            "revenue": 668073,
            "revenue_4q": null,
            "common_shares": 892255,
            "book_valuer_per_share": 16.95,
            "book_valuer_per_share_4q_avg": 17.71,
            "equity": 1512598,
            "current_ratio": 204.93,
            "debt_ratio": 42.66,
            "inventory_turnover_ratio": 0.91,
            "account_receivable_turnover_ratio": 0.66,
            "reinvestment_rate": -14.03,
            "research_to_sale_ratio": null,
            "price_fair": 61.6,
            "eps_avg_yearly": 1.76,
            "eps_latest_yearly": 0.64,
            "eps_growth_yearly": 257.67
        },
        "20194": {
            "year_quarter": 20194,
            "year": 2019,
            "quarter": 4,
            "eps": -0.37,
            "eps_growth_year": null,
            "eps_4q": -0.66,
            "eps_4q_growth_year": -151.58,
            "roe": -2.43,
            "roe_4q": -4.550000000000001,
            "gross_profit": 89976,
            "gross_margin": 13.37,
            "gross_margin_4q_avg": 13.76,
            "net_income": -41789,
            "net_income_4q": null,
            "revenue": 672744,
            "revenue_4q": null,
            "common_shares": 1122255,
            "book_valuer_per_share": 17.15,
            "book_valuer_per_share_4q_avg": 17.53,
            "equity": 1924476,
            "current_ratio": 244.43,
            "debt_ratio": 35.83,
            "inventory_turnover_ratio": 0.95,
            "account_receivable_turnover_ratio": 0.77,
            "reinvestment_rate": -10.67,
            "research_to_sale_ratio": null,
            "price_fair": 61.6,
            "eps_avg_yearly": 1.76,
            "eps_latest_yearly": 0.64,
            "eps_growth_yearly": 257.67
        },
        "20201": {
            "year_quarter": 20201,
            "year": 2020,
            "quarter": 1,
            "eps": 0.1,
            "eps_growth_year": -60,
            "eps_4q": -0.76,
            "eps_4q_growth_year": -189.21,
            "roe": 0.56,
            "roe_4q": -5.39,
            "gross_profit": 120361,
            "gross_margin": 19.02,
            "gross_margin_4q_avg": 14.45,
            "net_income": 10777,
            "net_income_4q": null,
            "revenue": 632795,
            "revenue_4q": null,
            "common_shares": 1122255,
            "book_valuer_per_share": 17.19,
            "book_valuer_per_share_4q_avg": 17.25,
            "equity": 1928861,
            "current_ratio": 245.68,
            "debt_ratio": 35.84,
            "inventory_turnover_ratio": 0.93,
            "account_receivable_turnover_ratio": 0.77,
            "reinvestment_rate": -9.67,
            "research_to_sale_ratio": null,
            "price_fair": 61.6,
            "eps_avg_yearly": 1.76,
            "eps_latest_yearly": 0.64,
            "eps_growth_yearly": 257.67
        },
        "20202": {
            "year_quarter": 20202,
            "year": 2020,
            "quarter": 2,
            "eps": 0.2,
            "eps_growth_year": null,
            "eps_4q": -0.51,
            "eps_4q_growth_year": -310.02,
            "roe": 1.17,
            "roe_4q": -3.85,
            "gross_profit": 116509,
            "gross_margin": 16.13,
            "gross_margin_4q_avg": 14.69,
            "net_income": 22380,
            "net_income_4q": null,
            "revenue": 722527,
            "revenue_4q": null,
            "common_shares": 1122255,
            "book_valuer_per_share": 17.01,
            "book_valuer_per_share_4q_avg": 17.08,
            "equity": 1909296,
            "current_ratio": 236.38,
            "debt_ratio": 37.33,
            "inventory_turnover_ratio": 1.13,
            "account_receivable_turnover_ratio": 0.82,
            "reinvestment_rate": -7.63,
            "research_to_sale_ratio": null,
            "price_fair": 58.24,
            "eps_avg_yearly": 1.66,
            "eps_latest_yearly": 0.8,
            "eps_growth_yearly": 271.91
        },
        "20203": {
            "year_quarter": 20203,
            "year": 2020,
            "quarter": 3,
            "eps": 0.25,
            "eps_growth_year": null,
            "eps_4q": 0.17,
            "eps_4q_growth_year": null,
            "roe": 1.43,
            "roe_4q": 0.7299999999999995,
            "gross_profit": 121192,
            "gross_margin": 18.73,
            "gross_margin_4q_avg": 16.81,
            "net_income": 27522,
            "net_income_4q": null,
            "revenue": 647016,
            "revenue_4q": null,
            "common_shares": 1122505,
            "book_valuer_per_share": 17.31,
            "book_valuer_per_share_4q_avg": 17.17,
            "equity": 1943506,
            "current_ratio": 317.46,
            "debt_ratio": 28.16,
            "inventory_turnover_ratio": 0.98,
            "account_receivable_turnover_ratio": 0.73,
            "reinvestment_rate": -2.11,
            "research_to_sale_ratio": null,
            "price_fair": 57.26,
            "eps_avg_yearly": 1.64,
            "eps_latest_yearly": 1,
            "eps_growth_yearly": 65.91
        },
        "20204": {
            "year_quarter": 20204,
            "year": 2020,
            "quarter": 4,
            "eps": 0.24,
            "eps_growth_year": null,
            "eps_4q": 0.78,
            "eps_4q_growth_year": null,
            "roe": 1.35,
            "roe_4q": 4.51,
            "gross_profit": 122319,
            "gross_margin": 16.26,
            "gross_margin_4q_avg": 17.54,
            "net_income": 26501,
            "net_income_4q": null,
            "revenue": 752110,
            "revenue_4q": null,
            "common_shares": 1122505,
            "book_valuer_per_share": 17.55,
            "book_valuer_per_share_4q_avg": 17.27,
            "equity": 1970415,
            "current_ratio": 316.41,
            "debt_ratio": 28.61,
            "inventory_turnover_ratio": 1.29,
            "account_receivable_turnover_ratio": 0.85,
            "reinvestment_rate": -18.64,
            "research_to_sale_ratio": null,
            "price_fair": 57.54,
            "eps_avg_yearly": 1.64,
            "eps_latest_yearly": 0.96,
            "eps_growth_yearly": 76.81
        },
        "20211": {
            "year_quarter": 20211,
            "year": 2021,
            "quarter": 1,
            "eps": 0.44,
            "eps_growth_year": 340,
            "eps_4q": 1.12,
            "eps_4q_growth_year": null,
            "roe": 2.46,
            "roe_4q": 6.41,
            "gross_profit": 169267,
            "gross_margin": 19.28,
            "gross_margin_4q_avg": 17.6,
            "net_income": 49199,
            "net_income_4q": null,
            "revenue": 878085,
            "revenue_4q": null,
            "common_shares": 1122505,
            "book_valuer_per_share": 18.01,
            "book_valuer_per_share_4q_avg": 17.47,
            "equity": 2022020,
            "current_ratio": 288.73,
            "debt_ratio": 31.25,
            "inventory_turnover_ratio": 1.67,
            "account_receivable_turnover_ratio": 0.87,
            "reinvestment_rate": -12.74,
            "research_to_sale_ratio": null,
            "price_fair": 58.8,
            "eps_avg_yearly": 1.68,
            "eps_latest_yearly": 1.76,
            "eps_growth_yearly": 86.5
        },
        "20212": {
            "year_quarter": 20212,
            "year": 2021,
            "quarter": 2,
            "eps": 0.37,
            "eps_growth_year": 85,
            "eps_4q": 1.29,
            "eps_4q_growth_year": null,
            "roe": 2.06,
            "roe_4q": 7.299999999999999,
            "gross_profit": 171032,
            "gross_margin": 17.56,
            "gross_margin_4q_avg": 17.96,
            "net_income": 41247,
            "net_income_4q": null,
            "revenue": 974073,
            "revenue_4q": null,
            "common_shares": 1122505,
            "book_valuer_per_share": 17.73,
            "book_valuer_per_share_4q_avg": 17.65,
            "equity": 1989864,
            "current_ratio": 237.67,
            "debt_ratio": 35.01,
            "inventory_turnover_ratio": 1.8,
            "account_receivable_turnover_ratio": 0.84,
            "reinvestment_rate": -38.21,
            "research_to_sale_ratio": null,
            "price_fair": 55.44,
            "eps_avg_yearly": 1.58,
            "eps_latest_yearly": 1.48,
            "eps_growth_yearly": 50.43
        },
        "20213": {
            "year_quarter": 20213,
            "year": 2021,
            "quarter": 3,
            "eps": 0.28,
            "eps_growth_year": 12,
            "eps_4q": 1.33,
            "eps_4q_growth_year": 688.28,
            "roe": 1.59,
            "roe_4q": 7.460000000000001,
            "gross_profit": 155266,
            "gross_margin": 17.05,
            "gross_margin_4q_avg": 17.54,
            "net_income": 31958,
            "net_income_4q": null,
            "revenue": 910763,
            "revenue_4q": null,
            "common_shares": 1122505,
            "book_valuer_per_share": 18,
            "book_valuer_per_share_4q_avg": 17.82,
            "equity": 2020357,
            "current_ratio": 259.65,
            "debt_ratio": 32.17,
            "inventory_turnover_ratio": 1.53,
            "account_receivable_turnover_ratio": 0.76,
            "reinvestment_rate": 47.45,
            "research_to_sale_ratio": null,
            "price_fair": 50.54,
            "eps_avg_yearly": 1.44,
            "eps_latest_yearly": 1.12,
            "eps_growth_yearly": 39.38
        },
        "20214": {
            "year_quarter": 20214,
            "year": 2021,
            "quarter": 4,
            "eps": 0.23,
            "eps_growth_year": -3.81,
            "eps_4q": 1.32,
            "eps_4q_growth_year": 69.64,
            "roe": 1.25,
            "roe_4q": 7.36,
            "gross_profit": 141604,
            "gross_margin": 17.88,
            "gross_margin_4q_avg": 17.94,
            "net_income": 25491,
            "net_income_4q": null,
            "revenue": 792065,
            "revenue_4q": null,
            "common_shares": 1122505,
            "book_valuer_per_share": 18.29,
            "book_valuer_per_share_4q_avg": 18.01,
            "equity": 2053094,
            "current_ratio": 284.51,
            "debt_ratio": 32.75,
            "inventory_turnover_ratio": 1.13,
            "account_receivable_turnover_ratio": 0.7,
            "reinvestment_rate": -33.69,
            "research_to_sale_ratio": null,
            "price_fair": 47.6,
            "eps_avg_yearly": 1.36,
            "eps_latest_yearly": 0.92,
            "eps_growth_yearly": 44.3
        },
        "20221": {
            "year_quarter": 20221,
            "year": 2022,
            "quarter": 1,
            "eps": 0.35,
            "eps_growth_year": -20.45,
            "eps_4q": 1.23,
            "eps_4q_growth_year": 10.29,
            "roe": 2.02,
            "roe_4q": 6.92,
            "gross_profit": 169449,
            "gross_margin": 18.13,
            "gross_margin_4q_avg": 17.66,
            "net_income": 41957,
            "net_income_4q": null,
            "revenue": 934706,
            "revenue_4q": null,
            "common_shares": 1122505,
            "book_valuer_per_share": 18,
            "book_valuer_per_share_4q_avg": 18.01,
            "equity": 2102410,
            "current_ratio": 222.11,
            "debt_ratio": 40.76,
            "inventory_turnover_ratio": 1.04,
            "account_receivable_turnover_ratio": 0.81,
            "reinvestment_rate": -22.79,
            "research_to_sale_ratio": null,
            "price_fair": 42.98,
            "eps_avg_yearly": 1.23,
            "eps_latest_yearly": 1.4,
            "eps_growth_yearly": 43.36
        },
        "20222": {
            "year_quarter": 20222,
            "year": 2022,
            "quarter": 2,
            "eps": 0.39,
            "eps_growth_year": 5.41,
            "eps_4q": 1.26,
            "eps_4q_growth_year": -2.42,
            "roe": 2.3,
            "roe_4q": 7.16,
            "gross_profit": 214563,
            "gross_margin": 20.63,
            "gross_margin_4q_avg": 18.42,
            "net_income": 48835,
            "net_income_4q": null,
            "revenue": 1039831,
            "revenue_4q": null,
            "common_shares": 1122505,
            "book_valuer_per_share": 18.3,
            "book_valuer_per_share_4q_avg": 18.15,
            "equity": 2141764,
            "current_ratio": 216.42,
            "debt_ratio": 41.46,
            "inventory_turnover_ratio": 0.95,
            "account_receivable_turnover_ratio": 0.84,
            "reinvestment_rate": -20.78,
            "research_to_sale_ratio": null,
            "price_fair": 40.74,
            "eps_avg_yearly": 1.16,
            "eps_latest_yearly": 1.56,
            "eps_growth_yearly": 55.57
        },
        "20223": {
            "year_quarter": 20223,
            "year": 2022,
            "quarter": 3,
            "eps": 0.03,
            "eps_growth_year": -89.29,
            "eps_4q": 0.99,
            "eps_4q_growth_year": -25,
            "roe": 0.32,
            "roe_4q": 5.89,
            "gross_profit": 177272,
            "gross_margin": 19.75,
            "gross_margin_4q_avg": 19.1,
            "net_income": 6791,
            "net_income_4q": null,
            "revenue": 897756,
            "revenue_4q": null,
            "common_shares": 1122505,
            "book_valuer_per_share": 18.39,
            "book_valuer_per_share_4q_avg": 18.25,
            "equity": 2156603,
            "current_ratio": 241.18,
            "debt_ratio": 40.24,
            "inventory_turnover_ratio": 0.75,
            "account_receivable_turnover_ratio": 0.77,
            "reinvestment_rate": -21.1,
            "research_to_sale_ratio": 0.15,
            "price_fair": 38.92,
            "eps_avg_yearly": 1.11,
            "eps_latest_yearly": 0.12,
            "eps_growth_yearly": 47.02
        },
        "20224": {
            "year_quarter": 20224,
            "year": 2022,
            "quarter": 4,
            "eps": -0.06,
            "eps_growth_year": -128.36,
            "eps_4q": 0.7,
            "eps_4q_growth_year": -46.62,
            "roe": -0.19,
            "roe_4q": 4.449999999999999,
            "gross_profit": 164095,
            "gross_margin": 19.01,
            "gross_margin_4q_avg": 19.38,
            "net_income": -4098,
            "net_income_4q": null,
            "revenue": 863376,
            "revenue_4q": null,
            "common_shares": 1122505,
            "book_valuer_per_share": 18.25,
            "book_valuer_per_share_4q_avg": 18.24,
            "equity": 2137509,
            "current_ratio": 246.95,
            "debt_ratio": 35.58,
            "inventory_turnover_ratio": 0.74,
            "account_receivable_turnover_ratio": 0.85,
            "reinvestment_rate": 95.87,
            "research_to_sale_ratio": 0.14,
            "price_fair": 38.92,
            "eps_avg_yearly": 1.11,
            "eps_latest_yearly": 0.12,
            "eps_growth_yearly": 47.02
        },
        "20231": {
            "year_quarter": 20231,
            "year": 2023,
            "quarter": 1,
            "eps": 0.01,
            "eps_growth_year": -97.14,
            "eps_4q": 0.36,
            "eps_4q_growth_year": -70.77,
            "roe": 0.11,
            "roe_4q": 2.54,
            "gross_profit": 156967,
            "gross_margin": 19.62,
            "gross_margin_4q_avg": 19.75,
            "net_income": 2426,
            "net_income_4q": null,
            "revenue": 800140,
            "revenue_4q": null,
            "common_shares": 1122505,
            "book_valuer_per_share": 17.81,
            "book_valuer_per_share_4q_avg": 18.19,
            "equity": 2090401,
            "current_ratio": 241.35,
            "debt_ratio": 35.57,
            "inventory_turnover_ratio": 0.75,
            "account_receivable_turnover_ratio": 0.85,
            "reinvestment_rate": 63.61,
            "research_to_sale_ratio": 0.19,
            "price_fair": 38.92,
            "eps_avg_yearly": 1.11,
            "eps_latest_yearly": 0.12,
            "eps_growth_yearly": 47.02
        },
        "20232": {
            "year_quarter": 20232,
            "year": 2023,
            "quarter": 2,
            "eps": 0.02,
            "eps_growth_year": -94.87,
            "eps_4q": -0.01,
            "eps_4q_growth_year": -101.11,
            "roe": 0.15,
            "roe_4q": 0.39,
            "gross_profit": 158733,
            "gross_margin": 19.96,
            "gross_margin_4q_avg": 19.59,
            "net_income": 3028,
            "net_income_4q": null,
            "revenue": 795431,
            "revenue_4q": null,
            "common_shares": 1122505,
            "book_valuer_per_share": 17.67,
            "book_valuer_per_share_4q_avg": 18.03,
            "equity": 2076853,
            "current_ratio": 251.89,
            "debt_ratio": 33.22,
            "inventory_turnover_ratio": 0.82,
            "account_receivable_turnover_ratio": 0.86,
            "reinvestment_rate": 58.62,
            "research_to_sale_ratio": 0.17,
            "price_fair": 35.64,
            "eps_avg_yearly": 1.02,
            "eps_latest_yearly": 0.08,
            "eps_growth_yearly": 79.1
        }
    },
    "months": {
        "2003-10": {
            "month": "2003-10",
            "price": "40.71",
            "revenue": 50218
        },
        "2003-11": {
            "month": "2003-11",
            "price": "34.33",
            "revenue": 52059
        },
        "2003-12": {
            "month": "2003-12",
            "price": "35.48",
            "revenue": 48187
        },
        "2004-01": {
            "month": "2004-01",
            "price": "34.85",
            "revenue": 34553
        },
        "2004-02": {
            "month": "2004-02",
            "price": "35.49",
            "revenue": 52198
        },
        "2004-03": {
            "month": "2004-03",
            "price": "37.12",
            "revenue": 59570
        },
        "2004-04": {
            "month": "2004-04",
            "price": "34.52",
            "revenue": 59020
        },
        "2004-05": {
            "month": "2004-05",
            "price": "29.92",
            "revenue": 62492
        },
        "2004-06": {
            "month": "2004-06",
            "price": "29.97",
            "revenue": 63698
        },
        "2004-07": {
            "month": "2004-07",
            "price": "29.51",
            "revenue": 66917
        },
        "2004-08": {
            "month": "2004-08",
            "price": "28.27",
            "revenue": 67342
        },
        "2004-09": {
            "month": "2004-09",
            "price": "28.20",
            "revenue": 59033
        },
        "2004-10": {
            "month": "2004-10",
            "price": "28.96",
            "revenue": 48459
        },
        "2004-11": {
            "month": "2004-11",
            "price": "28.25",
            "revenue": 57203
        },
        "2004-12": {
            "month": "2004-12",
            "price": "27.95",
            "revenue": 48279
        },
        "2005-01": {
            "month": "2005-01",
            "price": "27.83",
            "revenue": 46477
        },
        "2005-02": {
            "month": "2005-02",
            "price": "28.05",
            "revenue": 38541
        },
        "2005-03": {
            "month": "2005-03",
            "price": "28.40",
            "revenue": 64277
        },
        "2005-04": {
            "month": "2005-04",
            "price": "28.05",
            "revenue": 70245
        },
        "2005-05": {
            "month": "2005-05",
            "price": "28.23",
            "revenue": 61427
        },
        "2005-06": {
            "month": "2005-06",
            "price": "28.36",
            "revenue": 62062
        },
        "2005-07": {
            "month": "2005-07",
            "price": "28.87",
            "revenue": 58522
        },
        "2005-08": {
            "month": "2005-08",
            "price": "27.59",
            "revenue": 69676
        },
        "2005-09": {
            "month": "2005-09",
            "price": "24.98",
            "revenue": 55353
        },
        "2005-10": {
            "month": "2005-10",
            "price": "23.78",
            "revenue": 51400
        },
        "2005-11": {
            "month": "2005-11",
            "price": "23.29",
            "revenue": 52405
        },
        "2005-12": {
            "month": "2005-12",
            "price": "24.98",
            "revenue": 57670
        },
        "2006-01": {
            "month": "2006-01",
            "price": "26.22",
            "revenue": 48751
        },
        "2006-02": {
            "month": "2006-02",
            "price": "25.67",
            "revenue": 56962
        },
        "2006-03": {
            "month": "2006-03",
            "price": "26.00",
            "revenue": 63393
        },
        "2006-04": {
            "month": "2006-04",
            "price": "27.27",
            "revenue": 65410
        },
        "2006-05": {
            "month": "2006-05",
            "price": "28.78",
            "revenue": 74910
        },
        "2006-06": {
            "month": "2006-06",
            "price": "29.97",
            "revenue": 78997
        },
        "2006-07": {
            "month": "2006-07",
            "price": "29.07",
            "revenue": 80138
        },
        "2006-08": {
            "month": "2006-08",
            "price": "29.29",
            "revenue": 81732
        },
        "2006-09": {
            "month": "2006-09",
            "price": "28.45",
            "revenue": 73161
        },
        "2006-10": {
            "month": "2006-10",
            "price": "31.02",
            "revenue": 63232
        },
        "2006-11": {
            "month": "2006-11",
            "price": "34.29",
            "revenue": 68198
        },
        "2006-12": {
            "month": "2006-12",
            "price": "49.29",
            "revenue": 66416
        },
        "2007-01": {
            "month": "2007-01",
            "price": "46.55",
            "revenue": 65620
        },
        "2007-02": {
            "month": "2007-02",
            "price": "44.47",
            "revenue": 50766
        },
        "2007-03": {
            "month": "2007-03",
            "price": "46.21",
            "revenue": 86608
        },
        "2007-04": {
            "month": "2007-04",
            "price": "47.90",
            "revenue": 71412
        },
        "2007-05": {
            "month": "2007-05",
            "price": "46.93",
            "revenue": 78392
        },
        "2007-06": {
            "month": "2007-06",
            "price": "52.79",
            "revenue": 79957
        },
        "2007-07": {
            "month": "2007-07",
            "price": "57.02",
            "revenue": 80286
        },
        "2007-08": {
            "month": "2007-08",
            "price": "50.30",
            "revenue": 86564
        },
        "2007-09": {
            "month": "2007-09",
            "price": "48.16",
            "revenue": 74947
        },
        "2007-10": {
            "month": "2007-10",
            "price": "45.98",
            "revenue": 73094
        },
        "2007-11": {
            "month": "2007-11",
            "price": "40.13",
            "revenue": 73584
        },
        "2007-12": {
            "month": "2007-12",
            "price": "35.69",
            "revenue": 81128
        },
        "2008-01": {
            "month": "2008-01",
            "price": "33.87",
            "revenue": 74585
        },
        "2008-02": {
            "month": "2008-02",
            "price": "33.75",
            "revenue": 62762
        },
        "2008-03": {
            "month": "2008-03",
            "price": "36.32",
            "revenue": 83782
        },
        "2008-04": {
            "month": "2008-04",
            "price": "40.22",
            "revenue": 87120
        },
        "2008-05": {
            "month": "2008-05",
            "price": "49.51",
            "revenue": 90724
        },
        "2008-06": {
            "month": "2008-06",
            "price": "47.90",
            "revenue": 96259
        },
        "2008-07": {
            "month": "2008-07",
            "price": "44.90",
            "revenue": 96590
        },
        "2008-08": {
            "month": "2008-08",
            "price": "36.20",
            "revenue": 85014
        },
        "2008-09": {
            "month": "2008-09",
            "price": "28.75",
            "revenue": 111744
        },
        "2008-10": {
            "month": "2008-10",
            "price": "23.82",
            "revenue": 73026
        },
        "2008-11": {
            "month": "2008-11",
            "price": "22.19",
            "revenue": 46561
        },
        "2008-12": {
            "month": "2008-12",
            "price": "19.36",
            "revenue": 42157
        },
        "2009-01": {
            "month": "2009-01",
            "price": "19.06",
            "revenue": 20885
        },
        "2009-02": {
            "month": "2009-02",
            "price": "17.60",
            "revenue": 33963
        },
        "2009-03": {
            "month": "2009-03",
            "price": "19.53",
            "revenue": 36418
        },
        "2009-04": {
            "month": "2009-04",
            "price": "22.15",
            "revenue": 36334
        },
        "2009-05": {
            "month": "2009-05",
            "price": "23.15",
            "revenue": 46282
        },
        "2009-06": {
            "month": "2009-06",
            "price": "22.95",
            "revenue": 47387
        },
        "2009-07": {
            "month": "2009-07",
            "price": "24.06",
            "revenue": 61069
        },
        "2009-08": {
            "month": "2009-08",
            "price": "24.02",
            "revenue": 56635
        },
        "2009-09": {
            "month": "2009-09",
            "price": "26.70",
            "revenue": 63193
        },
        "2009-10": {
            "month": "2009-10",
            "price": "31.28",
            "revenue": 63594
        },
        "2009-11": {
            "month": "2009-11",
            "price": "31.62",
            "revenue": 73130
        },
        "2009-12": {
            "month": "2009-12",
            "price": "32.44",
            "revenue": 64315
        },
        "2010-01": {
            "month": "2010-01",
            "price": "33.03",
            "revenue": 74805
        },
        "2010-02": {
            "month": "2010-02",
            "price": "29.47",
            "revenue": 68876
        },
        "2010-03": {
            "month": "2010-03",
            "price": "31.51",
            "revenue": 104883
        },
        "2010-04": {
            "month": "2010-04",
            "price": "36.58",
            "revenue": 112608
        },
        "2010-05": {
            "month": "2010-05",
            "price": "33.54",
            "revenue": 138174
        },
        "2010-06": {
            "month": "2010-06",
            "price": "35.95",
            "revenue": 155624
        },
        "2010-07": {
            "month": "2010-07",
            "price": "39.31",
            "revenue": 146413
        },
        "2010-08": {
            "month": "2010-08",
            "price": "38.80",
            "revenue": 155005
        },
        "2010-09": {
            "month": "2010-09",
            "price": "38.64",
            "revenue": 134003
        },
        "2010-10": {
            "month": "2010-10",
            "price": "39.50",
            "revenue": 165891
        },
        "2010-11": {
            "month": "2010-11",
            "price": "43.76",
            "revenue": 146320
        },
        "2010-12": {
            "month": "2010-12",
            "price": "51.16",
            "revenue": 112593
        },
        "2011-01": {
            "month": "2011-01",
            "price": "48.26",
            "revenue": 132946
        },
        "2011-02": {
            "month": "2011-02",
            "price": "47.75",
            "revenue": 103842
        },
        "2011-03": {
            "month": "2011-03",
            "price": "49.35",
            "revenue": 151910
        },
        "2011-04": {
            "month": "2011-04",
            "price": "60.44",
            "revenue": 149340
        },
        "2011-05": {
            "month": "2011-05",
            "price": "78.13",
            "revenue": 166590
        },
        "2011-06": {
            "month": "2011-06",
            "price": "75.74",
            "revenue": 154871
        },
        "2011-07": {
            "month": "2011-07",
            "price": "77.23",
            "revenue": 151505
        },
        "2011-08": {
            "month": "2011-08",
            "price": "62.68",
            "revenue": 137318
        },
        "2011-09": {
            "month": "2011-09",
            "price": "49.90",
            "revenue": 136242
        },
        "2011-10": {
            "month": "2011-10",
            "price": "46.75",
            "revenue": 126853
        },
        "2011-11": {
            "month": "2011-11",
            "price": "56.71",
            "revenue": 100419
        },
        "2011-12": {
            "month": "2011-12",
            "price": "47.13",
            "revenue": 85842
        },
        "2012-01": {
            "month": "2012-01",
            "price": "46.89",
            "revenue": 75035
        },
        "2012-02": {
            "month": "2012-02",
            "price": "56.06",
            "revenue": 80411
        },
        "2012-03": {
            "month": "2012-03",
            "price": "57.40",
            "revenue": 113302
        },
        "2012-04": {
            "month": "2012-04",
            "price": "53.48",
            "revenue": 156799
        },
        "2012-05": {
            "month": "2012-05",
            "price": "47.51",
            "revenue": 155213
        },
        "2012-06": {
            "month": "2012-06",
            "price": "44.55",
            "revenue": 145786
        },
        "2012-07": {
            "month": "2012-07",
            "price": "45.03",
            "revenue": 125701
        },
        "2012-08": {
            "month": "2012-08",
            "price": "40.91",
            "revenue": 110161
        },
        "2012-09": {
            "month": "2012-09",
            "price": "36.92",
            "revenue": 110087
        },
        "2012-10": {
            "month": "2012-10",
            "price": "30.57",
            "revenue": 105668
        },
        "2012-11": {
            "month": "2012-11",
            "price": "24.56",
            "revenue": 92435
        },
        "2012-12": {
            "month": "2012-12",
            "price": "28.06",
            "revenue": 91337
        },
        "2013-01": {
            "month": "2013-01",
            "price": "29.64",
            "revenue": 312576
        },
        "2013-02": {
            "month": "2013-02",
            "price": "35.61",
            "revenue": 187777
        },
        "2013-03": {
            "month": "2013-03",
            "price": "34.08",
            "revenue": 417940
        },
        "2013-04": {
            "month": "2013-04",
            "price": "30.50",
            "revenue": 500110
        },
        "2013-05": {
            "month": "2013-05",
            "price": "30.05",
            "revenue": 402999
        },
        "2013-06": {
            "month": "2013-06",
            "price": "27.50",
            "revenue": 338923
        },
        "2013-07": {
            "month": "2013-07",
            "price": "26.40",
            "revenue": 355882
        },
        "2013-08": {
            "month": "2013-08",
            "price": "27.29",
            "revenue": 330467
        },
        "2013-09": {
            "month": "2013-09",
            "price": "27.75",
            "revenue": 306621
        },
        "2013-10": {
            "month": "2013-10",
            "price": "30.21",
            "revenue": 281011
        },
        "2013-11": {
            "month": "2013-11",
            "price": "25.80",
            "revenue": 333322
        },
        "2013-12": {
            "month": "2013-12",
            "price": "25.53",
            "revenue": 362161
        },
        "2014-01": {
            "month": "2014-01",
            "price": "27.01",
            "revenue": 231300
        },
        "2014-02": {
            "month": "2014-02",
            "price": "27.57",
            "revenue": 246689
        },
        "2014-03": {
            "month": "2014-03",
            "price": "27.41",
            "revenue": 364630
        },
        "2014-04": {
            "month": "2014-04",
            "price": "25.69",
            "revenue": 431411
        },
        "2014-05": {
            "month": "2014-05",
            "price": "24.10",
            "revenue": 378988
        },
        "2014-06": {
            "month": "2014-06",
            "price": "24.26",
            "revenue": 377202
        },
        "2014-07": {
            "month": "2014-07",
            "price": "25.48",
            "revenue": 367597
        },
        "2014-08": {
            "month": "2014-08",
            "price": "23.51",
            "revenue": 382633
        },
        "2014-09": {
            "month": "2014-09",
            "price": "23.15",
            "revenue": 404335
        },
        "2014-10": {
            "month": "2014-10",
            "price": "22.08",
            "revenue": 363269
        },
        "2014-11": {
            "month": "2014-11",
            "price": "21.40",
            "revenue": 395430
        },
        "2014-12": {
            "month": "2014-12",
            "price": "20.63",
            "revenue": 413171
        },
        "2015-01": {
            "month": "2015-01",
            "price": "20.38",
            "revenue": 330904
        },
        "2015-02": {
            "month": "2015-02",
            "price": "20.80",
            "revenue": 182605
        },
        "2015-03": {
            "month": "2015-03",
            "price": "20.14",
            "revenue": 437769
        },
        "2015-04": {
            "month": "2015-04",
            "price": "18.31",
            "revenue": 366077
        },
        "2015-05": {
            "month": "2015-05",
            "price": "15.90",
            "revenue": 396512
        },
        "2015-06": {
            "month": "2015-06",
            "price": "14.17",
            "revenue": 366499
        },
        "2015-07": {
            "month": "2015-07",
            "price": "14.38",
            "revenue": 320764
        },
        "2015-08": {
            "month": "2015-08",
            "price": "10.92",
            "revenue": 316819
        },
        "2015-09": {
            "month": "2015-09",
            "price": "11.43",
            "revenue": 262953
        },
        "2015-10": {
            "month": "2015-10",
            "price": "12.12",
            "revenue": 216782
        },
        "2015-11": {
            "month": "2015-11",
            "price": "11.22",
            "revenue": 285034
        },
        "2015-12": {
            "month": "2015-12",
            "price": "10.06",
            "revenue": 286178
        },
        "2016-01": {
            "month": "2016-01",
            "price": "9.40",
            "revenue": 254904
        },
        "2016-02": {
            "month": "2016-02",
            "price": "9.66",
            "revenue": 202699
        },
        "2016-03": {
            "month": "2016-03",
            "price": "11.93",
            "revenue": 380441
        },
        "2016-04": {
            "month": "2016-04",
            "price": "11.98",
            "revenue": 319231
        },
        "2016-05": {
            "month": "2016-05",
            "price": "11.15",
            "revenue": 316178
        },
        "2016-06": {
            "month": "2016-06",
            "price": "12.26",
            "revenue": 298046
        },
        "2016-07": {
            "month": "2016-07",
            "price": "12.06",
            "revenue": 284145
        },
        "2016-08": {
            "month": "2016-08",
            "price": "11.69",
            "revenue": 365027
        },
        "2016-09": {
            "month": "2016-09",
            "price": "15.05",
            "revenue": 282448
        },
        "2016-10": {
            "month": "2016-10",
            "price": "14.94",
            "revenue": 311927
        },
        "2016-11": {
            "month": "2016-11",
            "price": "14.33",
            "revenue": 318841
        },
        "2016-12": {
            "month": "2016-12",
            "price": "17.42",
            "revenue": 339167
        },
        "2017-01": {
            "month": "2017-01",
            "price": "18.78",
            "revenue": 269797
        },
        "2017-02": {
            "month": "2017-02",
            "price": "19.18",
            "revenue": 278317
        },
        "2017-03": {
            "month": "2017-03",
            "price": "18.98",
            "revenue": 360755
        },
        "2017-04": {
            "month": "2017-04",
            "price": "17.75",
            "revenue": 341970
        },
        "2017-05": {
            "month": "2017-05",
            "price": "17.79",
            "revenue": 310295
        },
        "2017-06": {
            "month": "2017-06",
            "price": "19.19",
            "revenue": 321037
        },
        "2017-07": {
            "month": "2017-07",
            "price": "18.80",
            "revenue": 321666
        },
        "2017-08": {
            "month": "2017-08",
            "price": "25.96",
            "revenue": 325629
        },
        "2017-09": {
            "month": "2017-09",
            "price": "29.44",
            "revenue": 343330
        },
        "2017-10": {
            "month": "2017-10",
            "price": "30.71",
            "revenue": 275800
        },
        "2017-11": {
            "month": "2017-11",
            "price": "33.62",
            "revenue": 345394
        },
        "2017-12": {
            "month": "2017-12",
            "price": "28.81",
            "revenue": 309244
        },
        "2018-01": {
            "month": "2018-01",
            "price": "31.03",
            "revenue": 357771
        },
        "2018-02": {
            "month": "2018-02",
            "price": "29.12",
            "revenue": 202226
        },
        "2018-03": {
            "month": "2018-03",
            "price": "28.62",
            "revenue": 354063
        },
        "2018-04": {
            "month": "2018-04",
            "price": "28.95",
            "revenue": 346454
        },
        "2018-05": {
            "month": "2018-05",
            "price": "28.68",
            "revenue": 338814
        },
        "2018-06": {
            "month": "2018-06",
            "price": "30.34",
            "revenue": 339684
        },
        "2018-07": {
            "month": "2018-07",
            "price": "28.22",
            "revenue": 339877
        },
        "2018-08": {
            "month": "2018-08",
            "price": "27.78",
            "revenue": 294964
        },
        "2018-09": {
            "month": "2018-09",
            "price": "25.74",
            "revenue": 287897
        },
        "2018-10": {
            "month": "2018-10",
            "price": "19.37",
            "revenue": 253523
        },
        "2018-11": {
            "month": "2018-11",
            "price": "18.79",
            "revenue": 290863
        },
        "2018-12": {
            "month": "2018-12",
            "price": "19.43",
            "revenue": 259989
        },
        "2019-01": {
            "month": "2019-01",
            "price": "19.91",
            "revenue": 266110
        },
        "2019-02": {
            "month": "2019-02",
            "price": "21.86",
            "revenue": 173967
        },
        "2019-03": {
            "month": "2019-03",
            "price": "21.87",
            "revenue": 301868
        },
        "2019-04": {
            "month": "2019-04",
            "price": "21.73",
            "revenue": 307295
        },
        "2019-05": {
            "month": "2019-05",
            "price": "19.72",
            "revenue": 263669
        },
        "2019-06": {
            "month": "2019-06",
            "price": "19.48",
            "revenue": 262029
        },
        "2019-07": {
            "month": "2019-07",
            "price": "20.17",
            "revenue": 236304
        },
        "2019-08": {
            "month": "2019-08",
            "price": "20.51",
            "revenue": 231340
        },
        "2019-09": {
            "month": "2019-09",
            "price": "20.55",
            "revenue": 200429
        },
        "2019-10": {
            "month": "2019-10",
            "price": "21.65",
            "revenue": 182847
        },
        "2019-11": {
            "month": "2019-11",
            "price": "22.77",
            "revenue": 227488
        },
        "2019-12": {
            "month": "2019-12",
            "price": "22.53",
            "revenue": 262409
        },
        "2020-01": {
            "month": "2020-01",
            "price": "21.96",
            "revenue": 174636
        },
        "2020-02": {
            "month": "2020-02",
            "price": "20.01",
            "revenue": 153294
        },
        "2020-03": {
            "month": "2020-03",
            "price": "16.55",
            "revenue": 304865
        },
        "2020-04": {
            "month": "2020-04",
            "price": "18.38",
            "revenue": 269892
        },
        "2020-05": {
            "month": "2020-05",
            "price": "20.85",
            "revenue": 235146
        },
        "2020-06": {
            "month": "2020-06",
            "price": "21.56",
            "revenue": 217489
        },
        "2020-07": {
            "month": "2020-07",
            "price": "21.93",
            "revenue": 214489
        },
        "2020-08": {
            "month": "2020-08",
            "price": "22.22",
            "revenue": 205012
        },
        "2020-09": {
            "month": "2020-09",
            "price": "22.81",
            "revenue": 227516
        },
        "2020-10": {
            "month": "2020-10",
            "price": "25.54",
            "revenue": 205349
        },
        "2020-11": {
            "month": "2020-11",
            "price": "24.92",
            "revenue": 265918
        },
        "2020-12": {
            "month": "2020-12",
            "price": "26.00",
            "revenue": 280843
        },
        "2021-01": {
            "month": "2021-01",
            "price": "25.16",
            "revenue": 334614
        },
        "2021-02": {
            "month": "2021-02",
            "price": "26.73",
            "revenue": 213200
        },
        "2021-03": {
            "month": "2021-03",
            "price": "27.07",
            "revenue": 330271
        },
        "2021-04": {
            "month": "2021-04",
            "price": "27.79",
            "revenue": 306808
        },
        "2021-05": {
            "month": "2021-05",
            "price": "25.25",
            "revenue": 348777
        },
        "2021-06": {
            "month": "2021-06",
            "price": "29.98",
            "revenue": 318488
        },
        "2021-07": {
            "month": "2021-07",
            "price": "31.75",
            "revenue": 307558
        },
        "2021-08": {
            "month": "2021-08",
            "price": "31.78",
            "revenue": 302644
        },
        "2021-09": {
            "month": "2021-09",
            "price": "30.56",
            "revenue": 300561
        },
        "2021-10": {
            "month": "2021-10",
            "price": "30.54",
            "revenue": 262851
        },
        "2021-11": {
            "month": "2021-11",
            "price": "30.43",
            "revenue": 245125
        },
        "2021-12": {
            "month": "2021-12",
            "price": "30.12",
            "revenue": 284089
        },
        "2022-01": {
            "month": "2022-01",
            "price": "30.44",
            "revenue": 297814
        },
        "2022-02": {
            "month": "2022-02",
            "price": "30.11",
            "revenue": 244582
        },
        "2022-03": {
            "month": "2022-03",
            "price": "30.45",
            "revenue": 392310
        },
        "2022-04": {
            "month": "2022-04",
            "price": "29.79",
            "revenue": 354227
        },
        "2022-05": {
            "month": "2022-05",
            "price": "29.21",
            "revenue": 333657
        },
        "2022-06": {
            "month": "2022-06",
            "price": "30.09",
            "revenue": 351946
        },
        "2022-07": {
            "month": "2022-07",
            "price": "31.01",
            "revenue": 331442
        },
        "2022-08": {
            "month": "2022-08",
            "price": "32.17",
            "revenue": 294942
        },
        "2022-09": {
            "month": "2022-09",
            "price": "30.61",
            "revenue": 271371
        },
        "2022-10": {
            "month": "2022-10",
            "price": "27.06",
            "revenue": 292498
        },
        "2022-11": {
            "month": "2022-11",
            "price": "27.83",
            "revenue": 289510
        },
        "2022-12": {
            "month": "2022-12",
            "price": "28.68",
            "revenue": 275257
        },
        "2023-01": {
            "month": "2023-01",
            "price": "28.98",
            "revenue": 244562
        },
        "2023-02": {
            "month": "2023-02",
            "price": "29.40",
            "revenue": 251097
        },
        "2023-03": {
            "month": "2023-03",
            "price": "30.30",
            "revenue": 304481
        },
        "2023-04": {
            "month": "2023-04",
            "price": "32.42",
            "revenue": 275515
        },
        "2023-05": {
            "month": "2023-05",
            "price": "31.36",
            "revenue": 269950
        },
        "2023-06": {
            "month": "2023-06",
            "price": "32.56",
            "revenue": 249966
        },
        "2023-07": {
            "month": "2023-07",
            "price": "31.77",
            "revenue": 247134
        },
        "2023-08": {
            "month": "2023-08",
            "price": "29.88",
            "revenue": 254479
        },
        "2023-09": {
            "month": "2023-09",
            "price": "29.10",
            "revenue": 278476
        }
    }
}
