{
    "summary": {
        "stock_name": "千附",
        "stock_id": "8383",
        "category": "其他電子",
        "main_business": "1.精密零組件整合製造<br>2.廠務系統工程<br>3.鞋機生產銷售",
        "website_url": "http://www.chenfull.com.tw",
        "ceo": "張瓊如",
        "pe_ratio": 18,
        "report_year_from": 2002,
        "report_year_to": 2023,
        "age": 21,
        "eps_negative_percentage": 5,
        "eps_growth_avg": {
            "last_all": 6,
            "last_2y": -45.44,
            "last_4y": -32.22,
            "last_8y": -1.17,
            "last_12y": 8.49,
            "last_16y": -0.07,
            "last_20y": null,
            "at_2006_last_3y": 17.97,
            "at_2007_last_3y": 17.97,
            "at_2008_last_3y": -9.98,
            "at_2009_last_3y": -25.75,
            "at_2010_last_3y": 10.05,
            "at_2011_last_3y": -24.75,
            "at_2012_last_3y": -2.3,
            "at_2013_last_3y": 27.8,
            "at_2014_last_3y": 24.43,
            "at_2015_last_3y": 38.17,
            "at_2016_last_3y": 38.71,
            "at_2017_last_3y": 29.89,
            "at_2018_last_3y": -0.75,
            "at_2019_last_3y": -5.19,
            "at_2020_last_3y": -9.94,
            "at_2021_last_3y": -32.22,
            "at_2022_last_3y": -30.94,
            "at_2023_last_3y": -30.94,
            "at_2006_last_all": 17.97,
            "at_2007_last_all": 34.38,
            "at_2008_last_all": 18.01,
            "at_2009_last_all": 1.73,
            "at_2010_last_all": 14.01,
            "at_2011_last_all": 8.1,
            "at_2012_last_all": 9.89,
            "at_2013_last_all": 11.21,
            "at_2014_last_all": 17.48,
            "at_2015_last_all": 17.35,
            "at_2016_last_all": 18.12,
            "at_2017_last_all": 16.19,
            "at_2018_last_all": 12.92,
            "at_2019_last_all": 12.05,
            "at_2020_last_all": 11.89,
            "at_2021_last_all": 6,
            "at_2022_last_all": 6,
            "at_2023_last_all": 6
        },
        "latest_eps": 2.31,
        "latest_price": 41.9,
        "latest_roe": 8.46,
        "latest_gross_margin": 17.69,
        "latest_equity": 4265653,
        "latest_revenue": 809403,
        "latest_gross_profit": 143166,
        "latest_net_income": 40012,
        "latest_debt_ratio": 19.88,
        "latest_current_ratio": 361.02,
        "latest_account_receivable_turnover_ratio": 1.53,
        "latest_inventory_turnover_ratio": 0.97,
        "latest_reinvestment_rate": -49.07,
        "latest_research_to_sale_ratio": 1.93
    },
    "eps_dividends": {
        "2001": {
            "cash": 0,
            "stock": 0,
            "eps": 0
        },
        "2002": {
            "cash": 0,
            "stock": 0,
            "eps": 1.37
        },
        "2003": {
            "cash": 0,
            "stock": 3.5,
            "eps": 2.96
        },
        "2004": {
            "cash": 1.5,
            "stock": 2,
            "eps": 4.38
        },
        "2005": {
            "cash": 1,
            "stock": 2,
            "eps": 2.94
        },
        "2006": {
            "cash": 1.2,
            "stock": 0.5,
            "eps": 1.67
        },
        "2007": {
            "cash": 1.2,
            "stock": 0,
            "eps": 3.43
        },
        "2008": {
            "cash": 2,
            "stock": 0,
            "eps": 1.24
        },
        "2009": {
            "cash": 0.28,
            "stock": 0.47,
            "eps": 0.05
        },
        "2010": {
            "cash": 0.5,
            "stock": 0,
            "eps": 1.71
        },
        "2011": {
            "cash": 0.8,
            "stock": 0.4,
            "eps": 1.04
        },
        "2012": {
            "cash": 0.52,
            "stock": 0.31,
            "eps": 1.31
        },
        "2013": {
            "cash": 1,
            "stock": 0,
            "eps": 1.63
        },
        "2014": {
            "cash": 1.2,
            "stock": 0,
            "eps": 3.04
        },
        "2015": {
            "cash": 2,
            "stock": 0,
            "eps": 3.52
        },
        "2016": {
            "cash": 2.2,
            "stock": 0,
            "eps": 4.51
        },
        "2017": {
            "cash": 2.7,
            "stock": 0,
            "eps": 4.02
        },
        "2018": {
            "cash": 2.7,
            "stock": 0,
            "eps": 2.57
        },
        "2019": {
            "cash": 2.5,
            "stock": 0,
            "eps": 2.52
        },
        "2020": {
            "cash": 2.5,
            "stock": 0,
            "eps": 2.75
        },
        "2021": {
            "cash": 2.5,
            "stock": 0,
            "eps": -1.33
        },
        "2022": {
            "cash": 2.5,
            "stock": 0,
            "eps": 2.62
        },
        "2023": {
            "cash": 2.5,
            "stock": 0,
            "eps": 0.22
        }
    },
    "dividends": {
        "2003-06-25": {
            "cash": 0,
            "stock": 3.5
        },
        "2004-03-30": {
            "cash": 1.5,
            "stock": 2
        },
        "2005-03-30": {
            "cash": 1,
            "stock": 2
        },
        "2006-03-28": {
            "cash": 1.2,
            "stock": 0.5
        },
        "2007-03-28": {
            "cash": 1.2,
            "stock": 0
        },
        "2008-03-21": {
            "cash": 2,
            "stock": 0
        },
        "2009-04-23": {
            "cash": 0.28,
            "stock": 0.47
        },
        "2010-03-22": {
            "cash": 0.5,
            "stock": 0
        },
        "2011-03-16": {
            "cash": 0.8,
            "stock": 0.4
        },
        "2012-06-13": {
            "cash": 0.52,
            "stock": 0.31
        },
        "2013-06-13": {
            "cash": 1,
            "stock": 0
        },
        "2014-08-29": {
            "cash": 1.2,
            "stock": 0
        },
        "2015-08-28": {
            "cash": 2,
            "stock": 0
        },
        "2016-08-31": {
            "cash": 2.2,
            "stock": 0
        },
        "2017-08-31": {
            "cash": 2.7,
            "stock": 0
        },
        "2018-08-31": {
            "cash": 2.7,
            "stock": 0
        },
        "2019-08-30": {
            "cash": 2.5,
            "stock": 0
        },
        "2020-08-31": {
            "cash": 2.5,
            "stock": 0
        },
        "2021-03-10": {
            "cash": 2.5,
            "stock": 0
        },
        "2022-08-31": {
            "cash": 2.5,
            "stock": 0
        },
        "2023-08-15": {
            "cash": 2.5,
            "stock": 0
        }
    },
    "prices": {
        "200101": "無",
        "200102": "無",
        "200103": "無",
        "200104": "無",
        "200105": "無",
        "200106": "無",
        "200107": "無",
        "200108": "無",
        "200109": "無",
        "200110": "無",
        "200111": "無",
        "200112": "無",
        "200201": "無",
        "200202": "無",
        "200203": "無",
        "200204": "無",
        "200205": "無",
        "200206": "無",
        "200207": "無",
        "200208": "無",
        "200209": "無",
        "200210": "無",
        "200211": "無",
        "200212": "無",
        "200301": "無",
        "200302": "無",
        "200303": "無",
        "200304": "無",
        "200305": "無",
        "200306": "無",
        "200307": "無",
        "200308": "無",
        "200309": "41.50",
        "200310": "無",
        "200311": "無",
        "200312": "40.00",
        "200401": "44.58",
        "200402": "47.20",
        "200403": "54.24",
        "200404": "66.94",
        "200405": "65.95",
        "200406": "63.50",
        "200407": "57.15",
        "200408": "45.17",
        "200409": "40.06",
        "200410": "40.19",
        "200411": "37.35",
        "200412": "33.70",
        "200501": "33.96",
        "200502": "34.90",
        "200503": "37.02",
        "200504": "37.44",
        "200505": "35.89",
        "200506": "37.23",
        "200507": "36.84",
        "200508": "34.90",
        "200509": "32.71",
        "200510": "23.72",
        "200511": "22.26",
        "200512": "28.98",
        "200601": "27.58",
        "200602": "26.35",
        "200603": "26.11",
        "200604": "25.88",
        "200605": "38.89",
        "200606": "28.25",
        "200607": "29.02",
        "200608": "29.44",
        "200609": "29.10",
        "200610": "29.54",
        "200611": "30.04",
        "200612": "32.35",
        "200701": "31.72",
        "200702": "31.26",
        "200703": "32.57",
        "200704": "46.81",
        "200705": "47.48",
        "200706": "50.36",
        "200707": "55.57",
        "200708": "50.55",
        "200709": "52.95",
        "200710": "47.58",
        "200711": "44.76",
        "200712": "40.65",
        "200801": "35.57",
        "200802": "33.26",
        "200803": "35.63",
        "200804": "41.97",
        "200805": "42.79",
        "200806": "35.61",
        "200807": "30.28",
        "200808": "30.73",
        "200809": "27.19",
        "200810": "21.14",
        "200811": "18.44",
        "200812": "19.41",
        "200901": "23.40",
        "200902": "25.90",
        "200903": "28.54",
        "200904": "28.09",
        "200905": "30.10",
        "200906": "28.81",
        "200907": "29.94",
        "200908": "34.71",
        "200909": "31.65",
        "200910": "30.13",
        "200911": "29.62",
        "200912": "31.96",
        "201001": "32.44",
        "201002": "29.04",
        "201003": "30.74",
        "201004": "31.93",
        "201005": "29.15",
        "201006": "28.27",
        "201007": "28.03",
        "201008": "27.51",
        "201009": "25.12",
        "201010": "24.37",
        "201011": "23.23",
        "201012": "23.62",
        "201101": "25.88",
        "201102": "30.71",
        "201103": "30.88",
        "201104": "32.19",
        "201105": "33.69",
        "201106": "30.04",
        "201107": "27.41",
        "201108": "24.55",
        "201109": "20.94",
        "201110": "20.30",
        "201111": "21.11",
        "201112": "19.57",
        "201201": "18.95",
        "201202": "21.94",
        "201203": "21.66",
        "201204": "19.95",
        "201205": "18.54",
        "201206": "16.65",
        "201207": "18.10",
        "201208": "17.92",
        "201209": "17.18",
        "201210": "17.32",
        "201211": "16.37",
        "201212": "17.17",
        "201301": "19.25",
        "201302": "20.03",
        "201303": "22.63",
        "201304": "20.33",
        "201305": "20.01",
        "201306": "19.38",
        "201307": "19.47",
        "201308": "19.70",
        "201309": "19.96",
        "201310": "22.88",
        "201311": "24.42",
        "201312": "24.03",
        "201401": "26.11",
        "201402": "27.82",
        "201403": "31.35",
        "201404": "30.97",
        "201405": "34.19",
        "201406": "40.06",
        "201407": "39.60",
        "201408": "38.17",
        "201409": "36.45",
        "201410": "29.88",
        "201411": "30.68",
        "201412": "34.91",
        "201501": "35.36",
        "201502": "36.68",
        "201503": "37.90",
        "201504": "36.99",
        "201505": "36.54",
        "201506": "43.25",
        "201507": "49.39",
        "201508": "42.11",
        "201509": "50.00",
        "201510": "57.04",
        "201511": "53.05",
        "201512": "52.65",
        "201601": "43.85",
        "201602": "48.42",
        "201603": "54.30",
        "201604": "57.92",
        "201605": "56.18",
        "201606": "53.15",
        "201607": "50.91",
        "201608": "54.42",
        "201609": "52.74",
        "201610": "51.09",
        "201611": "45.16",
        "201612": "47.77",
        "201701": "49.97",
        "201702": "50.11",
        "201703": "51.72",
        "201704": "50.80",
        "201705": "50.49",
        "201706": "49.10",
        "201707": "50.31",
        "201708": "48.91",
        "201709": "45.83",
        "201710": "46.57",
        "201711": "47.53",
        "201712": "48.75",
        "201801": "50.17",
        "201802": "44.82",
        "201803": "45.21",
        "201804": "44.33",
        "201805": "43.13",
        "201806": "43.66",
        "201807": "41.57",
        "201808": "39.32",
        "201809": "37.94",
        "201810": "36.32",
        "201811": "31.93",
        "201812": "33.37",
        "201901": "34.55",
        "201902": "38.37",
        "201903": "39.11",
        "201904": "39.93",
        "201905": "39.57",
        "201906": "40.41",
        "201907": "43.01",
        "201908": "37.33",
        "201909": "36.29",
        "201910": "36.88",
        "201911": "36.48",
        "201912": "36.57",
        "202001": "36.10",
        "202002": "34.69",
        "202003": "31.11",
        "202004": "32.34",
        "202005": "35.63",
        "202006": "38.71",
        "202007": "40.06",
        "202008": "37.11",
        "202009": "39.00",
        "202010": "41.19",
        "202011": "41.03",
        "202012": "40.25",
        "202101": "39.48",
        "202102": "41.25",
        "202103": "45.03",
        "202104": "44.24",
        "202105": "40.70",
        "202106": "41.10",
        "202107": "41.30",
        "202108": "38.45",
        "202109": "39.29",
        "202110": "40.00",
        "202111": "41.08",
        "202112": "40.43",
        "202201": "40.44",
        "202202": "40.47",
        "202203": "40.35",
        "202204": "40.87",
        "202205": "39.88",
        "202206": "38.60",
        "202207": "37.48",
        "202208": "38.07",
        "202209": "38.39",
        "202210": "35.98",
        "202211": "36.18",
        "202212": "38.42",
        "202301": "38.42",
        "202302": "40.81",
        "202303": "43.38",
        "202304": "45.10",
        "202305": "42.46",
        "202306": "41.49"
    },
    "quarters": {
        "20011": {
            "year_quarter": 20011,
            "year": 2001,
            "quarter": 1,
            "eps": null,
            "eps_growth_year": null,
            "eps_4q": null,
            "eps_4q_growth_year": null,
            "roe": null,
            "roe_4q": 0,
            "gross_profit": null,
            "gross_margin": null,
            "gross_margin_4q_avg": 0,
            "net_income": null,
            "revenue": null,
            "common_shares": null,
            "book_valuer_per_share": null,
            "book_valuer_per_share_4q_avg": 0,
            "equity": null,
            "current_ratio": null,
            "debt_ratio": null,
            "inventory_turnover_ratio": null,
            "account_receivable_turnover_ratio": null,
            "reinvestment_rate": null,
            "research_to_sale_ratio": null,
            "price_fair": 0,
            "eps_avg_yearly": 0,
            "eps_latest_yearly": 0,
            "eps_growth_yearly": 0
        },
        "20012": {
            "year_quarter": 20012,
            "year": 2001,
            "quarter": 2,
            "eps": null,
            "eps_growth_year": null,
            "eps_4q": null,
            "eps_4q_growth_year": null,
            "roe": null,
            "roe_4q": 0,
            "gross_profit": null,
            "gross_margin": null,
            "gross_margin_4q_avg": 0,
            "net_income": null,
            "revenue": null,
            "common_shares": null,
            "book_valuer_per_share": null,
            "book_valuer_per_share_4q_avg": 0,
            "equity": null,
            "current_ratio": null,
            "debt_ratio": null,
            "inventory_turnover_ratio": null,
            "account_receivable_turnover_ratio": null,
            "reinvestment_rate": null,
            "research_to_sale_ratio": null,
            "price_fair": 0,
            "eps_avg_yearly": 0,
            "eps_latest_yearly": 0,
            "eps_growth_yearly": 0
        },
        "20013": {
            "year_quarter": 20013,
            "year": 2001,
            "quarter": 3,
            "eps": null,
            "eps_growth_year": null,
            "eps_4q": null,
            "eps_4q_growth_year": null,
            "roe": null,
            "roe_4q": 0,
            "gross_profit": null,
            "gross_margin": null,
            "gross_margin_4q_avg": 0,
            "net_income": null,
            "revenue": null,
            "common_shares": null,
            "book_valuer_per_share": null,
            "book_valuer_per_share_4q_avg": 0,
            "equity": null,
            "current_ratio": null,
            "debt_ratio": null,
            "inventory_turnover_ratio": null,
            "account_receivable_turnover_ratio": null,
            "reinvestment_rate": null,
            "research_to_sale_ratio": null,
            "price_fair": 0,
            "eps_avg_yearly": 0,
            "eps_latest_yearly": 0,
            "eps_growth_yearly": 0
        },
        "20014": {
            "year_quarter": 20014,
            "year": 2001,
            "quarter": 4,
            "eps": null,
            "eps_growth_year": null,
            "eps_4q": null,
            "eps_4q_growth_year": null,
            "roe": null,
            "roe_4q": 0,
            "gross_profit": null,
            "gross_margin": null,
            "gross_margin_4q_avg": 0,
            "net_income": null,
            "revenue": null,
            "common_shares": 225000,
            "book_valuer_per_share": 15.18,
            "book_valuer_per_share_4q_avg": 3.8,
            "equity": 357886,
            "current_ratio": 136.54,
            "debt_ratio": 52.55,
            "inventory_turnover_ratio": null,
            "account_receivable_turnover_ratio": null,
            "reinvestment_rate": null,
            "research_to_sale_ratio": null,
            "price_fair": 0,
            "eps_avg_yearly": 0,
            "eps_latest_yearly": 0,
            "eps_growth_yearly": 0
        },
        "20021": {
            "year_quarter": 20021,
            "year": 2002,
            "quarter": 1,
            "eps": null,
            "eps_growth_year": null,
            "eps_4q": null,
            "eps_4q_growth_year": null,
            "roe": null,
            "roe_4q": 0,
            "gross_profit": null,
            "gross_margin": null,
            "gross_margin_4q_avg": 0,
            "net_income": null,
            "revenue": null,
            "common_shares": null,
            "book_valuer_per_share": null,
            "book_valuer_per_share_4q_avg": 3.8,
            "equity": null,
            "current_ratio": null,
            "debt_ratio": null,
            "inventory_turnover_ratio": null,
            "account_receivable_turnover_ratio": null,
            "reinvestment_rate": null,
            "research_to_sale_ratio": null,
            "price_fair": 0,
            "eps_avg_yearly": 0,
            "eps_latest_yearly": 0,
            "eps_growth_yearly": 0
        },
        "20022": {
            "year_quarter": 20022,
            "year": 2002,
            "quarter": 2,
            "eps": null,
            "eps_growth_year": null,
            "eps_4q": null,
            "eps_4q_growth_year": null,
            "roe": null,
            "roe_4q": 0,
            "gross_profit": null,
            "gross_margin": null,
            "gross_margin_4q_avg": 0,
            "net_income": null,
            "revenue": null,
            "common_shares": null,
            "book_valuer_per_share": null,
            "book_valuer_per_share_4q_avg": 3.8,
            "equity": null,
            "current_ratio": null,
            "debt_ratio": null,
            "inventory_turnover_ratio": null,
            "account_receivable_turnover_ratio": null,
            "reinvestment_rate": null,
            "research_to_sale_ratio": null,
            "price_fair": 0,
            "eps_avg_yearly": 0,
            "eps_latest_yearly": 0,
            "eps_growth_yearly": 0
        },
        "20023": {
            "year_quarter": 20023,
            "year": 2002,
            "quarter": 3,
            "eps": 1.22,
            "eps_growth_year": null,
            "eps_4q": null,
            "eps_4q_growth_year": null,
            "roe": 8.01,
            "roe_4q": 8.01,
            "gross_profit": 58157,
            "gross_margin": 24.09,
            "gross_margin_4q_avg": 6.02,
            "net_income": 36845,
            "revenue": 241425,
            "common_shares": 301050,
            "book_valuer_per_share": 15.28,
            "book_valuer_per_share_4q_avg": 7.62,
            "equity": 459987,
            "current_ratio": 146.44,
            "debt_ratio": 44.24,
            "inventory_turnover_ratio": 0.68,
            "account_receivable_turnover_ratio": null,
            "reinvestment_rate": null,
            "research_to_sale_ratio": null,
            "price_fair": 0,
            "eps_avg_yearly": 0,
            "eps_latest_yearly": 0,
            "eps_growth_yearly": 0
        },
        "20024": {
            "year_quarter": 20024,
            "year": 2002,
            "quarter": 4,
            "eps": 0.15,
            "eps_growth_year": null,
            "eps_4q": null,
            "eps_4q_growth_year": null,
            "roe": 0.96,
            "roe_4q": 8.969999999999999,
            "gross_profit": 30088,
            "gross_margin": 13.15,
            "gross_margin_4q_avg": 9.31,
            "net_income": 4425,
            "revenue": 228753,
            "common_shares": 301050,
            "book_valuer_per_share": 15.43,
            "book_valuer_per_share_4q_avg": 7.68,
            "equity": 464411,
            "current_ratio": 153.6,
            "debt_ratio": 40.55,
            "inventory_turnover_ratio": 0.88,
            "account_receivable_turnover_ratio": null,
            "reinvestment_rate": null,
            "research_to_sale_ratio": null,
            "price_fair": 1.8,
            "eps_avg_yearly": 0.6,
            "eps_latest_yearly": 0.6,
            "eps_growth_yearly": -350.82
        },
        "20031": {
            "year_quarter": 20031,
            "year": 2003,
            "quarter": 1,
            "eps": null,
            "eps_growth_year": null,
            "eps_4q": null,
            "eps_4q_growth_year": null,
            "roe": null,
            "roe_4q": 8.969999999999999,
            "gross_profit": null,
            "gross_margin": null,
            "gross_margin_4q_avg": 9.31,
            "net_income": null,
            "revenue": null,
            "common_shares": null,
            "book_valuer_per_share": null,
            "book_valuer_per_share_4q_avg": 7.68,
            "equity": null,
            "current_ratio": null,
            "debt_ratio": null,
            "inventory_turnover_ratio": null,
            "account_receivable_turnover_ratio": null,
            "reinvestment_rate": null,
            "research_to_sale_ratio": null,
            "price_fair": 1.8,
            "eps_avg_yearly": 0.6,
            "eps_latest_yearly": 0.6,
            "eps_growth_yearly": -350.82
        },
        "20032": {
            "year_quarter": 20032,
            "year": 2003,
            "quarter": 2,
            "eps": null,
            "eps_growth_year": null,
            "eps_4q": null,
            "eps_4q_growth_year": null,
            "roe": null,
            "roe_4q": 8.969999999999999,
            "gross_profit": null,
            "gross_margin": null,
            "gross_margin_4q_avg": 9.31,
            "net_income": null,
            "revenue": null,
            "common_shares": null,
            "book_valuer_per_share": null,
            "book_valuer_per_share_4q_avg": 7.68,
            "equity": null,
            "current_ratio": null,
            "debt_ratio": null,
            "inventory_turnover_ratio": null,
            "account_receivable_turnover_ratio": null,
            "reinvestment_rate": null,
            "research_to_sale_ratio": null,
            "price_fair": 1.8,
            "eps_avg_yearly": 0.6,
            "eps_latest_yearly": 0.6,
            "eps_growth_yearly": -350.82
        },
        "20033": {
            "year_quarter": 20033,
            "year": 2003,
            "quarter": 3,
            "eps": 1.29,
            "eps_growth_year": 5.74,
            "eps_4q": null,
            "eps_4q_growth_year": null,
            "roe": 9.41,
            "roe_4q": 10.370000000000001,
            "gross_profit": 89962,
            "gross_margin": 29.6,
            "gross_margin_4q_avg": 10.69,
            "net_income": 52568,
            "revenue": 303881,
            "common_shares": 406418,
            "book_valuer_per_share": 13.75,
            "book_valuer_per_share_4q_avg": 7.3,
            "equity": 558718,
            "current_ratio": 153.89,
            "debt_ratio": 42.4,
            "inventory_turnover_ratio": 0.95,
            "account_receivable_turnover_ratio": null,
            "reinvestment_rate": null,
            "research_to_sale_ratio": null,
            "price_fair": 1.8,
            "eps_avg_yearly": 0.6,
            "eps_latest_yearly": 0.6,
            "eps_growth_yearly": -350.82
        },
        "20034": {
            "year_quarter": 20034,
            "year": 2003,
            "quarter": 4,
            "eps": 1.67,
            "eps_growth_year": 1013.33,
            "eps_4q": null,
            "eps_4q_growth_year": null,
            "roe": 11.45,
            "roe_4q": 20.86,
            "gross_profit": 101772,
            "gross_margin": 35.71,
            "gross_margin_4q_avg": 16.33,
            "net_income": 67863,
            "revenue": 284981,
            "common_shares": 406418,
            "book_valuer_per_share": 15.42,
            "book_valuer_per_share_4q_avg": 7.29,
            "equity": 626651,
            "current_ratio": 178.53,
            "debt_ratio": 36.97,
            "inventory_turnover_ratio": 0.89,
            "account_receivable_turnover_ratio": null,
            "reinvestment_rate": null,
            "research_to_sale_ratio": null,
            "price_fair": 10.92,
            "eps_avg_yearly": 3.64,
            "eps_latest_yearly": 6.68,
            "eps_growth_yearly": -116.5
        },
        "20041": {
            "year_quarter": 20041,
            "year": 2004,
            "quarter": 1,
            "eps": 1.6,
            "eps_growth_year": null,
            "eps_4q": null,
            "eps_4q_growth_year": null,
            "roe": 9.88,
            "roe_4q": 30.74,
            "gross_profit": 89673,
            "gross_margin": 38.74,
            "gross_margin_4q_avg": 26.01,
            "net_income": 65126,
            "revenue": 231478,
            "common_shares": 406418,
            "book_valuer_per_share": 17.01,
            "book_valuer_per_share_4q_avg": 11.55,
            "equity": 691391,
            "current_ratio": 202.77,
            "debt_ratio": 33.43,
            "inventory_turnover_ratio": 0.65,
            "account_receivable_turnover_ratio": null,
            "reinvestment_rate": null,
            "research_to_sale_ratio": null,
            "price_fair": 13.68,
            "eps_avg_yearly": 4.56,
            "eps_latest_yearly": 6.4,
            "eps_growth_yearly": -83.25
        },
        "20042": {
            "year_quarter": 20042,
            "year": 2004,
            "quarter": 2,
            "eps": 0.59,
            "eps_growth_year": null,
            "eps_4q": 5.13,
            "eps_4q_growth_year": null,
            "roe": 3.59,
            "roe_4q": 34.33,
            "gross_profit": 58177,
            "gross_margin": 27.12,
            "gross_margin_4q_avg": 32.79,
            "net_income": 24133,
            "revenue": 214517,
            "common_shares": 406418,
            "book_valuer_per_share": 16.05,
            "book_valuer_per_share_4q_avg": 15.56,
            "equity": 652261,
            "current_ratio": 179.55,
            "debt_ratio": 38.11,
            "inventory_turnover_ratio": 0.62,
            "account_receivable_turnover_ratio": null,
            "reinvestment_rate": null,
            "research_to_sale_ratio": null,
            "price_fair": 12.03,
            "eps_avg_yearly": 4.01,
            "eps_latest_yearly": 2.36,
            "eps_growth_yearly": -125.56
        },
        "20043": {
            "year_quarter": 20043,
            "year": 2004,
            "quarter": 3,
            "eps": 1.13,
            "eps_growth_year": -12.4,
            "eps_4q": 4.35,
            "eps_4q_growth_year": null,
            "roe": 8.11,
            "roe_4q": 33.03,
            "gross_profit": 90412,
            "gross_margin": 40.47,
            "gross_margin_4q_avg": 35.51,
            "net_income": 55144,
            "revenue": 223425,
            "common_shares": 489500,
            "book_valuer_per_share": 14.45,
            "book_valuer_per_share_4q_avg": 15.73,
            "equity": 707475,
            "current_ratio": 186.25,
            "debt_ratio": 38.05,
            "inventory_turnover_ratio": 0.47,
            "account_receivable_turnover_ratio": null,
            "reinvestment_rate": null,
            "research_to_sale_ratio": null,
            "price_fair": 12.34,
            "eps_avg_yearly": 4.11,
            "eps_latest_yearly": 4.52,
            "eps_growth_yearly": -27.23
        },
        "20044": {
            "year_quarter": 20044,
            "year": 2004,
            "quarter": 4,
            "eps": 1.06,
            "eps_growth_year": -36.53,
            "eps_4q": 4,
            "eps_4q_growth_year": null,
            "roe": 7.11,
            "roe_4q": 28.689999999999998,
            "gross_profit": 80639,
            "gross_margin": 26.29,
            "gross_margin_4q_avg": 33.16,
            "net_income": 52112,
            "revenue": 306688,
            "common_shares": 489500,
            "book_valuer_per_share": 15.48,
            "book_valuer_per_share_4q_avg": 15.75,
            "equity": 757779,
            "current_ratio": 177.08,
            "debt_ratio": 39.19,
            "inventory_turnover_ratio": 0.71,
            "account_receivable_turnover_ratio": null,
            "reinvestment_rate": null,
            "research_to_sale_ratio": null,
            "price_fair": 12.4,
            "eps_avg_yearly": 4.13,
            "eps_latest_yearly": 4.24,
            "eps_growth_yearly": -26.82
        },
        "20051": {
            "year_quarter": 20051,
            "year": 2005,
            "quarter": 1,
            "eps": 0.72,
            "eps_growth_year": -55,
            "eps_4q": 3.4,
            "eps_4q_growth_year": null,
            "roe": 4.55,
            "roe_4q": 23.36,
            "gross_profit": 71415,
            "gross_margin": 27.58,
            "gross_margin_4q_avg": 30.37,
            "net_income": 35314,
            "revenue": 258965,
            "common_shares": 489500,
            "book_valuer_per_share": 16.2,
            "book_valuer_per_share_4q_avg": 15.55,
            "equity": 792975,
            "current_ratio": 191.31,
            "debt_ratio": 36.08,
            "inventory_turnover_ratio": 0.62,
            "account_receivable_turnover_ratio": null,
            "reinvestment_rate": null,
            "research_to_sale_ratio": null,
            "price_fair": 11.86,
            "eps_avg_yearly": 3.95,
            "eps_latest_yearly": 2.88,
            "eps_growth_yearly": -41.32
        },
        "20052": {
            "year_quarter": 20052,
            "year": 2005,
            "quarter": 2,
            "eps": 0.75,
            "eps_growth_year": 27.12,
            "eps_4q": 3.68,
            "eps_4q_growth_year": -28.31,
            "roe": 4.65,
            "roe_4q": 24.419999999999998,
            "gross_profit": 54119,
            "gross_margin": 30.71,
            "gross_margin_4q_avg": 31.26,
            "net_income": 36553,
            "revenue": 176210,
            "common_shares": 489500,
            "book_valuer_per_share": 15.91,
            "book_valuer_per_share_4q_avg": 15.51,
            "equity": 778701,
            "current_ratio": 198.21,
            "debt_ratio": 32.31,
            "inventory_turnover_ratio": 0.45,
            "account_receivable_turnover_ratio": null,
            "reinvestment_rate": null,
            "research_to_sale_ratio": null,
            "price_fair": 11.51,
            "eps_avg_yearly": 3.84,
            "eps_latest_yearly": 3,
            "eps_growth_yearly": -34.07
        },
        "20053": {
            "year_quarter": 20053,
            "year": 2005,
            "quarter": 3,
            "eps": 0.55,
            "eps_growth_year": -51.33,
            "eps_4q": 2.66,
            "eps_4q_growth_year": -38.78,
            "roe": 4.06,
            "roe_4q": 20.37,
            "gross_profit": 50728,
            "gross_margin": 28.68,
            "gross_margin_4q_avg": 28.32,
            "net_income": 32271,
            "revenue": 176899,
            "common_shares": 489500,
            "book_valuer_per_share": 16.6,
            "book_valuer_per_share_4q_avg": 16.05,
            "equity": 812675,
            "current_ratio": 189.3,
            "debt_ratio": 35.82,
            "inventory_turnover_ratio": 0.45,
            "account_receivable_turnover_ratio": null,
            "reinvestment_rate": null,
            "research_to_sale_ratio": null,
            "price_fair": 10.96,
            "eps_avg_yearly": 3.65,
            "eps_latest_yearly": 2.2,
            "eps_growth_yearly": -42.14
        },
        "20054": {
            "year_quarter": 20054,
            "year": 2005,
            "quarter": 4,
            "eps": 0.92,
            "eps_growth_year": -13.21,
            "eps_4q": 2.69,
            "eps_4q_growth_year": -32.63,
            "roe": 6.49,
            "roe_4q": 19.75,
            "gross_profit": 87128,
            "gross_margin": 20.94,
            "gross_margin_4q_avg": 26.98,
            "net_income": 54036,
            "revenue": 416123,
            "common_shares": 589900,
            "book_valuer_per_share": 14.43,
            "book_valuer_per_share_4q_avg": 15.79,
            "equity": 851509,
            "current_ratio": 244.61,
            "debt_ratio": 29.15,
            "inventory_turnover_ratio": 1.02,
            "account_receivable_turnover_ratio": null,
            "reinvestment_rate": null,
            "research_to_sale_ratio": null,
            "price_fair": 10.97,
            "eps_avg_yearly": 3.66,
            "eps_latest_yearly": 3.68,
            "eps_growth_yearly": -11.01
        },
        "20061": {
            "year_quarter": 20061,
            "year": 2006,
            "quarter": 1,
            "eps": 0.4,
            "eps_growth_year": -44.44,
            "eps_4q": 2.53,
            "eps_4q_growth_year": -25.5,
            "roe": 2.7,
            "roe_4q": 17.9,
            "gross_profit": 55117,
            "gross_margin": 23.05,
            "gross_margin_4q_avg": 25.85,
            "net_income": 23049,
            "revenue": 239150,
            "common_shares": 589900,
            "book_valuer_per_share": 14.48,
            "book_valuer_per_share_4q_avg": 15.36,
            "equity": 853990,
            "current_ratio": 249.61,
            "debt_ratio": 26.98,
            "inventory_turnover_ratio": 0.59,
            "account_receivable_turnover_ratio": null,
            "reinvestment_rate": null,
            "research_to_sale_ratio": null,
            "price_fair": 10.41,
            "eps_avg_yearly": 3.47,
            "eps_latest_yearly": 1.6,
            "eps_growth_yearly": -30.57
        },
        "20062": {
            "year_quarter": 20062,
            "year": 2006,
            "quarter": 2,
            "eps": 0.34,
            "eps_growth_year": -54.67,
            "eps_4q": 2.26,
            "eps_4q_growth_year": -38.53,
            "roe": 2.34,
            "roe_4q": 15.59,
            "gross_profit": 38727,
            "gross_margin": 23.06,
            "gross_margin_4q_avg": 23.93,
            "net_income": 19373,
            "revenue": 167953,
            "common_shares": 589900,
            "book_valuer_per_share": 13.56,
            "book_valuer_per_share_4q_avg": 14.77,
            "equity": 799941,
            "current_ratio": 199.78,
            "debt_ratio": 33.78,
            "inventory_turnover_ratio": 0.44,
            "account_receivable_turnover_ratio": null,
            "reinvestment_rate": null,
            "research_to_sale_ratio": null,
            "price_fair": 9.88,
            "eps_avg_yearly": 3.29,
            "eps_latest_yearly": 1.36,
            "eps_growth_yearly": -33.02
        },
        "20063": {
            "year_quarter": 20063,
            "year": 2006,
            "quarter": 3,
            "eps": -0.1,
            "eps_growth_year": -118.18,
            "eps_4q": 1.15,
            "eps_4q_growth_year": -56.8,
            "roe": -0.63,
            "roe_4q": 10.9,
            "gross_profit": 44788,
            "gross_margin": 31.5,
            "gross_margin_4q_avg": 24.64,
            "net_income": -6463,
            "revenue": 142181,
            "common_shares": 782274,
            "book_valuer_per_share": 15.99,
            "book_valuer_per_share_4q_avg": 14.62,
            "equity": 1250644,
            "current_ratio": 172.6,
            "debt_ratio": 42.36,
            "inventory_turnover_ratio": 0.21,
            "account_receivable_turnover_ratio": null,
            "reinvestment_rate": null,
            "research_to_sale_ratio": null,
            "price_fair": 9.88,
            "eps_avg_yearly": 3.29,
            "eps_latest_yearly": 1.36,
            "eps_growth_yearly": -33.02
        },
        "20064": {
            "year_quarter": 20064,
            "year": 2006,
            "quarter": 4,
            "eps": 1.03,
            "eps_growth_year": 11.96,
            "eps_4q": 1.57,
            "eps_4q_growth_year": -41.57,
            "roe": 5.3,
            "roe_4q": 9.71,
            "gross_profit": 159908,
            "gross_margin": 29.02,
            "gross_margin_4q_avg": 26.66,
            "net_income": 68143,
            "revenue": 551094,
            "common_shares": 782274,
            "book_valuer_per_share": 16.91,
            "book_valuer_per_share_4q_avg": 15.24,
            "equity": 1322546,
            "current_ratio": 180.9,
            "debt_ratio": 41.04,
            "inventory_turnover_ratio": 0.53,
            "account_receivable_turnover_ratio": null,
            "reinvestment_rate": null,
            "research_to_sale_ratio": null,
            "price_fair": 10.61,
            "eps_avg_yearly": 3.54,
            "eps_latest_yearly": 1.36,
            "eps_growth_yearly": -4.13
        },
        "20071": {
            "year_quarter": 20071,
            "year": 2007,
            "quarter": 1,
            "eps": 1.16,
            "eps_growth_year": 190,
            "eps_4q": 2.23,
            "eps_4q_growth_year": -11.85,
            "roe": 6.18,
            "roe_4q": 13.19,
            "gross_profit": 159579,
            "gross_margin": 24.54,
            "gross_margin_4q_avg": 27.03,
            "net_income": 87690,
            "revenue": 650188,
            "common_shares": 782274,
            "book_valuer_per_share": 19.38,
            "book_valuer_per_share_4q_avg": 16.46,
            "equity": 1516186,
            "current_ratio": 280.11,
            "debt_ratio": 42.41,
            "inventory_turnover_ratio": 0.7,
            "account_receivable_turnover_ratio": null,
            "reinvestment_rate": null,
            "research_to_sale_ratio": null,
            "price_fair": 36.3,
            "eps_avg_yearly": 3.63,
            "eps_latest_yearly": 4.64,
            "eps_growth_yearly": 0.42
        },
        "20072": {
            "year_quarter": 20072,
            "year": 2007,
            "quarter": 2,
            "eps": 1.02,
            "eps_growth_year": 200,
            "eps_4q": 2.99,
            "eps_4q_growth_year": 32.21,
            "roe": 5.06,
            "roe_4q": 15.909999999999998,
            "gross_profit": 95321,
            "gross_margin": 24.29,
            "gross_margin_4q_avg": 27.34,
            "net_income": 77461,
            "revenue": 392444,
            "common_shares": 825140,
            "book_valuer_per_share": 18.69,
            "book_valuer_per_share_4q_avg": 17.74,
            "equity": 1542548,
            "current_ratio": 202.51,
            "debt_ratio": 47.05,
            "inventory_turnover_ratio": 0.48,
            "account_receivable_turnover_ratio": null,
            "reinvestment_rate": 92.65,
            "research_to_sale_ratio": null,
            "price_fair": 10.99,
            "eps_avg_yearly": 3.66,
            "eps_latest_yearly": 4.08,
            "eps_growth_yearly": -3.32
        },
        "20073": {
            "year_quarter": 20073,
            "year": 2007,
            "quarter": 3,
            "eps": 1.09,
            "eps_growth_year": null,
            "eps_4q": 4.09,
            "eps_4q_growth_year": 255.8,
            "roe": 5.33,
            "roe_4q": 21.87,
            "gross_profit": 155231,
            "gross_margin": 31.88,
            "gross_margin_4q_avg": 27.43,
            "net_income": 84671,
            "revenue": 486920,
            "common_shares": 828055,
            "book_valuer_per_share": 19.75,
            "book_valuer_per_share_4q_avg": 18.68,
            "equity": 1635633,
            "current_ratio": 198.6,
            "debt_ratio": 45.22,
            "inventory_turnover_ratio": 0.48,
            "account_receivable_turnover_ratio": null,
            "reinvestment_rate": 62.04,
            "research_to_sale_ratio": null,
            "price_fair": 11.14,
            "eps_avg_yearly": 3.71,
            "eps_latest_yearly": 4.36,
            "eps_growth_yearly": -1.13
        },
        "20074": {
            "year_quarter": 20074,
            "year": 2007,
            "quarter": 4,
            "eps": 0.16,
            "eps_growth_year": -84.47,
            "eps_4q": 3.33,
            "eps_4q_growth_year": 111.89,
            "roe": 0.75,
            "roe_4q": 17.32,
            "gross_profit": 113453,
            "gross_margin": 23.26,
            "gross_margin_4q_avg": 25.99,
            "net_income": 12593,
            "revenue": 487722,
            "common_shares": 849184,
            "book_valuer_per_share": 20.13,
            "book_valuer_per_share_4q_avg": 19.49,
            "equity": 1709581,
            "current_ratio": 235.63,
            "debt_ratio": 42.06,
            "inventory_turnover_ratio": 0.48,
            "account_receivable_turnover_ratio": null,
            "reinvestment_rate": 75.61,
            "research_to_sale_ratio": null,
            "price_fair": 9.85,
            "eps_avg_yearly": 3.28,
            "eps_latest_yearly": 0.64,
            "eps_growth_yearly": -33.92
        },
        "20081": {
            "year_quarter": 20081,
            "year": 2008,
            "quarter": 1,
            "eps": 0.13,
            "eps_growth_year": -88.79,
            "eps_4q": 2.19,
            "eps_4q_growth_year": -1.97,
            "roe": 0.64,
            "roe_4q": 11.780000000000001,
            "gross_profit": 93230,
            "gross_margin": 22.96,
            "gross_margin_4q_avg": 25.6,
            "net_income": 11036,
            "revenue": 405998,
            "common_shares": 849184,
            "book_valuer_per_share": 20.23,
            "book_valuer_per_share_4q_avg": 19.7,
            "equity": 1718171,
            "current_ratio": 186.77,
            "debt_ratio": 40.74,
            "inventory_turnover_ratio": 0.33,
            "account_receivable_turnover_ratio": null,
            "reinvestment_rate": 86.84,
            "research_to_sale_ratio": null,
            "price_fair": 8.59,
            "eps_avg_yearly": 2.86,
            "eps_latest_yearly": 0.52,
            "eps_growth_yearly": -38.08
        },
        "20082": {
            "year_quarter": 20082,
            "year": 2008,
            "quarter": 2,
            "eps": 1.01,
            "eps_growth_year": -0.98,
            "eps_4q": 2.33,
            "eps_4q_growth_year": -22.12,
            "roe": 4.98,
            "roe_4q": 11.7,
            "gross_profit": 173441,
            "gross_margin": 16.09,
            "gross_margin_4q_avg": 23.55,
            "net_income": 83099,
            "revenue": 1077818,
            "common_shares": 849184,
            "book_valuer_per_share": 19.03,
            "book_valuer_per_share_4q_avg": 19.79,
            "equity": 1616379,
            "current_ratio": 154.73,
            "debt_ratio": 48.96,
            "inventory_turnover_ratio": 0.74,
            "account_receivable_turnover_ratio": null,
            "reinvestment_rate": 84.89,
            "research_to_sale_ratio": null,
            "price_fair": 104.4,
            "eps_avg_yearly": 2.98,
            "eps_latest_yearly": 4.04,
            "eps_growth_yearly": 173.36
        },
        "20083": {
            "year_quarter": 20083,
            "year": 2008,
            "quarter": 3,
            "eps": 0.15,
            "eps_growth_year": -86.24,
            "eps_4q": 1.46,
            "eps_4q_growth_year": -64.4,
            "roe": 0.75,
            "roe_4q": 7.12,
            "gross_profit": 81337,
            "gross_margin": 14.79,
            "gross_margin_4q_avg": 19.28,
            "net_income": 12248,
            "revenue": 549947,
            "common_shares": 849184,
            "book_valuer_per_share": 19.24,
            "book_valuer_per_share_4q_avg": 19.66,
            "equity": 1633681,
            "current_ratio": 153.15,
            "debt_ratio": 48.74,
            "inventory_turnover_ratio": 0.32,
            "account_receivable_turnover_ratio": null,
            "reinvestment_rate": 94.01,
            "research_to_sale_ratio": null,
            "price_fair": 94.6,
            "eps_avg_yearly": 2.7,
            "eps_latest_yearly": 0.6,
            "eps_growth_yearly": 122.89
        },
        "20084": {
            "year_quarter": 20084,
            "year": 2008,
            "quarter": 4,
            "eps": -0.05,
            "eps_growth_year": -131.25,
            "eps_4q": 1.24,
            "eps_4q_growth_year": -62.81,
            "roe": -0.26,
            "roe_4q": 6.11,
            "gross_profit": 47859,
            "gross_margin": 8.06,
            "gross_margin_4q_avg": 15.48,
            "net_income": -4228,
            "revenue": 593476,
            "common_shares": 839034,
            "book_valuer_per_share": 19.45,
            "book_valuer_per_share_4q_avg": 19.49,
            "equity": 1631655,
            "current_ratio": 159.61,
            "debt_ratio": 46.16,
            "inventory_turnover_ratio": 0.35,
            "account_receivable_turnover_ratio": 4.82,
            "reinvestment_rate": 97.31,
            "research_to_sale_ratio": null,
            "price_fair": 90.46,
            "eps_avg_yearly": 2.58,
            "eps_latest_yearly": 0.6,
            "eps_growth_yearly": 134.24
        },
        "20091": {
            "year_quarter": 20091,
            "year": 2009,
            "quarter": 1,
            "eps": 0.28,
            "eps_growth_year": 115.38,
            "eps_4q": 1.38,
            "eps_4q_growth_year": -37.15,
            "roe": 1.42,
            "roe_4q": 6.890000000000001,
            "gross_profit": 60320,
            "gross_margin": 14.69,
            "gross_margin_4q_avg": 13.41,
            "net_income": 23296,
            "revenue": 410582,
            "common_shares": 839034,
            "book_valuer_per_share": 19.63,
            "book_valuer_per_share_4q_avg": 19.34,
            "equity": 1646682,
            "current_ratio": 180.16,
            "debt_ratio": 40.69,
            "inventory_turnover_ratio": 0.23,
            "account_receivable_turnover_ratio": 2.11,
            "reinvestment_rate": 96.36,
            "research_to_sale_ratio": null,
            "price_fair": 89.6,
            "eps_avg_yearly": 2.56,
            "eps_latest_yearly": 0.6,
            "eps_growth_yearly": 156.12
        },
        "20092": {
            "year_quarter": 20092,
            "year": 2009,
            "quarter": 2,
            "eps": -0.85,
            "eps_growth_year": -184.16,
            "eps_4q": -0.47,
            "eps_4q_growth_year": -120.08,
            "roe": -4.41,
            "roe_4q": -2.5,
            "gross_profit": -51899,
            "gross_margin": -8.81,
            "gross_margin_4q_avg": 7.18,
            "net_income": -70609,
            "revenue": 589002,
            "common_shares": 841152,
            "book_valuer_per_share": 18.48,
            "book_valuer_per_share_4q_avg": 19.2,
            "equity": 1554136,
            "current_ratio": 162.69,
            "debt_ratio": 45,
            "inventory_turnover_ratio": 0.43,
            "account_receivable_turnover_ratio": 4.36,
            "reinvestment_rate": 114.56,
            "research_to_sale_ratio": null,
            "price_fair": 88.2,
            "eps_avg_yearly": 2.52,
            "eps_latest_yearly": 0.6,
            "eps_growth_yearly": 168.8
        },
        "20093": {
            "year_quarter": 20093,
            "year": 2009,
            "quarter": 3,
            "eps": 0.15,
            "eps_growth_year": 0,
            "eps_4q": -0.44,
            "eps_4q_growth_year": -130.39,
            "roe": 0.8,
            "roe_4q": -2.45,
            "gross_profit": 59200,
            "gross_margin": 15.43,
            "gross_margin_4q_avg": 7.34,
            "net_income": 13043,
            "revenue": 383709,
            "common_shares": 936193,
            "book_valuer_per_share": 18.33,
            "book_valuer_per_share_4q_avg": 18.97,
            "equity": 1716379,
            "current_ratio": 185.42,
            "debt_ratio": 40.32,
            "inventory_turnover_ratio": 0.21,
            "account_receivable_turnover_ratio": 2.93,
            "reinvestment_rate": 120.63,
            "research_to_sale_ratio": null,
            "price_fair": 89.32,
            "eps_avg_yearly": 2.55,
            "eps_latest_yearly": 0.6,
            "eps_growth_yearly": 196.35
        },
        "20094": {
            "year_quarter": 20094,
            "year": 2009,
            "quarter": 4,
            "eps": 0.47,
            "eps_growth_year": null,
            "eps_4q": 0.07,
            "eps_4q_growth_year": -94,
            "roe": 2.36,
            "roe_4q": 0.16999999999999993,
            "gross_profit": 118274,
            "gross_margin": 27.42,
            "gross_margin_4q_avg": 12.18,
            "net_income": 41195,
            "revenue": 431376,
            "common_shares": 936267,
            "book_valuer_per_share": 19.01,
            "book_valuer_per_share_4q_avg": 18.86,
            "equity": 1768698,
            "current_ratio": 181.09,
            "debt_ratio": 42.59,
            "inventory_turnover_ratio": 0.33,
            "account_receivable_turnover_ratio": 1.21,
            "reinvestment_rate": 123.81,
            "research_to_sale_ratio": null,
            "price_fair": 83.02,
            "eps_avg_yearly": 2.37,
            "eps_latest_yearly": 1.88,
            "eps_growth_yearly": 254.77
        },
        "20101": {
            "year_quarter": 20101,
            "year": 2010,
            "quarter": 1,
            "eps": 0.27,
            "eps_growth_year": -3.57,
            "eps_4q": 0.1,
            "eps_4q_growth_year": -93.04,
            "roe": 1.42,
            "roe_4q": 0.16999999999999993,
            "gross_profit": 86763,
            "gross_margin": 20.33,
            "gross_margin_4q_avg": 13.59,
            "net_income": 25272,
            "revenue": 426869,
            "common_shares": 936267,
            "book_valuer_per_share": 19.28,
            "book_valuer_per_share_4q_avg": 18.78,
            "equity": 1793591,
            "current_ratio": 170.28,
            "debt_ratio": 45.25,
            "inventory_turnover_ratio": 0.97,
            "account_receivable_turnover_ratio": 0.71,
            "reinvestment_rate": 122.92,
            "research_to_sale_ratio": 1.76,
            "price_fair": 81.2,
            "eps_avg_yearly": 2.32,
            "eps_latest_yearly": 1.08,
            "eps_growth_yearly": 260.36
        },
        "20102": {
            "year_quarter": 20102,
            "year": 2010,
            "quarter": 2,
            "eps": 0.4,
            "eps_growth_year": null,
            "eps_4q": 1.26,
            "eps_4q_growth_year": null,
            "roe": 2.1,
            "roe_4q": 6.68,
            "gross_profit": 119862,
            "gross_margin": 21.27,
            "gross_margin_4q_avg": 21.11,
            "net_income": 37559,
            "revenue": 563644,
            "common_shares": 936267,
            "book_valuer_per_share": 19.2,
            "book_valuer_per_share_4q_avg": 18.96,
            "equity": 1785912,
            "current_ratio": 154.37,
            "debt_ratio": 51.74,
            "inventory_turnover_ratio": 1.08,
            "account_receivable_turnover_ratio": 1.02,
            "reinvestment_rate": 116.3,
            "research_to_sale_ratio": 1.66,
            "price_fair": 82.04,
            "eps_avg_yearly": 2.34,
            "eps_latest_yearly": 1.6,
            "eps_growth_yearly": 285.62
        },
        "20103": {
            "year_quarter": 20103,
            "year": 2010,
            "quarter": 3,
            "eps": 0.73,
            "eps_growth_year": 384.28,
            "eps_4q": 1.81,
            "eps_4q_growth_year": null,
            "roe": 3.79,
            "roe_4q": 9.67,
            "gross_profit": 152077,
            "gross_margin": 26.16,
            "gross_margin_4q_avg": 23.8,
            "net_income": 69582,
            "revenue": 581392,
            "common_shares": 936267,
            "book_valuer_per_share": 19.98,
            "book_valuer_per_share_4q_avg": 19.37,
            "equity": 1882079,
            "current_ratio": 165.06,
            "debt_ratio": 48.11,
            "inventory_turnover_ratio": 0.94,
            "account_receivable_turnover_ratio": 0.88,
            "reinvestment_rate": 32.62,
            "research_to_sale_ratio": 2.22,
            "price_fair": 83.87,
            "eps_avg_yearly": 2.4,
            "eps_latest_yearly": 2.92,
            "eps_growth_yearly": 289.65
        },
        "20104": {
            "year_quarter": 20104,
            "year": 2010,
            "quarter": 4,
            "eps": 0.31,
            "eps_growth_year": -33.53,
            "eps_4q": 1.48,
            "eps_4q_growth_year": 1893.48,
            "roe": 1.66,
            "roe_4q": 8.97,
            "gross_profit": 134666,
            "gross_margin": 15.44,
            "gross_margin_4q_avg": 20.8,
            "net_income": 35313,
            "revenue": 872422,
            "common_shares": 1136267,
            "book_valuer_per_share": 20.9,
            "book_valuer_per_share_4q_avg": 19.84,
            "equity": 2362502,
            "current_ratio": 215.87,
            "debt_ratio": 36.74,
            "inventory_turnover_ratio": 1.59,
            "account_receivable_turnover_ratio": 1.29,
            "reinvestment_rate": 46.35,
            "research_to_sale_ratio": 1.13,
            "price_fair": 80.5,
            "eps_avg_yearly": 2.3,
            "eps_latest_yearly": 1.24,
            "eps_growth_yearly": 246.34
        },
        "20111": {
            "year_quarter": 20111,
            "year": 2011,
            "quarter": 1,
            "eps": 0.66,
            "eps_growth_year": 144.44,
            "eps_4q": 1.91,
            "eps_4q_growth_year": 1900.66,
            "roe": 3.13,
            "roe_4q": 10.68,
            "gross_profit": 156214,
            "gross_margin": 21.02,
            "gross_margin_4q_avg": 20.97,
            "net_income": 75039,
            "revenue": 743104,
            "common_shares": 1136267,
            "book_valuer_per_share": 21.46,
            "book_valuer_per_share_4q_avg": 20.39,
            "equity": 2438365,
            "current_ratio": 211.19,
            "debt_ratio": 37.49,
            "inventory_turnover_ratio": 1.19,
            "account_receivable_turnover_ratio": 1.12,
            "reinvestment_rate": 58.27,
            "research_to_sale_ratio": 1.19,
            "price_fair": 74.67,
            "eps_avg_yearly": 2.13,
            "eps_latest_yearly": 2.64,
            "eps_growth_yearly": 279.76
        },
        "20112": {
            "year_quarter": 20112,
            "year": 2011,
            "quarter": 2,
            "eps": 0.24,
            "eps_growth_year": -40.18,
            "eps_4q": 1.77,
            "eps_4q_growth_year": 40.46,
            "roe": 1.18,
            "roe_4q": 9.76,
            "gross_profit": 100669,
            "gross_margin": 17.72,
            "gross_margin_4q_avg": 20.09,
            "net_income": 28473,
            "revenue": 568048,
            "common_shares": 1136267,
            "book_valuer_per_share": 21.04,
            "book_valuer_per_share_4q_avg": 20.85,
            "equity": 2385025,
            "current_ratio": 185.24,
            "debt_ratio": 41.38,
            "inventory_turnover_ratio": 0.82,
            "account_receivable_turnover_ratio": 0.8,
            "reinvestment_rate": 54.42,
            "research_to_sale_ratio": 2.01,
            "price_fair": 65.57,
            "eps_avg_yearly": 1.87,
            "eps_latest_yearly": 0.96,
            "eps_growth_yearly": 262.58
        },
        "20113": {
            "year_quarter": 20113,
            "year": 2011,
            "quarter": 3,
            "eps": 0.33,
            "eps_growth_year": -55.19,
            "eps_4q": 1.5,
            "eps_4q_growth_year": -17.07,
            "roe": 1.59,
            "roe_4q": 7.5600000000000005,
            "gross_profit": 110495,
            "gross_margin": 20.37,
            "gross_margin_4q_avg": 18.64,
            "net_income": 38376,
            "revenue": 542349,
            "common_shares": 1181718,
            "book_valuer_per_share": 20.61,
            "book_valuer_per_share_4q_avg": 21,
            "equity": 2430032,
            "current_ratio": 184.23,
            "debt_ratio": 40.89,
            "inventory_turnover_ratio": 0.71,
            "account_receivable_turnover_ratio": 0.74,
            "reinvestment_rate": 76.93,
            "research_to_sale_ratio": 1.99,
            "price_fair": 56.7,
            "eps_avg_yearly": 1.62,
            "eps_latest_yearly": 1.32,
            "eps_growth_yearly": 272.79
        },
        "20114": {
            "year_quarter": 20114,
            "year": 2011,
            "quarter": 4,
            "eps": -0.19,
            "eps_growth_year": -160.22,
            "eps_4q": 1.02,
            "eps_4q_growth_year": -31.01,
            "roe": -0.91,
            "roe_4q": 4.99,
            "gross_profit": 70718,
            "gross_margin": 17.05,
            "gross_margin_4q_avg": 19.04,
            "net_income": -22026,
            "revenue": 414848,
            "common_shares": 1181718,
            "book_valuer_per_share": 20.43,
            "book_valuer_per_share_4q_avg": 20.89,
            "equity": 2391618,
            "current_ratio": 158.47,
            "debt_ratio": 42.5,
            "inventory_turnover_ratio": 0.58,
            "account_receivable_turnover_ratio": 0.65,
            "reinvestment_rate": 153.91,
            "research_to_sale_ratio": 2.89,
            "price_fair": 59.82,
            "eps_avg_yearly": 1.71,
            "eps_latest_yearly": 1.32,
            "eps_growth_yearly": 328.61
        },
        "20121": {
            "year_quarter": 20121,
            "year": 2012,
            "quarter": 1,
            "eps": 0.04,
            "eps_growth_year": -93.94,
            "eps_4q": 0.42,
            "eps_4q_growth_year": -78.24,
            "roe": 0.18,
            "roe_4q": 2.04,
            "gross_profit": 59018,
            "gross_margin": 16.83,
            "gross_margin_4q_avg": 17.99,
            "net_income": 4396,
            "revenue": 350766,
            "common_shares": 1181718,
            "book_valuer_per_share": 20.26,
            "book_valuer_per_share_4q_avg": 20.59,
            "equity": 2393983,
            "current_ratio": 158.18,
            "debt_ratio": 43,
            "inventory_turnover_ratio": 0.49,
            "account_receivable_turnover_ratio": 0.67,
            "reinvestment_rate": 154.15,
            "research_to_sale_ratio": 0.64,
            "price_fair": 63.98,
            "eps_avg_yearly": 1.83,
            "eps_latest_yearly": 1.32,
            "eps_growth_yearly": 368.97
        },
        "20122": {
            "year_quarter": 20122,
            "year": 2012,
            "quarter": 2,
            "eps": 0.45,
            "eps_growth_year": 86.01,
            "eps_4q": 0.62,
            "eps_4q_growth_year": -64.71,
            "roe": 2.25,
            "roe_4q": 3.1100000000000003,
            "gross_profit": 75313,
            "gross_margin": 23.5,
            "gross_margin_4q_avg": 19.44,
            "net_income": 53372,
            "revenue": 320445,
            "common_shares": 1181718,
            "book_valuer_per_share": 20.45,
            "book_valuer_per_share_4q_avg": 20.44,
            "equity": 2358324,
            "current_ratio": 163.19,
            "debt_ratio": 46.24,
            "inventory_turnover_ratio": 0.4,
            "account_receivable_turnover_ratio": 0.65,
            "reinvestment_rate": 89.94,
            "research_to_sale_ratio": 2.01,
            "price_fair": 56.14,
            "eps_avg_yearly": 1.6,
            "eps_latest_yearly": 1.8,
            "eps_growth_yearly": 508.2
        },
        "20123": {
            "year_quarter": 20123,
            "year": 2012,
            "quarter": 3,
            "eps": 0.36,
            "eps_growth_year": 11.88,
            "eps_4q": 0.67,
            "eps_4q_growth_year": -55.12,
            "roe": 1.79,
            "roe_4q": 3.3099999999999996,
            "gross_profit": 52214,
            "gross_margin": 15.5,
            "gross_margin_4q_avg": 18.22,
            "net_income": 41939,
            "revenue": 336806,
            "common_shares": 1181925,
            "book_valuer_per_share": 20.14,
            "book_valuer_per_share_4q_avg": 20.32,
            "equity": 2319558,
            "current_ratio": 125.49,
            "debt_ratio": 45.49,
            "inventory_turnover_ratio": 0.41,
            "account_receivable_turnover_ratio": 0.59,
            "reinvestment_rate": 74.15,
            "research_to_sale_ratio": 1.7,
            "price_fair": 59.08,
            "eps_avg_yearly": 1.69,
            "eps_latest_yearly": 1.44,
            "eps_growth_yearly": 534.26
        },
        "20124": {
            "year_quarter": 20124,
            "year": 2012,
            "quarter": 4,
            "eps": 0.46,
            "eps_growth_year": null,
            "eps_4q": 1.33,
            "eps_4q_growth_year": 29.85,
            "roe": 2.28,
            "roe_4q": 6.5,
            "gross_profit": 142543,
            "gross_margin": 12.48,
            "gross_margin_4q_avg": 17.08,
            "net_income": 53379,
            "revenue": 1142024,
            "common_shares": 1181925,
            "book_valuer_per_share": 20.6,
            "book_valuer_per_share_4q_avg": 20.36,
            "equity": 2372152,
            "current_ratio": 134.22,
            "debt_ratio": 40.04,
            "inventory_turnover_ratio": 1.47,
            "account_receivable_turnover_ratio": 1.81,
            "reinvestment_rate": 61.12,
            "research_to_sale_ratio": 1.19,
            "price_fair": 59.56,
            "eps_avg_yearly": 1.7,
            "eps_latest_yearly": 1.84,
            "eps_growth_yearly": 495.8
        },
        "20131": {
            "year_quarter": 20131,
            "year": 2013,
            "quarter": 1,
            "eps": 0.32,
            "eps_growth_year": 700,
            "eps_4q": 1.61,
            "eps_4q_growth_year": 287.62,
            "roe": 1.53,
            "roe_4q": 7.85,
            "gross_profit": 110604,
            "gross_margin": 23.71,
            "gross_margin_4q_avg": 18.8,
            "net_income": 37231,
            "revenue": 466547,
            "common_shares": 1181925,
            "book_valuer_per_share": 21.67,
            "book_valuer_per_share_4q_avg": 20.72,
            "equity": 2495322,
            "current_ratio": 143.48,
            "debt_ratio": 40.2,
            "inventory_turnover_ratio": 0.56,
            "account_receivable_turnover_ratio": 1,
            "reinvestment_rate": 63.33,
            "research_to_sale_ratio": 1.89,
            "price_fair": 58.33,
            "eps_avg_yearly": 1.67,
            "eps_latest_yearly": 1.28,
            "eps_growth_yearly": 444.33
        },
        "20132": {
            "year_quarter": 20132,
            "year": 2013,
            "quarter": 2,
            "eps": 0.38,
            "eps_growth_year": -15.4,
            "eps_4q": 1.52,
            "eps_4q_growth_year": 144.41,
            "roe": 1.75,
            "roe_4q": 7.3500000000000005,
            "gross_profit": 124673,
            "gross_margin": 24.53,
            "gross_margin_4q_avg": 19.06,
            "net_income": 43030,
            "revenue": 508259,
            "common_shares": 1181925,
            "book_valuer_per_share": 21.05,
            "book_valuer_per_share_4q_avg": 20.87,
            "equity": 2423800,
            "current_ratio": 133.59,
            "debt_ratio": 44.49,
            "inventory_turnover_ratio": 0.54,
            "account_receivable_turnover_ratio": 1.6,
            "reinvestment_rate": 51.09,
            "research_to_sale_ratio": 1.87,
            "price_fair": 57.94,
            "eps_avg_yearly": 1.66,
            "eps_latest_yearly": 1.52,
            "eps_growth_yearly": 415.92
        },
        "20133": {
            "year_quarter": 20133,
            "year": 2013,
            "quarter": 3,
            "eps": 0.38,
            "eps_growth_year": 4.34,
            "eps_4q": 1.54,
            "eps_4q_growth_year": 128.64,
            "roe": 1.8,
            "roe_4q": 7.359999999999999,
            "gross_profit": 140999,
            "gross_margin": 19.53,
            "gross_margin_4q_avg": 20.06,
            "net_income": 43971,
            "revenue": 722038,
            "common_shares": 1181925,
            "book_valuer_per_share": 21.42,
            "book_valuer_per_share_4q_avg": 21.19,
            "equity": 2466346,
            "current_ratio": 129.54,
            "debt_ratio": 40.66,
            "inventory_turnover_ratio": 0.78,
            "account_receivable_turnover_ratio": 2.18,
            "reinvestment_rate": 45.15,
            "research_to_sale_ratio": 1.19,
            "price_fair": 57.6,
            "eps_avg_yearly": 1.65,
            "eps_latest_yearly": 1.52,
            "eps_growth_yearly": 386.22
        },
        "20134": {
            "year_quarter": 20134,
            "year": 2013,
            "quarter": 4,
            "eps": 0.55,
            "eps_growth_year": 18.47,
            "eps_4q": 1.63,
            "eps_4q_growth_year": 22.46,
            "roe": 2.53,
            "roe_4q": 7.61,
            "gross_profit": 155932,
            "gross_margin": 20.5,
            "gross_margin_4q_avg": 22.07,
            "net_income": 63236,
            "revenue": 760473,
            "common_shares": 1181925,
            "book_valuer_per_share": 21.99,
            "book_valuer_per_share_4q_avg": 21.53,
            "equity": 2532301,
            "current_ratio": 136.01,
            "debt_ratio": 40.44,
            "inventory_turnover_ratio": 0.86,
            "account_receivable_turnover_ratio": 1.9,
            "reinvestment_rate": 38.11,
            "research_to_sale_ratio": 1.46,
            "price_fair": 58.4,
            "eps_avg_yearly": 1.67,
            "eps_latest_yearly": 2.2,
            "eps_growth_yearly": 338.04
        },
        "20141": {
            "year_quarter": 20141,
            "year": 2014,
            "quarter": 1,
            "eps": 1.06,
            "eps_growth_year": 231.25,
            "eps_4q": 2.36,
            "eps_4q_growth_year": 46.45,
            "roe": 4.71,
            "roe_4q": 10.790000000000001,
            "gross_profit": 209654,
            "gross_margin": 26.5,
            "gross_margin_4q_avg": 22.77,
            "net_income": 122040,
            "revenue": 791183,
            "common_shares": 1181925,
            "book_valuer_per_share": 23.06,
            "book_valuer_per_share_4q_avg": 21.88,
            "equity": 2655222,
            "current_ratio": 152.57,
            "debt_ratio": 36.26,
            "inventory_turnover_ratio": 0.9,
            "account_receivable_turnover_ratio": 1.58,
            "reinvestment_rate": 33.23,
            "research_to_sale_ratio": 1.2,
            "price_fair": 66.3,
            "eps_avg_yearly": 1.89,
            "eps_latest_yearly": 4.24,
            "eps_growth_yearly": 376.7
        },
        "20142": {
            "year_quarter": 20142,
            "year": 2014,
            "quarter": 2,
            "eps": 0.57,
            "eps_growth_year": 50,
            "eps_4q": 2.56,
            "eps_4q_growth_year": 67.73,
            "roe": 2.49,
            "roe_4q": 11.530000000000001,
            "gross_profit": 170664,
            "gross_margin": 24.11,
            "gross_margin_4q_avg": 22.66,
            "net_income": 65246,
            "revenue": 707998,
            "common_shares": 1181925,
            "book_valuer_per_share": 22.41,
            "book_valuer_per_share_4q_avg": 22.22,
            "equity": 2580787,
            "current_ratio": 145.78,
            "debt_ratio": 38.74,
            "inventory_turnover_ratio": 0.86,
            "account_receivable_turnover_ratio": 1.33,
            "reinvestment_rate": 30.99,
            "research_to_sale_ratio": 1.21,
            "price_fair": 68,
            "eps_avg_yearly": 1.94,
            "eps_latest_yearly": 2.28,
            "eps_growth_yearly": 349.73
        },
        "20143": {
            "year_quarter": 20143,
            "year": 2014,
            "quarter": 3,
            "eps": 0.73,
            "eps_growth_year": 92.11,
            "eps_4q": 2.91,
            "eps_4q_growth_year": 88.58,
            "roe": 3.21,
            "roe_4q": 12.94,
            "gross_profit": 185677,
            "gross_margin": 25.7,
            "gross_margin_4q_avg": 24.2,
            "net_income": 84423,
            "revenue": 722403,
            "common_shares": 1181925,
            "book_valuer_per_share": 23.27,
            "book_valuer_per_share_4q_avg": 22.68,
            "equity": 2679585,
            "current_ratio": 155.89,
            "debt_ratio": 37.1,
            "inventory_turnover_ratio": 0.85,
            "account_receivable_turnover_ratio": 1.3,
            "reinvestment_rate": 29.45,
            "research_to_sale_ratio": 1.42,
            "price_fair": 68,
            "eps_avg_yearly": 1.94,
            "eps_latest_yearly": 2.92,
            "eps_growth_yearly": 334.18
        },
        "20144": {
            "year_quarter": 20144,
            "year": 2014,
            "quarter": 4,
            "eps": 0.68,
            "eps_growth_year": 23.09,
            "eps_4q": 3.02,
            "eps_4q_growth_year": 85.44,
            "roe": 2.87,
            "roe_4q": 13.280000000000001,
            "gross_profit": 167443,
            "gross_margin": 22.47,
            "gross_margin_4q_avg": 24.7,
            "net_income": 78387,
            "revenue": 745159,
            "common_shares": 1181925,
            "book_valuer_per_share": 23.95,
            "book_valuer_per_share_4q_avg": 23.17,
            "equity": 2777530,
            "current_ratio": 164.89,
            "debt_ratio": 35.08,
            "inventory_turnover_ratio": 0.92,
            "account_receivable_turnover_ratio": 1.17,
            "reinvestment_rate": 15.73,
            "research_to_sale_ratio": 1.39,
            "price_fair": 71.7,
            "eps_avg_yearly": 2.05,
            "eps_latest_yearly": 2.72,
            "eps_growth_yearly": 348.66
        },
        "20151": {
            "year_quarter": 20151,
            "year": 2015,
            "quarter": 1,
            "eps": 0.82,
            "eps_growth_year": -22.64,
            "eps_4q": 2.79,
            "eps_4q_growth_year": 18,
            "roe": 3.4,
            "roe_4q": 11.97,
            "gross_profit": 194745,
            "gross_margin": 30.3,
            "gross_margin_4q_avg": 25.65,
            "net_income": 95492,
            "revenue": 642725,
            "common_shares": 1181925,
            "book_valuer_per_share": 24.51,
            "book_valuer_per_share_4q_avg": 23.54,
            "equity": 2842723,
            "current_ratio": 175.33,
            "debt_ratio": 34.62,
            "inventory_turnover_ratio": 0.72,
            "account_receivable_turnover_ratio": 1,
            "reinvestment_rate": 13.18,
            "research_to_sale_ratio": 1.63,
            "price_fair": 73.3,
            "eps_avg_yearly": 2.09,
            "eps_latest_yearly": 3.28,
            "eps_growth_yearly": 322.29
        },
        "20152": {
            "year_quarter": 20152,
            "year": 2015,
            "quarter": 2,
            "eps": 0.62,
            "eps_growth_year": 8.77,
            "eps_4q": 2.8,
            "eps_4q_growth_year": 9.54,
            "roe": 2.57,
            "roe_4q": 12.05,
            "gross_profit": 229702,
            "gross_margin": 30.02,
            "gross_margin_4q_avg": 27.12,
            "net_income": 71974,
            "revenue": 765202,
            "common_shares": 1181925,
            "book_valuer_per_share": 23.43,
            "book_valuer_per_share_4q_avg": 23.79,
            "equity": 2762954,
            "current_ratio": 157.72,
            "debt_ratio": 39.71,
            "inventory_turnover_ratio": 0.83,
            "account_receivable_turnover_ratio": 1.3,
            "reinvestment_rate": 4.07,
            "research_to_sale_ratio": 1.37,
            "price_fair": 77.1,
            "eps_avg_yearly": 2.2,
            "eps_latest_yearly": 2.48,
            "eps_growth_yearly": 333.5
        },
        "20153": {
            "year_quarter": 20153,
            "year": 2015,
            "quarter": 3,
            "eps": 1.13,
            "eps_growth_year": 54.79,
            "eps_4q": 3.22,
            "eps_4q_growth_year": 10.59,
            "roe": 4.71,
            "roe_4q": 13.55,
            "gross_profit": 231806,
            "gross_margin": 28.97,
            "gross_margin_4q_avg": 27.94,
            "net_income": 133404,
            "revenue": 800189,
            "common_shares": 1181925,
            "book_valuer_per_share": 24.59,
            "book_valuer_per_share_4q_avg": 24.12,
            "equity": 2899090,
            "current_ratio": 179.33,
            "debt_ratio": 35.93,
            "inventory_turnover_ratio": 0.85,
            "account_receivable_turnover_ratio": 1.2,
            "reinvestment_rate": -5.52,
            "research_to_sale_ratio": 1.56,
            "price_fair": 85.1,
            "eps_avg_yearly": 2.43,
            "eps_latest_yearly": 4.52,
            "eps_growth_yearly": 346.29
        },
        "20154": {
            "year_quarter": 20154,
            "year": 2015,
            "quarter": 4,
            "eps": 0.95,
            "eps_growth_year": 39.97,
            "eps_4q": 3.5,
            "eps_4q_growth_year": 15.87,
            "roe": 3.78,
            "roe_4q": 14.46,
            "gross_profit": 267160,
            "gross_margin": 30.46,
            "gross_margin_4q_avg": 29.94,
            "net_income": 111552,
            "revenue": 877138,
            "common_shares": 1181925,
            "book_valuer_per_share": 25.41,
            "book_valuer_per_share_4q_avg": 24.49,
            "equity": 2995555,
            "current_ratio": 193.06,
            "debt_ratio": 34.47,
            "inventory_turnover_ratio": 0.95,
            "account_receivable_turnover_ratio": 1.34,
            "reinvestment_rate": -36.53,
            "research_to_sale_ratio": 1.37,
            "price_fair": 88.29,
            "eps_avg_yearly": 2.52,
            "eps_latest_yearly": 3.8,
            "eps_growth_yearly": 318.95
        },
        "20161": {
            "year_quarter": 20161,
            "year": 2016,
            "quarter": 1,
            "eps": 1.18,
            "eps_growth_year": 43.9,
            "eps_4q": 3.87,
            "eps_4q_growth_year": 38.75,
            "roe": 4.55,
            "roe_4q": 15.61,
            "gross_profit": 266247,
            "gross_margin": 33.34,
            "gross_margin_4q_avg": 30.7,
            "net_income": 139467,
            "revenue": 798499,
            "common_shares": 1181925,
            "book_valuer_per_share": 26.58,
            "book_valuer_per_share_4q_avg": 25,
            "equity": 3133938,
            "current_ratio": 240.75,
            "debt_ratio": 30.39,
            "inventory_turnover_ratio": 0.86,
            "account_receivable_turnover_ratio": 1.45,
            "reinvestment_rate": -35.93,
            "research_to_sale_ratio": 1.49,
            "price_fair": 93.1,
            "eps_avg_yearly": 2.66,
            "eps_latest_yearly": 4.72,
            "eps_growth_yearly": 305.07
        },
        "20162": {
            "year_quarter": 20162,
            "year": 2016,
            "quarter": 2,
            "eps": 1.05,
            "eps_growth_year": 69.35,
            "eps_4q": 4.31,
            "eps_4q_growth_year": 53.86,
            "roe": 4.04,
            "roe_4q": 17.08,
            "gross_profit": 239215,
            "gross_margin": 31.01,
            "gross_margin_4q_avg": 30.95,
            "net_income": 123731,
            "revenue": 771454,
            "common_shares": 1181925,
            "book_valuer_per_share": 25.41,
            "book_valuer_per_share_4q_avg": 25.5,
            "equity": 2996358,
            "current_ratio": 202.27,
            "debt_ratio": 35.8,
            "inventory_turnover_ratio": 0.83,
            "account_receivable_turnover_ratio": 1.32,
            "reinvestment_rate": -16.56,
            "research_to_sale_ratio": 1.63,
            "price_fair": 98.35,
            "eps_avg_yearly": 2.81,
            "eps_latest_yearly": 4.2,
            "eps_growth_yearly": 46.07
        },
        "20163": {
            "year_quarter": 20163,
            "year": 2016,
            "quarter": 3,
            "eps": 1.1,
            "eps_growth_year": -2.65,
            "eps_4q": 4.28,
            "eps_4q_growth_year": 32.98,
            "roe": 4.24,
            "roe_4q": 16.610000000000003,
            "gross_profit": 263604,
            "gross_margin": 30.86,
            "gross_margin_4q_avg": 31.42,
            "net_income": 129573,
            "revenue": 854123,
            "common_shares": 1181925,
            "book_valuer_per_share": 26.48,
            "book_valuer_per_share_4q_avg": 25.97,
            "equity": 3122165,
            "current_ratio": 238.64,
            "debt_ratio": 30.82,
            "inventory_turnover_ratio": 0.9,
            "account_receivable_turnover_ratio": 1.41,
            "reinvestment_rate": -15.37,
            "research_to_sale_ratio": 1.28,
            "price_fair": 104.83,
            "eps_avg_yearly": 3,
            "eps_latest_yearly": 4.4,
            "eps_growth_yearly": 52.26
        },
        "20164": {
            "year_quarter": 20164,
            "year": 2016,
            "quarter": 4,
            "eps": 1.18,
            "eps_growth_year": 24.79,
            "eps_4q": 4.51,
            "eps_4q_growth_year": 28.99,
            "roe": 4.36,
            "roe_4q": 17.19,
            "gross_profit": 246201,
            "gross_margin": 30.75,
            "gross_margin_4q_avg": 31.49,
            "net_income": 139206,
            "revenue": 800683,
            "common_shares": 1181925,
            "book_valuer_per_share": 27.63,
            "book_valuer_per_share_4q_avg": 26.53,
            "equity": 3258377,
            "current_ratio": 244.95,
            "debt_ratio": 29.85,
            "inventory_turnover_ratio": 0.86,
            "account_receivable_turnover_ratio": 1.26,
            "reinvestment_rate": -13.61,
            "research_to_sale_ratio": 1.64,
            "price_fair": 111.13,
            "eps_avg_yearly": 3.18,
            "eps_latest_yearly": 4.72,
            "eps_growth_yearly": 47.13
        },
        "20171": {
            "year_quarter": 20171,
            "year": 2017,
            "quarter": 1,
            "eps": 0.94,
            "eps_growth_year": -20.34,
            "eps_4q": 4.27,
            "eps_4q_growth_year": 10.25,
            "roe": 3.34,
            "roe_4q": 15.98,
            "gross_profit": 280812,
            "gross_margin": 32.69,
            "gross_margin_4q_avg": 31.33,
            "net_income": 110681,
            "revenue": 858897,
            "common_shares": 1181925,
            "book_valuer_per_share": 28.57,
            "book_valuer_per_share_4q_avg": 27.02,
            "equity": 3368604,
            "current_ratio": 259.37,
            "debt_ratio": 28.69,
            "inventory_turnover_ratio": 0.9,
            "account_receivable_turnover_ratio": 1.45,
            "reinvestment_rate": -11.82,
            "research_to_sale_ratio": 1.87,
            "price_fair": 116.55,
            "eps_avg_yearly": 3.33,
            "eps_latest_yearly": 3.76,
            "eps_growth_yearly": 49.66
        },
        "20172": {
            "year_quarter": 20172,
            "year": 2017,
            "quarter": 2,
            "eps": 1.06,
            "eps_growth_year": 0.95,
            "eps_4q": 4.28,
            "eps_4q_growth_year": -0.77,
            "roe": 3.81,
            "roe_4q": 15.750000000000002,
            "gross_profit": 243804,
            "gross_margin": 29.63,
            "gross_margin_4q_avg": 30.98,
            "net_income": 124776,
            "revenue": 822851,
            "common_shares": 1181925,
            "book_valuer_per_share": 26.93,
            "book_valuer_per_share_4q_avg": 27.4,
            "equity": 3175280,
            "current_ratio": 202.96,
            "debt_ratio": 34.44,
            "inventory_turnover_ratio": 0.89,
            "account_receivable_turnover_ratio": 1.65,
            "reinvestment_rate": -4.55,
            "research_to_sale_ratio": 2.01,
            "price_fair": 122.5,
            "eps_avg_yearly": 3.5,
            "eps_latest_yearly": 4.24,
            "eps_growth_yearly": 48.16
        },
        "20173": {
            "year_quarter": 20173,
            "year": 2017,
            "quarter": 3,
            "eps": 1.08,
            "eps_growth_year": -1.82,
            "eps_4q": 4.26,
            "eps_4q_growth_year": -0.45,
            "roe": 3.93,
            "roe_4q": 15.440000000000001,
            "gross_profit": 245368,
            "gross_margin": 30.71,
            "gross_margin_4q_avg": 30.95,
            "net_income": 127398,
            "revenue": 799039,
            "common_shares": 1181925,
            "book_valuer_per_share": 28.02,
            "book_valuer_per_share_4q_avg": 27.79,
            "equity": 3304106,
            "current_ratio": 181.66,
            "debt_ratio": 34.71,
            "inventory_turnover_ratio": 0.86,
            "account_receivable_turnover_ratio": 1.57,
            "reinvestment_rate": 27.32,
            "research_to_sale_ratio": 1.94,
            "price_fair": 128.63,
            "eps_avg_yearly": 3.68,
            "eps_latest_yearly": 4.32,
            "eps_growth_yearly": 48.63
        },
        "20174": {
            "year_quarter": 20174,
            "year": 2017,
            "quarter": 4,
            "eps": 0.94,
            "eps_growth_year": -20.04,
            "eps_4q": 4.02,
            "eps_4q_growth_year": -10.87,
            "roe": 3.31,
            "roe_4q": 14.39,
            "gross_profit": 201241,
            "gross_margin": 28.16,
            "gross_margin_4q_avg": 30.3,
            "net_income": 111307,
            "revenue": 714528,
            "common_shares": 1181925,
            "book_valuer_per_share": 28.94,
            "book_valuer_per_share_4q_avg": 28.12,
            "equity": 3412369,
            "current_ratio": 198.73,
            "debt_ratio": 30.87,
            "inventory_turnover_ratio": 0.83,
            "account_receivable_turnover_ratio": 1.34,
            "reinvestment_rate": 31.97,
            "research_to_sale_ratio": 1.97,
            "price_fair": 132.04,
            "eps_avg_yearly": 3.77,
            "eps_latest_yearly": 3.76,
            "eps_growth_yearly": 34.21
        },
        "20181": {
            "year_quarter": 20181,
            "year": 2018,
            "quarter": 1,
            "eps": 0.82,
            "eps_growth_year": -12.77,
            "eps_4q": 3.91,
            "eps_4q_growth_year": -8.48,
            "roe": 2.8,
            "roe_4q": 13.85,
            "gross_profit": 207978,
            "gross_margin": 28.8,
            "gross_margin_4q_avg": 29.33,
            "net_income": 97055,
            "revenue": 722235,
            "common_shares": 1181925,
            "book_valuer_per_share": 29.79,
            "book_valuer_per_share_4q_avg": 28.42,
            "equity": 3512000,
            "current_ratio": 212.7,
            "debt_ratio": 27.66,
            "inventory_turnover_ratio": 0.9,
            "account_receivable_turnover_ratio": 1.38,
            "reinvestment_rate": 36.21,
            "research_to_sale_ratio": 2.32,
            "price_fair": 66.21,
            "eps_avg_yearly": 3.71,
            "eps_latest_yearly": 3.28,
            "eps_growth_yearly": 7.83
        },
        "20182": {
            "year_quarter": 20182,
            "year": 2018,
            "quarter": 2,
            "eps": 0.61,
            "eps_growth_year": -42.45,
            "eps_4q": 3.46,
            "eps_4q_growth_year": -19.19,
            "roe": 2.12,
            "roe_4q": 12.16,
            "gross_profit": 137854,
            "gross_margin": 26.13,
            "gross_margin_4q_avg": 28.45,
            "net_income": 71707,
            "revenue": 527602,
            "common_shares": 1181925,
            "book_valuer_per_share": 27.69,
            "book_valuer_per_share_4q_avg": 28.61,
            "equity": 3264887,
            "current_ratio": 169.19,
            "debt_ratio": 33,
            "inventory_turnover_ratio": 0.64,
            "account_receivable_turnover_ratio": 1.08,
            "reinvestment_rate": 39.87,
            "research_to_sale_ratio": 2.53,
            "price_fair": 85.57,
            "eps_avg_yearly": 3.72,
            "eps_latest_yearly": 2.44,
            "eps_growth_yearly": 12.99
        },
        "20183": {
            "year_quarter": 20183,
            "year": 2018,
            "quarter": 3,
            "eps": 0.59,
            "eps_growth_year": -45.37,
            "eps_4q": 2.96,
            "eps_4q_growth_year": -30.47,
            "roe": 2.09,
            "roe_4q": 10.32,
            "gross_profit": 179238,
            "gross_margin": 19.69,
            "gross_margin_4q_avg": 25.7,
            "net_income": 69017,
            "revenue": 910508,
            "common_shares": 1181925,
            "book_valuer_per_share": 28.27,
            "book_valuer_per_share_4q_avg": 28.67,
            "equity": 3332757,
            "current_ratio": 165.33,
            "debt_ratio": 34.02,
            "inventory_turnover_ratio": 1.01,
            "account_receivable_turnover_ratio": 1.88,
            "reinvestment_rate": 39.06,
            "research_to_sale_ratio": 2.24,
            "price_fair": 55.87,
            "eps_avg_yearly": 3.69,
            "eps_latest_yearly": 2.36,
            "eps_growth_yearly": 5.15
        },
        "20184": {
            "year_quarter": 20184,
            "year": 2018,
            "quarter": 4,
            "eps": 0.55,
            "eps_growth_year": -41.47,
            "eps_4q": 2.57,
            "eps_4q_growth_year": -36.11,
            "roe": 1.94,
            "roe_4q": 8.95,
            "gross_profit": 186922,
            "gross_margin": 15.06,
            "gross_margin_4q_avg": 22.42,
            "net_income": 65146,
            "revenue": 1240803,
            "common_shares": 1181925,
            "book_valuer_per_share": 28.81,
            "book_valuer_per_share_4q_avg": 28.64,
            "equity": 3397262,
            "current_ratio": 160.28,
            "debt_ratio": 35.79,
            "inventory_turnover_ratio": 1.35,
            "account_receivable_turnover_ratio": 2.1,
            "reinvestment_rate": 43.78,
            "research_to_sale_ratio": 1.27,
            "price_fair": 55.44,
            "eps_avg_yearly": 3.66,
            "eps_latest_yearly": 2.2,
            "eps_growth_yearly": 5.17
        },
        "20191": {
            "year_quarter": 20191,
            "year": 2019,
            "quarter": 1,
            "eps": 0.99,
            "eps_growth_year": 20.73,
            "eps_4q": 2.73,
            "eps_4q_growth_year": -30.07,
            "roe": 3.36,
            "roe_4q": 9.51,
            "gross_profit": 215927,
            "gross_margin": 19.64,
            "gross_margin_4q_avg": 20.13,
            "net_income": 116178,
            "revenue": 1099630,
            "common_shares": 1181925,
            "book_valuer_per_share": 29.77,
            "book_valuer_per_share_4q_avg": 28.64,
            "equity": 3509962,
            "current_ratio": 178.08,
            "debt_ratio": 32.67,
            "inventory_turnover_ratio": 1.17,
            "account_receivable_turnover_ratio": 1.75,
            "reinvestment_rate": 44.83,
            "research_to_sale_ratio": 1.31,
            "price_fair": 111,
            "eps_avg_yearly": 3.7,
            "eps_latest_yearly": 3.96,
            "eps_growth_yearly": 20.02
        },
        "20192": {
            "year_quarter": 20192,
            "year": 2019,
            "quarter": 2,
            "eps": 0.44,
            "eps_growth_year": -27.87,
            "eps_4q": 2.56,
            "eps_4q_growth_year": -25.83,
            "roe": 1.53,
            "roe_4q": 8.92,
            "gross_profit": 151600,
            "gross_margin": 17.19,
            "gross_margin_4q_avg": 17.9,
            "net_income": 51864,
            "revenue": 882149,
            "common_shares": 1181925,
            "book_valuer_per_share": 27.7,
            "book_valuer_per_share_4q_avg": 28.64,
            "equity": 3265596,
            "current_ratio": 156.99,
            "debt_ratio": 35.98,
            "inventory_turnover_ratio": 1.02,
            "account_receivable_turnover_ratio": 1.56,
            "reinvestment_rate": 47.86,
            "research_to_sale_ratio": 1.89,
            "price_fair": 81.19,
            "eps_avg_yearly": 3.65,
            "eps_latest_yearly": 1.76,
            "eps_growth_yearly": 12.23
        },
        "20193": {
            "year_quarter": 20193,
            "year": 2019,
            "quarter": 3,
            "eps": 0.44,
            "eps_growth_year": -25.42,
            "eps_4q": 2.42,
            "eps_4q_growth_year": -18.4,
            "roe": 1.57,
            "roe_4q": 8.4,
            "gross_profit": 163433,
            "gross_margin": 20.57,
            "gross_margin_4q_avg": 18.12,
            "net_income": 51664,
            "revenue": 794399,
            "common_shares": 1181925,
            "book_valuer_per_share": 28.13,
            "book_valuer_per_share_4q_avg": 28.6,
            "equity": 3316563,
            "current_ratio": 159.1,
            "debt_ratio": 36.17,
            "inventory_turnover_ratio": 0.84,
            "account_receivable_turnover_ratio": 1.38,
            "reinvestment_rate": 43.45,
            "research_to_sale_ratio": 1.91,
            "price_fair": 10.44,
            "eps_avg_yearly": 3.48,
            "eps_latest_yearly": 1.76,
            "eps_growth_yearly": -8.33
        },
        "20194": {
            "year_quarter": 20194,
            "year": 2019,
            "quarter": 4,
            "eps": 0.65,
            "eps_growth_year": 17.16,
            "eps_4q": 2.51,
            "eps_4q_growth_year": -2.28,
            "roe": 2.28,
            "roe_4q": 8.74,
            "gross_profit": 214786,
            "gross_margin": 24.84,
            "gross_margin_4q_avg": 20.56,
            "net_income": 76324,
            "revenue": 864852,
            "common_shares": 1181925,
            "book_valuer_per_share": 28.75,
            "book_valuer_per_share_4q_avg": 28.59,
            "equity": 3389545,
            "current_ratio": 180.72,
            "debt_ratio": 31.21,
            "inventory_turnover_ratio": 0.87,
            "account_receivable_turnover_ratio": 1.47,
            "reinvestment_rate": 45.11,
            "research_to_sale_ratio": 2.52,
            "price_fair": 59.86,
            "eps_avg_yearly": 3.41,
            "eps_latest_yearly": 2.6,
            "eps_growth_yearly": 7.58
        },
        "20201": {
            "year_quarter": 20201,
            "year": 2020,
            "quarter": 1,
            "eps": 0.98,
            "eps_growth_year": -1.01,
            "eps_4q": 2.5,
            "eps_4q_growth_year": -8.36,
            "roe": 3.34,
            "roe_4q": 8.719999999999999,
            "gross_profit": 220555,
            "gross_margin": 24.64,
            "gross_margin_4q_avg": 21.81,
            "net_income": 115271,
            "revenue": 894978,
            "common_shares": 1181925,
            "book_valuer_per_share": 29.72,
            "book_valuer_per_share_4q_avg": 28.58,
            "equity": 3504420,
            "current_ratio": 196.74,
            "debt_ratio": 28.71,
            "inventory_turnover_ratio": 0.99,
            "account_receivable_turnover_ratio": 1.57,
            "reinvestment_rate": 48.08,
            "research_to_sale_ratio": 1.41,
            "price_fair": 81.25,
            "eps_avg_yearly": 3.36,
            "eps_latest_yearly": 3.92,
            "eps_growth_yearly": 14.22
        },
        "20202": {
            "year_quarter": 20202,
            "year": 2020,
            "quarter": 2,
            "eps": 0.91,
            "eps_growth_year": 106.82,
            "eps_4q": 2.97,
            "eps_4q_growth_year": 15.97,
            "roe": 3.14,
            "roe_4q": 10.33,
            "gross_profit": 215479,
            "gross_margin": 26.51,
            "gross_margin_4q_avg": 24.14,
            "net_income": 107211,
            "revenue": 812868,
            "common_shares": 1181925,
            "book_valuer_per_share": 28.11,
            "book_valuer_per_share_4q_avg": 28.68,
            "equity": 3314839,
            "current_ratio": 171.49,
            "debt_ratio": 32.45,
            "inventory_turnover_ratio": 0.98,
            "account_receivable_turnover_ratio": 1.41,
            "reinvestment_rate": 49.23,
            "research_to_sale_ratio": 2.05,
            "price_fair": 83.62,
            "eps_avg_yearly": 3.32,
            "eps_latest_yearly": 3.64,
            "eps_growth_yearly": 15.19
        },
        "20203": {
            "year_quarter": 20203,
            "year": 2020,
            "quarter": 3,
            "eps": 0.54,
            "eps_growth_year": 22.73,
            "eps_4q": 3.07,
            "eps_4q_growth_year": 27.06,
            "roe": 1.89,
            "roe_4q": 10.65,
            "gross_profit": 161665,
            "gross_margin": 22.85,
            "gross_margin_4q_avg": 24.71,
            "net_income": 63136,
            "revenue": 707634,
            "common_shares": 1181925,
            "book_valuer_per_share": 28.67,
            "book_valuer_per_share_4q_avg": 28.81,
            "equity": 3379974,
            "current_ratio": 189.89,
            "debt_ratio": 28.94,
            "inventory_turnover_ratio": 0.99,
            "account_receivable_turnover_ratio": 1.44,
            "reinvestment_rate": 52.76,
            "research_to_sale_ratio": 2.21,
            "price_fair": 43.99,
            "eps_avg_yearly": 3.18,
            "eps_latest_yearly": 2.16,
            "eps_growth_yearly": 3.83
        },
        "20204": {
            "year_quarter": 20204,
            "year": 2020,
            "quarter": 4,
            "eps": 0.32,
            "eps_growth_year": -50.92,
            "eps_4q": 2.74,
            "eps_4q_growth_year": 9.14,
            "roe": 1.1,
            "roe_4q": 9.47,
            "gross_profit": 146160,
            "gross_margin": 20.76,
            "gross_margin_4q_avg": 23.69,
            "net_income": 37460,
            "revenue": 704009,
            "common_shares": 1181925,
            "book_valuer_per_share": 29.08,
            "book_valuer_per_share_4q_avg": 28.9,
            "equity": 3428649,
            "current_ratio": 201.7,
            "debt_ratio": 26.26,
            "inventory_turnover_ratio": 1.11,
            "account_receivable_turnover_ratio": 1.79,
            "reinvestment_rate": 57.11,
            "research_to_sale_ratio": 2.06,
            "price_fair": 8.9,
            "eps_avg_yearly": 2.97,
            "eps_latest_yearly": 1.28,
            "eps_growth_yearly": -8.17
        },
        "20211": {
            "year_quarter": 20211,
            "year": 2021,
            "quarter": 1,
            "eps": 0.65,
            "eps_growth_year": -33.67,
            "eps_4q": 2.41,
            "eps_4q_growth_year": -3.78,
            "roe": 2.19,
            "roe_4q": 8.32,
            "gross_profit": 187524,
            "gross_margin": 26.36,
            "gross_margin_4q_avg": 24.12,
            "net_income": 76161,
            "revenue": 711382,
            "common_shares": 1181925,
            "book_valuer_per_share": 29.79,
            "book_valuer_per_share_4q_avg": 28.91,
            "equity": 3514719,
            "current_ratio": 196.84,
            "debt_ratio": 29.1,
            "inventory_turnover_ratio": 0.97,
            "account_receivable_turnover_ratio": 1.7,
            "reinvestment_rate": 57.34,
            "research_to_sale_ratio": 1.42,
            "price_fair": 94.57,
            "eps_avg_yearly": 2.89,
            "eps_latest_yearly": 2.6,
            "eps_growth_yearly": 22.69
        },
        "20212": {
            "year_quarter": 20212,
            "year": 2021,
            "quarter": 2,
            "eps": 0.9,
            "eps_growth_year": -1.1,
            "eps_4q": 2.4,
            "eps_4q_growth_year": -19.21,
            "roe": 3.11,
            "roe_4q": 8.290000000000001,
            "gross_profit": 234561,
            "gross_margin": 26.89,
            "gross_margin_4q_avg": 24.22,
            "net_income": 113131,
            "revenue": 872246,
            "common_shares": 1181925,
            "book_valuer_per_share": 30.93,
            "book_valuer_per_share_4q_avg": 29.62,
            "equity": 3763901,
            "current_ratio": 221.92,
            "debt_ratio": 27.56,
            "inventory_turnover_ratio": 1.01,
            "account_receivable_turnover_ratio": 1.67,
            "reinvestment_rate": 48,
            "research_to_sale_ratio": 1.47,
            "price_fair": 99.84,
            "eps_avg_yearly": 2.85,
            "eps_latest_yearly": 3.6,
            "eps_growth_yearly": 29.12
        },
        "20213": {
            "year_quarter": 20213,
            "year": 2021,
            "quarter": 3,
            "eps": 0.82,
            "eps_growth_year": 51.85,
            "eps_4q": 2.68,
            "eps_4q_growth_year": -12.58,
            "roe": 2.52,
            "roe_4q": 8.92,
            "gross_profit": 250610,
            "gross_margin": 22.83,
            "gross_margin_4q_avg": 24.21,
            "net_income": 103518,
            "revenue": 1097794,
            "common_shares": 1181925,
            "book_valuer_per_share": 34.25,
            "book_valuer_per_share_4q_avg": 31.01,
            "equity": 4441657,
            "current_ratio": 275.52,
            "debt_ratio": 24.53,
            "inventory_turnover_ratio": 1.42,
            "account_receivable_turnover_ratio": 1.86,
            "reinvestment_rate": 7.82,
            "research_to_sale_ratio": 1.22,
            "price_fair": 97.56,
            "eps_avg_yearly": 2.79,
            "eps_latest_yearly": 3.28,
            "eps_growth_yearly": 26.42
        },
        "20214": {
            "year_quarter": 20214,
            "year": 2021,
            "quarter": 4,
            "eps": -3.7,
            "eps_growth_year": -1263.13,
            "eps_4q": -1.33,
            "eps_4q_growth_year": -148.52,
            "roe": -9.89,
            "roe_4q": -2.0700000000000016,
            "gross_profit": 162933,
            "gross_margin": 19.82,
            "gross_margin_4q_avg": 23.98,
            "net_income": -417220,
            "revenue": 821895,
            "common_shares": 1181925,
            "book_valuer_per_share": 30.35,
            "book_valuer_per_share_4q_avg": 31.33,
            "equity": 3993045,
            "current_ratio": 210.36,
            "debt_ratio": 32.49,
            "inventory_turnover_ratio": 1.09,
            "account_receivable_turnover_ratio": 1.5,
            "reinvestment_rate": 0.28,
            "research_to_sale_ratio": 1.43,
            "price_fair": 95.29,
            "eps_avg_yearly": 2.72,
            "eps_latest_yearly": 3.28,
            "eps_growth_yearly": 31.64
        },
        "20221": {
            "year_quarter": 20221,
            "year": 2022,
            "quarter": 1,
            "eps": 0.54,
            "eps_growth_year": -16.92,
            "eps_4q": -1.45,
            "eps_4q_growth_year": -160.09,
            "roe": 2.26,
            "roe_4q": -2.0000000000000013,
            "gross_profit": 247535,
            "gross_margin": 27.02,
            "gross_margin_4q_avg": 24.14,
            "net_income": 95721,
            "revenue": 916087,
            "common_shares": 1181925,
            "book_valuer_per_share": 32.47,
            "book_valuer_per_share_4q_avg": 32,
            "equity": 4487898,
            "current_ratio": 254.37,
            "debt_ratio": 28.53,
            "inventory_turnover_ratio": 0.96,
            "account_receivable_turnover_ratio": 1.5,
            "reinvestment_rate": -10.63,
            "research_to_sale_ratio": 1.7,
            "price_fair": 93.9,
            "eps_avg_yearly": 2.68,
            "eps_latest_yearly": 3.28,
            "eps_growth_yearly": 37.55
        },
        "20222": {
            "year_quarter": 20222,
            "year": 2022,
            "quarter": 2,
            "eps": 1.1,
            "eps_growth_year": 22.22,
            "eps_4q": -1.33,
            "eps_4q_growth_year": -155.36,
            "roe": 3.82,
            "roe_4q": -1.2900000000000005,
            "gross_profit": 241684,
            "gross_margin": 23.91,
            "gross_margin_4q_avg": 23.4,
            "net_income": 162926,
            "revenue": 1010744,
            "common_shares": 1137605,
            "book_valuer_per_share": 30.09,
            "book_valuer_per_share_4q_avg": 31.79,
            "equity": 4052773,
            "current_ratio": 253.56,
            "debt_ratio": 29.77,
            "inventory_turnover_ratio": 1.01,
            "account_receivable_turnover_ratio": 1.36,
            "reinvestment_rate": -33.04,
            "research_to_sale_ratio": 1.69,
            "price_fair": 98.8,
            "eps_avg_yearly": 2.82,
            "eps_latest_yearly": 4.4,
            "eps_growth_yearly": 74.5
        },
        "20223": {
            "year_quarter": 20223,
            "year": 2022,
            "quarter": 3,
            "eps": 0.99,
            "eps_growth_year": 20.73,
            "eps_4q": -1.19,
            "eps_4q_growth_year": -144.44,
            "roe": 3.79,
            "roe_4q": -0.02000000000000135,
            "gross_profit": 245372,
            "gross_margin": 21.81,
            "gross_margin_4q_avg": 23.14,
            "net_income": 156699,
            "revenue": 1124842,
            "common_shares": 1137605,
            "book_valuer_per_share": 31.07,
            "book_valuer_per_share_4q_avg": 31,
            "equity": 4209052,
            "current_ratio": 295.64,
            "debt_ratio": 25.93,
            "inventory_turnover_ratio": 1.17,
            "account_receivable_turnover_ratio": 1.28,
            "reinvestment_rate": -31.42,
            "research_to_sale_ratio": 1.61,
            "price_fair": 102.8,
            "eps_avg_yearly": 2.94,
            "eps_latest_yearly": 3.96,
            "eps_growth_yearly": 72.58
        },
        "20224": {
            "year_quarter": 20224,
            "year": 2022,
            "quarter": 4,
            "eps": -0.01,
            "eps_growth_year": null,
            "eps_4q": 2.66,
            "eps_4q_growth_year": null,
            "roe": 0.25,
            "roe_4q": 10.12,
            "gross_profit": 128497,
            "gross_margin": 13.28,
            "gross_margin_4q_avg": 21.51,
            "net_income": 10646,
            "revenue": 967511,
            "common_shares": 1137605,
            "book_valuer_per_share": 31.12,
            "book_valuer_per_share_4q_avg": 31.19,
            "equity": 4226484,
            "current_ratio": 286.8,
            "debt_ratio": 25.07,
            "inventory_turnover_ratio": 1.18,
            "account_receivable_turnover_ratio": 1.3,
            "reinvestment_rate": -44.43,
            "research_to_sale_ratio": 1.77,
            "price_fair": 104.78,
            "eps_avg_yearly": 2.99,
            "eps_latest_yearly": 3.96,
            "eps_growth_yearly": 80.25
        },
        "20231": {
            "year_quarter": 20231,
            "year": 2023,
            "quarter": 1,
            "eps": 0.22,
            "eps_growth_year": -59.26,
            "eps_4q": 2.31,
            "eps_4q_growth_year": null,
            "roe": 0.94,
            "roe_4q": 8.8,
            "gross_profit": 143166,
            "gross_margin": 17.69,
            "gross_margin_4q_avg": 19.17,
            "net_income": 40012,
            "revenue": 809403,
            "common_shares": 1137605,
            "book_valuer_per_share": 31.33,
            "book_valuer_per_share_4q_avg": 30.9,
            "equity": 4265653,
            "current_ratio": 361.02,
            "debt_ratio": 19.88,
            "inventory_turnover_ratio": 0.97,
            "account_receivable_turnover_ratio": 1.53,
            "reinvestment_rate": -49.07,
            "research_to_sale_ratio": 1.93,
            "price_fair": 101.97,
            "eps_avg_yearly": 2.91,
            "eps_latest_yearly": 3.96,
            "eps_growth_yearly": 60.27
        }
    },
    "months": {
        "2003-09": {
            "month": "2003-09",
            "price": "41.50",
            "revenue": 255659
        },
        "2003-12": {
            "month": "2003-12",
            "price": "40.00",
            "revenue": 108327
        },
        "2004-01": {
            "month": "2004-01",
            "price": "44.58",
            "revenue": 92267
        },
        "2004-02": {
            "month": "2004-02",
            "price": "47.20",
            "revenue": 115485
        },
        "2004-03": {
            "month": "2004-03",
            "price": "54.24",
            "revenue": 91689
        },
        "2004-04": {
            "month": "2004-04",
            "price": "66.94",
            "revenue": 37955
        },
        "2004-05": {
            "month": "2004-05",
            "price": "65.95",
            "revenue": 43013
        },
        "2004-06": {
            "month": "2004-06",
            "price": "63.50",
            "revenue": 65587
        },
        "2004-07": {
            "month": "2004-07",
            "price": "57.15",
            "revenue": 47284
        },
        "2004-08": {
            "month": "2004-08",
            "price": "45.17",
            "revenue": 107664
        },
        "2004-09": {
            "month": "2004-09",
            "price": "40.06",
            "revenue": 68478
        },
        "2004-10": {
            "month": "2004-10",
            "price": "40.19",
            "revenue": 75260
        },
        "2004-11": {
            "month": "2004-11",
            "price": "37.35",
            "revenue": 81897
        },
        "2004-12": {
            "month": "2004-12",
            "price": "33.70",
            "revenue": 149530
        },
        "2005-01": {
            "month": "2005-01",
            "price": "33.96",
            "revenue": 55674
        },
        "2005-02": {
            "month": "2005-02",
            "price": "34.90",
            "revenue": 70669
        },
        "2005-03": {
            "month": "2005-03",
            "price": "37.02",
            "revenue": 132623
        },
        "2005-04": {
            "month": "2005-04",
            "price": "37.44",
            "revenue": 59374
        },
        "2005-05": {
            "month": "2005-05",
            "price": "35.89",
            "revenue": 82587
        },
        "2005-06": {
            "month": "2005-06",
            "price": "37.23",
            "revenue": 34248
        },
        "2005-07": {
            "month": "2005-07",
            "price": "36.84",
            "revenue": 33827
        },
        "2005-08": {
            "month": "2005-08",
            "price": "34.90",
            "revenue": 66849
        },
        "2005-09": {
            "month": "2005-09",
            "price": "32.71",
            "revenue": 76222
        },
        "2005-10": {
            "month": "2005-10",
            "price": "23.72",
            "revenue": 25494
        },
        "2005-11": {
            "month": "2005-11",
            "price": "22.26",
            "revenue": 163896
        },
        "2005-12": {
            "month": "2005-12",
            "price": "28.98",
            "revenue": 226733
        },
        "2006-01": {
            "month": "2006-01",
            "price": "27.58",
            "revenue": 69859
        },
        "2006-02": {
            "month": "2006-02",
            "price": "26.35",
            "revenue": 100768
        },
        "2006-03": {
            "month": "2006-03",
            "price": "26.11",
            "revenue": 68524
        },
        "2006-04": {
            "month": "2006-04",
            "price": "25.88",
            "revenue": 64376
        },
        "2006-05": {
            "month": "2006-05",
            "price": "38.89",
            "revenue": 43971
        },
        "2006-06": {
            "month": "2006-06",
            "price": "28.25",
            "revenue": 59605
        },
        "2006-07": {
            "month": "2006-07",
            "price": "29.02",
            "revenue": 40656
        },
        "2006-08": {
            "month": "2006-08",
            "price": "29.44",
            "revenue": 45708
        },
        "2006-09": {
            "month": "2006-09",
            "price": "29.10",
            "revenue": 146956
        },
        "2006-10": {
            "month": "2006-10",
            "price": "29.54",
            "revenue": 118405
        },
        "2006-11": {
            "month": "2006-11",
            "price": "30.04",
            "revenue": 137400
        },
        "2006-12": {
            "month": "2006-12",
            "price": "32.35",
            "revenue": 204150
        },
        "2007-01": {
            "month": "2007-01",
            "price": "31.72",
            "revenue": 100759
        },
        "2007-02": {
            "month": "2007-02",
            "price": "31.26",
            "revenue": 74702
        },
        "2007-03": {
            "month": "2007-03",
            "price": "32.57",
            "revenue": 474727
        },
        "2007-04": {
            "month": "2007-04",
            "price": "46.81",
            "revenue": 155165
        },
        "2007-05": {
            "month": "2007-05",
            "price": "47.48",
            "revenue": 128397
        },
        "2007-06": {
            "month": "2007-06",
            "price": "50.36",
            "revenue": 108882
        },
        "2007-07": {
            "month": "2007-07",
            "price": "55.57",
            "revenue": 132762
        },
        "2007-08": {
            "month": "2007-08",
            "price": "50.55",
            "revenue": 260001
        },
        "2007-09": {
            "month": "2007-09",
            "price": "52.95",
            "revenue": 94420
        },
        "2007-10": {
            "month": "2007-10",
            "price": "47.58",
            "revenue": 199665
        },
        "2007-11": {
            "month": "2007-11",
            "price": "44.76",
            "revenue": 125870
        },
        "2007-12": {
            "month": "2007-12",
            "price": "40.65",
            "revenue": 161924
        },
        "2008-01": {
            "month": "2008-01",
            "price": "35.57",
            "revenue": 117404
        },
        "2008-02": {
            "month": "2008-02",
            "price": "33.26",
            "revenue": 81125
        },
        "2008-03": {
            "month": "2008-03",
            "price": "35.63",
            "revenue": 204444
        },
        "2008-04": {
            "month": "2008-04",
            "price": "41.97",
            "revenue": 242034
        },
        "2008-05": {
            "month": "2008-05",
            "price": "42.79",
            "revenue": 116709
        },
        "2008-06": {
            "month": "2008-06",
            "price": "35.61",
            "revenue": 683253
        },
        "2008-07": {
            "month": "2008-07",
            "price": "30.28",
            "revenue": 194565
        },
        "2008-08": {
            "month": "2008-08",
            "price": "30.73",
            "revenue": 149055
        },
        "2008-09": {
            "month": "2008-09",
            "price": "27.19",
            "revenue": 173729
        },
        "2008-10": {
            "month": "2008-10",
            "price": "21.14",
            "revenue": 179663
        },
        "2008-11": {
            "month": "2008-11",
            "price": "18.44",
            "revenue": 162307
        },
        "2008-12": {
            "month": "2008-12",
            "price": "19.41",
            "revenue": 224610
        },
        "2009-01": {
            "month": "2009-01",
            "price": "23.40",
            "revenue": 152409
        },
        "2009-02": {
            "month": "2009-02",
            "price": "25.90",
            "revenue": 101725
        },
        "2009-03": {
            "month": "2009-03",
            "price": "28.54",
            "revenue": 149284
        },
        "2009-04": {
            "month": "2009-04",
            "price": "28.09",
            "revenue": 245366
        },
        "2009-05": {
            "month": "2009-05",
            "price": "30.10",
            "revenue": 101089
        },
        "2009-06": {
            "month": "2009-06",
            "price": "28.81",
            "revenue": 271944
        },
        "2009-07": {
            "month": "2009-07",
            "price": "29.94",
            "revenue": 131694
        },
        "2009-08": {
            "month": "2009-08",
            "price": "34.71",
            "revenue": 89382
        },
        "2009-09": {
            "month": "2009-09",
            "price": "31.65",
            "revenue": 183517
        },
        "2009-10": {
            "month": "2009-10",
            "price": "30.13",
            "revenue": 112043
        },
        "2009-11": {
            "month": "2009-11",
            "price": "29.62",
            "revenue": 139375
        },
        "2009-12": {
            "month": "2009-12",
            "price": "31.96",
            "revenue": 140537
        },
        "2010-01": {
            "month": "2010-01",
            "price": "32.44",
            "revenue": 131108
        },
        "2010-02": {
            "month": "2010-02",
            "price": "29.04",
            "revenue": 87128
        },
        "2010-03": {
            "month": "2010-03",
            "price": "30.74",
            "revenue": 192527
        },
        "2010-04": {
            "month": "2010-04",
            "price": "31.93",
            "revenue": 156315
        },
        "2010-05": {
            "month": "2010-05",
            "price": "29.15",
            "revenue": 150686
        },
        "2010-06": {
            "month": "2010-06",
            "price": "28.27",
            "revenue": 234518
        },
        "2010-07": {
            "month": "2010-07",
            "price": "28.03",
            "revenue": 172393
        },
        "2010-08": {
            "month": "2010-08",
            "price": "27.51",
            "revenue": 188430
        },
        "2010-09": {
            "month": "2010-09",
            "price": "25.12",
            "revenue": 203891
        },
        "2010-10": {
            "month": "2010-10",
            "price": "24.37",
            "revenue": 131770
        },
        "2010-11": {
            "month": "2010-11",
            "price": "23.23",
            "revenue": 220244
        },
        "2010-12": {
            "month": "2010-12",
            "price": "23.62",
            "revenue": 488071
        },
        "2011-01": {
            "month": "2011-01",
            "price": "25.88",
            "revenue": 250198
        },
        "2011-02": {
            "month": "2011-02",
            "price": "30.71",
            "revenue": 207044
        },
        "2011-03": {
            "month": "2011-03",
            "price": "30.88",
            "revenue": 253741
        },
        "2011-04": {
            "month": "2011-04",
            "price": "32.19",
            "revenue": 173092
        },
        "2011-05": {
            "month": "2011-05",
            "price": "33.69",
            "revenue": 182849
        },
        "2011-06": {
            "month": "2011-06",
            "price": "30.04",
            "revenue": 176273
        },
        "2011-07": {
            "month": "2011-07",
            "price": "27.41",
            "revenue": 176508
        },
        "2011-08": {
            "month": "2011-08",
            "price": "24.55",
            "revenue": 166552
        },
        "2011-09": {
            "month": "2011-09",
            "price": "20.94",
            "revenue": 143152
        },
        "2011-10": {
            "month": "2011-10",
            "price": "20.30",
            "revenue": 132717
        },
        "2011-11": {
            "month": "2011-11",
            "price": "21.11",
            "revenue": 109649
        },
        "2011-12": {
            "month": "2011-12",
            "price": "19.57",
            "revenue": 122476
        },
        "2012-01": {
            "month": "2012-01",
            "price": "18.95",
            "revenue": 99161
        },
        "2012-02": {
            "month": "2012-02",
            "price": "21.94",
            "revenue": 106983
        },
        "2012-03": {
            "month": "2012-03",
            "price": "21.66",
            "revenue": 104794
        },
        "2012-04": {
            "month": "2012-04",
            "price": "19.95",
            "revenue": 114874
        },
        "2012-05": {
            "month": "2012-05",
            "price": "18.54",
            "revenue": 93201
        },
        "2012-06": {
            "month": "2012-06",
            "price": "16.65",
            "revenue": 82435
        },
        "2012-07": {
            "month": "2012-07",
            "price": "18.10",
            "revenue": 71464
        },
        "2012-08": {
            "month": "2012-08",
            "price": "17.92",
            "revenue": 137181
        },
        "2012-09": {
            "month": "2012-09",
            "price": "17.18",
            "revenue": 90657
        },
        "2012-10": {
            "month": "2012-10",
            "price": "17.32",
            "revenue": 126524
        },
        "2012-11": {
            "month": "2012-11",
            "price": "16.37",
            "revenue": 464662
        },
        "2012-12": {
            "month": "2012-12",
            "price": "17.17",
            "revenue": 511348
        },
        "2013-01": {
            "month": "2013-01",
            "price": "19.25",
            "revenue": 182141
        },
        "2013-02": {
            "month": "2013-02",
            "price": "20.03",
            "revenue": 127571
        },
        "2013-03": {
            "month": "2013-03",
            "price": "22.63",
            "revenue": 156835
        },
        "2013-04": {
            "month": "2013-04",
            "price": "20.33",
            "revenue": 142523
        },
        "2013-05": {
            "month": "2013-05",
            "price": "20.01",
            "revenue": 166812
        },
        "2013-06": {
            "month": "2013-06",
            "price": "19.38",
            "revenue": 197534
        },
        "2013-07": {
            "month": "2013-07",
            "price": "19.47",
            "revenue": 185471
        },
        "2013-08": {
            "month": "2013-08",
            "price": "19.70",
            "revenue": 202082
        },
        "2013-09": {
            "month": "2013-09",
            "price": "19.96",
            "revenue": 334222
        },
        "2013-10": {
            "month": "2013-10",
            "price": "22.88",
            "revenue": 196741
        },
        "2013-11": {
            "month": "2013-11",
            "price": "24.42",
            "revenue": 246393
        },
        "2013-12": {
            "month": "2013-12",
            "price": "24.03",
            "revenue": 317209
        },
        "2014-01": {
            "month": "2014-01",
            "price": "26.11",
            "revenue": 257894
        },
        "2014-02": {
            "month": "2014-02",
            "price": "27.82",
            "revenue": 180744
        },
        "2014-03": {
            "month": "2014-03",
            "price": "31.35",
            "revenue": 352545
        },
        "2014-04": {
            "month": "2014-04",
            "price": "30.97",
            "revenue": 231978
        },
        "2014-05": {
            "month": "2014-05",
            "price": "34.19",
            "revenue": 291545
        },
        "2014-06": {
            "month": "2014-06",
            "price": "40.06",
            "revenue": 184532
        },
        "2014-07": {
            "month": "2014-07",
            "price": "39.60",
            "revenue": 195750
        },
        "2014-08": {
            "month": "2014-08",
            "price": "38.17",
            "revenue": 239427
        },
        "2014-09": {
            "month": "2014-09",
            "price": "36.45",
            "revenue": 287521
        },
        "2014-10": {
            "month": "2014-10",
            "price": "29.88",
            "revenue": 259232
        },
        "2014-11": {
            "month": "2014-11",
            "price": "30.68",
            "revenue": 229302
        },
        "2014-12": {
            "month": "2014-12",
            "price": "34.91",
            "revenue": 255370
        },
        "2015-01": {
            "month": "2015-01",
            "price": "35.36",
            "revenue": 242802
        },
        "2015-02": {
            "month": "2015-02",
            "price": "36.68",
            "revenue": 188416
        },
        "2015-03": {
            "month": "2015-03",
            "price": "37.90",
            "revenue": 211507
        },
        "2015-04": {
            "month": "2015-04",
            "price": "36.99",
            "revenue": 236727
        },
        "2015-05": {
            "month": "2015-05",
            "price": "36.54",
            "revenue": 245076
        },
        "2015-06": {
            "month": "2015-06",
            "price": "43.25",
            "revenue": 283000
        },
        "2015-07": {
            "month": "2015-07",
            "price": "49.39",
            "revenue": 254337
        },
        "2015-08": {
            "month": "2015-08",
            "price": "42.11",
            "revenue": 255078
        },
        "2015-09": {
            "month": "2015-09",
            "price": "50.00",
            "revenue": 310455
        },
        "2015-10": {
            "month": "2015-10",
            "price": "57.04",
            "revenue": 319102
        },
        "2015-11": {
            "month": "2015-11",
            "price": "53.05",
            "revenue": 298816
        },
        "2015-12": {
            "month": "2015-12",
            "price": "52.65",
            "revenue": 239581
        },
        "2016-01": {
            "month": "2016-01",
            "price": "43.85",
            "revenue": 297224
        },
        "2016-02": {
            "month": "2016-02",
            "price": "48.42",
            "revenue": 197883
        },
        "2016-03": {
            "month": "2016-03",
            "price": "54.30",
            "revenue": 303392
        },
        "2016-04": {
            "month": "2016-04",
            "price": "57.92",
            "revenue": 260803
        },
        "2016-05": {
            "month": "2016-05",
            "price": "56.18",
            "revenue": 255449
        },
        "2016-06": {
            "month": "2016-06",
            "price": "53.15",
            "revenue": 255149
        },
        "2016-07": {
            "month": "2016-07",
            "price": "50.91",
            "revenue": 280257
        },
        "2016-08": {
            "month": "2016-08",
            "price": "54.42",
            "revenue": 298579
        },
        "2016-09": {
            "month": "2016-09",
            "price": "52.74",
            "revenue": 272627
        },
        "2016-10": {
            "month": "2016-10",
            "price": "51.09",
            "revenue": 247716
        },
        "2016-11": {
            "month": "2016-11",
            "price": "45.16",
            "revenue": 336839
        },
        "2016-12": {
            "month": "2016-12",
            "price": "47.77",
            "revenue": 212153
        },
        "2017-01": {
            "month": "2017-01",
            "price": "49.97",
            "revenue": 245406
        },
        "2017-02": {
            "month": "2017-02",
            "price": "50.11",
            "revenue": 262946
        },
        "2017-03": {
            "month": "2017-03",
            "price": "51.72",
            "revenue": 350606
        },
        "2017-04": {
            "month": "2017-04",
            "price": "50.80",
            "revenue": 278425
        },
        "2017-05": {
            "month": "2017-05",
            "price": "50.49",
            "revenue": 273602
        },
        "2017-06": {
            "month": "2017-06",
            "price": "49.10",
            "revenue": 270168
        },
        "2017-07": {
            "month": "2017-07",
            "price": "50.31",
            "revenue": 285720
        },
        "2017-08": {
            "month": "2017-08",
            "price": "48.91",
            "revenue": 260406
        },
        "2017-09": {
            "month": "2017-09",
            "price": "45.83",
            "revenue": 252720
        },
        "2017-10": {
            "month": "2017-10",
            "price": "46.57",
            "revenue": 237951
        },
        "2017-11": {
            "month": "2017-11",
            "price": "47.53",
            "revenue": 250402
        },
        "2017-12": {
            "month": "2017-12",
            "price": "48.75",
            "revenue": 227157
        },
        "2018-01": {
            "month": "2018-01",
            "price": "50.17",
            "revenue": 256784
        },
        "2018-02": {
            "month": "2018-02",
            "price": "44.82",
            "revenue": 213068
        },
        "2018-03": {
            "month": "2018-03",
            "price": "45.21",
            "revenue": 252401
        },
        "2018-04": {
            "month": "2018-04",
            "price": "44.33",
            "revenue": 155559
        },
        "2018-05": {
            "month": "2018-05",
            "price": "43.13",
            "revenue": 189958
        },
        "2018-06": {
            "month": "2018-06",
            "price": "43.66",
            "revenue": 181764
        },
        "2018-07": {
            "month": "2018-07",
            "price": "41.57",
            "revenue": 257213
        },
        "2018-08": {
            "month": "2018-08",
            "price": "39.32",
            "revenue": 346819
        },
        "2018-09": {
            "month": "2018-09",
            "price": "37.94",
            "revenue": 307068
        },
        "2018-10": {
            "month": "2018-10",
            "price": "36.32",
            "revenue": 353048
        },
        "2018-11": {
            "month": "2018-11",
            "price": "31.93",
            "revenue": 354404
        },
        "2018-12": {
            "month": "2018-12",
            "price": "33.37",
            "revenue": 532867
        },
        "2019-01": {
            "month": "2019-01",
            "price": "34.55",
            "revenue": 449921
        },
        "2019-02": {
            "month": "2019-02",
            "price": "38.37",
            "revenue": 311818
        },
        "2019-03": {
            "month": "2019-03",
            "price": "39.11",
            "revenue": 337649
        },
        "2019-04": {
            "month": "2019-04",
            "price": "39.93",
            "revenue": 381821
        },
        "2019-05": {
            "month": "2019-05",
            "price": "39.57",
            "revenue": 306245
        },
        "2019-06": {
            "month": "2019-06",
            "price": "40.41",
            "revenue": 194264
        },
        "2019-07": {
            "month": "2019-07",
            "price": "43.01",
            "revenue": 253175
        },
        "2019-08": {
            "month": "2019-08",
            "price": "37.33",
            "revenue": 233738
        },
        "2019-09": {
            "month": "2019-09",
            "price": "36.29",
            "revenue": 307591
        },
        "2019-10": {
            "month": "2019-10",
            "price": "36.88",
            "revenue": 268943
        },
        "2019-11": {
            "month": "2019-11",
            "price": "36.48",
            "revenue": 287187
        },
        "2019-12": {
            "month": "2019-12",
            "price": "36.57",
            "revenue": 308740
        },
        "2020-01": {
            "month": "2020-01",
            "price": "36.10",
            "revenue": 252344
        },
        "2020-02": {
            "month": "2020-02",
            "price": "34.69",
            "revenue": 299871
        },
        "2020-03": {
            "month": "2020-03",
            "price": "31.11",
            "revenue": 342741
        },
        "2020-04": {
            "month": "2020-04",
            "price": "32.34",
            "revenue": 247291
        },
        "2020-05": {
            "month": "2020-05",
            "price": "35.63",
            "revenue": 268798
        },
        "2020-06": {
            "month": "2020-06",
            "price": "38.71",
            "revenue": 296508
        },
        "2020-07": {
            "month": "2020-07",
            "price": "40.06",
            "revenue": 257449
        },
        "2020-08": {
            "month": "2020-08",
            "price": "37.11",
            "revenue": 250854
        },
        "2020-09": {
            "month": "2020-09",
            "price": "39.00",
            "revenue": 197787
        },
        "2020-10": {
            "month": "2020-10",
            "price": "41.19",
            "revenue": 222638
        },
        "2020-11": {
            "month": "2020-11",
            "price": "41.03",
            "revenue": 261201
        },
        "2020-12": {
            "month": "2020-12",
            "price": "40.25",
            "revenue": 220038
        },
        "2021-01": {
            "month": "2021-01",
            "price": "39.48",
            "revenue": 282051
        },
        "2021-02": {
            "month": "2021-02",
            "price": "41.25",
            "revenue": 159975
        },
        "2021-03": {
            "month": "2021-03",
            "price": "45.03",
            "revenue": 269219
        },
        "2021-04": {
            "month": "2021-04",
            "price": "44.24",
            "revenue": 258470
        },
        "2021-05": {
            "month": "2021-05",
            "price": "40.70",
            "revenue": 347025
        },
        "2021-06": {
            "month": "2021-06",
            "price": "41.10",
            "revenue": 266611
        },
        "2021-07": {
            "month": "2021-07",
            "price": "41.30",
            "revenue": 371778
        },
        "2021-08": {
            "month": "2021-08",
            "price": "38.45",
            "revenue": 359664
        },
        "2021-09": {
            "month": "2021-09",
            "price": "39.29",
            "revenue": 366304
        },
        "2021-10": {
            "month": "2021-10",
            "price": "40.00",
            "revenue": 242257
        },
        "2021-11": {
            "month": "2021-11",
            "price": "41.08",
            "revenue": 318473
        },
        "2021-12": {
            "month": "2021-12",
            "price": "40.43",
            "revenue": 261207
        },
        "2022-01": {
            "month": "2022-01",
            "price": "40.44",
            "revenue": 288217
        },
        "2022-02": {
            "month": "2022-02",
            "price": "40.47",
            "revenue": 282445
        },
        "2022-03": {
            "month": "2022-03",
            "price": "40.35",
            "revenue": 346155
        },
        "2022-04": {
            "month": "2022-04",
            "price": "40.87",
            "revenue": 288974
        },
        "2022-05": {
            "month": "2022-05",
            "price": "39.88",
            "revenue": 374300
        },
        "2022-06": {
            "month": "2022-06",
            "price": "38.60",
            "revenue": 346676
        },
        "2022-07": {
            "month": "2022-07",
            "price": "37.48",
            "revenue": 409868
        },
        "2022-08": {
            "month": "2022-08",
            "price": "38.07",
            "revenue": 414469
        },
        "2022-09": {
            "month": "2022-09",
            "price": "38.39",
            "revenue": 300438
        },
        "2022-10": {
            "month": "2022-10",
            "price": "35.98",
            "revenue": 272449
        },
        "2022-11": {
            "month": "2022-11",
            "price": "36.18",
            "revenue": 359859
        },
        "2022-12": {
            "month": "2022-12",
            "price": "38.42",
            "revenue": 335006
        },
        "2023-01": {
            "month": "2023-01",
            "price": "38.42",
            "revenue": 270380
        },
        "2023-02": {
            "month": "2023-02",
            "price": "40.81",
            "revenue": 243086
        },
        "2023-03": {
            "month": "2023-03",
            "price": "43.38",
            "revenue": 295839
        },
        "2023-04": {
            "month": "2023-04",
            "price": "45.10",
            "revenue": 224596
        },
        "2023-05": {
            "month": "2023-05",
            "price": "42.46",
            "revenue": 214105
        }
    }
}
