{
    "summary": {
        "stock_name": "金益鼎",
        "stock_id": "8390",
        "category": "綠能環保",
        "main_business": "廢棄物清除處理業務及貴金屬回收及處理業務。<br>銅、錫、鎳、鋁之金屬五金加工業務。<br>機械五金、電子零件、塑膠廢料、....等之報廢材料買賣業務。",
        "website_url": "http://www.jyd.com.tw",
        "ceo": "莊瑞元",
        "pe_ratio": 10,
        "report_year_from": 2004,
        "report_year_to": 2023,
        "age": 19,
        "eps_negative_percentage": 6,
        "eps_growth_avg": {
            "last_all": 18.2,
            "last_2y": 26.12,
            "last_4y": 45.19,
            "last_8y": 40.74,
            "last_12y": 19.95,
            "last_16y": null,
            "last_20y": null,
            "at_2006_last_3y": null,
            "at_2007_last_3y": null,
            "at_2008_last_3y": null,
            "at_2009_last_3y": null,
            "at_2010_last_3y": 16.6,
            "at_2011_last_3y": -1.73,
            "at_2012_last_3y": -1.52,
            "at_2013_last_3y": -21.63,
            "at_2014_last_3y": -4.83,
            "at_2015_last_3y": -36.5,
            "at_2016_last_3y": -31.37,
            "at_2017_last_3y": 33.33,
            "at_2018_last_3y": 17.95,
            "at_2019_last_3y": 82.53,
            "at_2020_last_3y": 76.9,
            "at_2021_last_3y": 61.58,
            "at_2022_last_3y": 43.03,
            "at_2023_last_3y": 43.03,
            "at_2006_last_all": null,
            "at_2007_last_all": null,
            "at_2008_last_all": 23.65,
            "at_2009_last_all": 11.2,
            "at_2010_last_all": 16.6,
            "at_2011_last_all": 18.62,
            "at_2012_last_all": 6.87,
            "at_2013_last_all": -7.56,
            "at_2014_last_all": 5.89,
            "at_2015_last_all": -5.88,
            "at_2016_last_all": -5.88,
            "at_2017_last_all": 4.71,
            "at_2018_last_all": 9.18,
            "at_2019_last_all": 16.22,
            "at_2020_last_all": 19.59,
            "at_2021_last_all": 20.96,
            "at_2022_last_all": 18.2,
            "at_2023_last_all": 18.2
        },
        "latest_eps": 4.93,
        "latest_price": 51.2,
        "latest_roe": 16.5,
        "latest_gross_margin": 10.59,
        "latest_equity": 2850412,
        "latest_revenue": 914982,
        "latest_gross_profit": 96912,
        "latest_net_income": 285395,
        "latest_debt_ratio": 21.8,
        "latest_current_ratio": 417.14,
        "latest_account_receivable_turnover_ratio": 4.22,
        "latest_inventory_turnover_ratio": 0.9,
        "latest_reinvestment_rate": -8.2,
        "latest_research_to_sale_ratio": 0.07
    },
    "eps_dividends": {
        "2001": {
            "cash": 0,
            "stock": 0,
            "eps": 0
        },
        "2002": {
            "cash": 0,
            "stock": 0,
            "eps": 0
        },
        "2003": {
            "cash": 0,
            "stock": 0,
            "eps": 0
        },
        "2004": {
            "cash": 0,
            "stock": 0,
            "eps": 0
        },
        "2005": {
            "cash": 0,
            "stock": 1.11,
            "eps": 0
        },
        "2006": {
            "cash": 0.2,
            "stock": 1.4,
            "eps": 1.48
        },
        "2007": {
            "cash": 0,
            "stock": 2.5,
            "eps": 4.63
        },
        "2008": {
            "cash": 0.89,
            "stock": 2.67,
            "eps": 2.19
        },
        "2009": {
            "cash": 1.01,
            "stock": 0.5,
            "eps": 1.89
        },
        "2010": {
            "cash": 1.2,
            "stock": 0.3,
            "eps": 2.51
        },
        "2011": {
            "cash": 1.5,
            "stock": 0.3,
            "eps": 3.18
        },
        "2012": {
            "cash": 1.8,
            "stock": 0.4,
            "eps": 1.53
        },
        "2013": {
            "cash": 0.85,
            "stock": 0.15,
            "eps": 0.09
        },
        "2014": {
            "cash": 0.1,
            "stock": 0.2,
            "eps": 0.5
        },
        "2015": {
            "cash": 0.2,
            "stock": 0.1,
            "eps": -0.91
        },
        "2016": {
            "cash": 0.2,
            "stock": 0,
            "eps": 0.12
        },
        "2017": {
            "cash": 0.2,
            "stock": 0,
            "eps": 0.52
        },
        "2018": {
            "cash": 0.3,
            "stock": 0,
            "eps": 0.8
        },
        "2019": {
            "cash": 0.45,
            "stock": 0,
            "eps": 1.55
        },
        "2020": {
            "cash": 1.2,
            "stock": 0,
            "eps": 2.48
        },
        "2021": {
            "cash": 1.6,
            "stock": 0,
            "eps": 3.44
        },
        "2022": {
            "cash": 1.8,
            "stock": 0,
            "eps": 2.74
        },
        "2023": {
            "cash": 1.88,
            "stock": 0,
            "eps": 4.26
        }
    },
    "dividends": {
        "2005-04-04": {
            "cash": 0,
            "stock": 1.11
        },
        "2006-03-31": {
            "cash": 0.2,
            "stock": 1.4
        },
        "2007-03-26": {
            "cash": 0,
            "stock": 2.5
        },
        "2008-05-08": {
            "cash": 0.89,
            "stock": 2.67
        },
        "2009-03-18": {
            "cash": 1.01,
            "stock": 0.5
        },
        "2010-03-25": {
            "cash": 1.2,
            "stock": 0.3
        },
        "2011-03-15": {
            "cash": 1.5,
            "stock": 0.3
        },
        "2012-06-25": {
            "cash": 1.8,
            "stock": 0.4
        },
        "2013-06-17": {
            "cash": 0.85,
            "stock": 0.15
        },
        "2014-09-29": {
            "cash": 0.1,
            "stock": 0.2
        },
        "2015-09-29": {
            "cash": 0.2,
            "stock": 0.1
        },
        "2016-08-22": {
            "cash": 0.2,
            "stock": 0
        },
        "2017-09-15": {
            "cash": 0.2,
            "stock": 0
        },
        "2018-09-19": {
            "cash": 0.3,
            "stock": 0
        },
        "2019-09-04": {
            "cash": 0.45,
            "stock": 0
        },
        "2020-08-14": {
            "cash": 1.2,
            "stock": 0
        },
        "2021-10-07": {
            "cash": 1.6,
            "stock": 0
        },
        "2022-08-30": {
            "cash": 1.8,
            "stock": 0
        },
        "2023-08-30": {
            "cash": 1.88,
            "stock": 0
        }
    },
    "prices": {
        "200101": "無",
        "200102": "無",
        "200103": "無",
        "200104": "無",
        "200105": "無",
        "200106": "無",
        "200107": "無",
        "200108": "無",
        "200109": "無",
        "200110": "無",
        "200111": "無",
        "200112": "無",
        "200201": "無",
        "200202": "無",
        "200203": "無",
        "200204": "無",
        "200205": "無",
        "200206": "無",
        "200207": "無",
        "200208": "無",
        "200209": "無",
        "200210": "無",
        "200211": "無",
        "200212": "無",
        "200301": "無",
        "200302": "無",
        "200303": "無",
        "200304": "無",
        "200305": "無",
        "200306": "無",
        "200307": "無",
        "200308": "無",
        "200309": "無",
        "200310": "無",
        "200311": "無",
        "200312": "無",
        "200401": "無",
        "200402": "無",
        "200403": "無",
        "200404": "無",
        "200405": "無",
        "200406": "無",
        "200407": "無",
        "200408": "無",
        "200409": "無",
        "200410": "無",
        "200411": "無",
        "200412": "無",
        "200501": "無",
        "200502": "無",
        "200503": "26.33",
        "200504": "25.46",
        "200505": "25.00",
        "200506": "24.85",
        "200507": "23.30",
        "200508": "22.54",
        "200509": "21.63",
        "200510": "21.15",
        "200511": "21.50",
        "200512": "22.05",
        "200601": "23.50",
        "200602": "23.50",
        "200603": "22.63",
        "200604": "25.51",
        "200605": "27.92",
        "200606": "26.57",
        "200607": "24.50",
        "200608": "24.63",
        "200609": "25.68",
        "200610": "28.71",
        "200611": "33.43",
        "200612": "34.50",
        "200701": "32.51",
        "200702": "37.25",
        "200703": "43.66",
        "200704": "48.81",
        "200705": "58.71",
        "200706": "80.03",
        "200707": "100.73",
        "200708": "93.16",
        "200709": "91.49",
        "200710": "88.52",
        "200711": "76.90",
        "200712": "70.82",
        "200801": "66.05",
        "200802": "74.72",
        "200803": "81.99",
        "200804": "87.51",
        "200805": "98.70",
        "200806": "93.14",
        "200807": "77.21",
        "200808": "61.81",
        "200809": "47.07",
        "200810": "36.48",
        "200811": "30.72",
        "200812": "27.92",
        "200901": "25.84",
        "200902": "28.40",
        "200903": "30.41",
        "200904": "31.75",
        "200905": "36.49",
        "200906": "39.40",
        "200907": "38.31",
        "200908": "37.58",
        "200909": "40.01",
        "200910": "46.73",
        "200911": "48.24",
        "200912": "53.67",
        "201001": "50.72",
        "201002": "44.21",
        "201003": "47.08",
        "201004": "47.95",
        "201005": "42.53",
        "201006": "40.94",
        "201007": "41.24",
        "201008": "44.89",
        "201009": "43.73",
        "201010": "46.42",
        "201011": "41.90",
        "201012": "41.32",
        "201101": "40.37",
        "201102": "39.06",
        "201103": "40.55",
        "201104": "42.24",
        "201105": "43.63",
        "201106": "46.18",
        "201107": "48.03",
        "201108": "44.56",
        "201109": "39.69",
        "201110": "35.34",
        "201111": "34.83",
        "201112": "32.70",
        "201201": "32.76",
        "201202": "39.99",
        "201203": "44.79",
        "201204": "42.54",
        "201205": "36.71",
        "201206": "35.41",
        "201207": "36.37",
        "201208": "35.65",
        "201209": "32.68",
        "201210": "30.88",
        "201211": "27.80",
        "201212": "27.88",
        "201301": "28.78",
        "201302": "28.99",
        "201303": "31.34",
        "201304": "27.87",
        "201305": "26.45",
        "201306": "26.03",
        "201307": "25.02",
        "201308": "24.27",
        "201309": "23.73",
        "201310": "23.13",
        "201311": "21.72",
        "201312": "20.78",
        "201401": "22.18",
        "201402": "22.36",
        "201403": "22.22",
        "201404": "21.11",
        "201405": "19.36",
        "201406": "19.52",
        "201407": "20.39",
        "201408": "20.12",
        "201409": "19.23",
        "201410": "17.44",
        "201411": "16.81",
        "201412": "17.60",
        "201501": "18.40",
        "201502": "17.81",
        "201503": "17.13",
        "201504": "17.20",
        "201505": "17.39",
        "201506": "17.50",
        "201507": "16.40",
        "201508": "13.40",
        "201509": "12.91",
        "201510": "15.12",
        "201511": "15.03",
        "201512": "13.99",
        "201601": "13.19",
        "201602": "13.79",
        "201603": "14.28",
        "201604": "13.28",
        "201605": "13.21",
        "201606": "13.38",
        "201607": "15.26",
        "201608": "14.87",
        "201609": "14.69",
        "201610": "13.90",
        "201611": "13.73",
        "201612": "13.47",
        "201701": "14.26",
        "201702": "15.80",
        "201703": "16.53",
        "201704": "16.33",
        "201705": "15.01",
        "201706": "15.17",
        "201707": "15.37",
        "201708": "16.48",
        "201709": "18.68",
        "201710": "18.67",
        "201711": "17.65",
        "201712": "16.65",
        "201801": "20.20",
        "201802": "18.02",
        "201803": "17.73",
        "201804": "17.41",
        "201805": "17.84",
        "201806": "17.87",
        "201807": "16.86",
        "201808": "16.85",
        "201809": "16.57",
        "201810": "14.84",
        "201811": "13.92",
        "201812": "13.98",
        "201901": "14.52",
        "201902": "15.10",
        "201903": "14.84",
        "201904": "14.47",
        "201905": "14.47",
        "201906": "16.35",
        "201907": "16.63",
        "201908": "17.80",
        "201909": "18.88",
        "201910": "18.45",
        "201911": "18.53",
        "201912": "18.46",
        "202001": "19.15",
        "202002": "17.70",
        "202003": "15.55",
        "202004": "17.34",
        "202005": "18.15",
        "202006": "19.52",
        "202007": "27.86",
        "202008": "25.79",
        "202009": "23.16",
        "202010": "22.84",
        "202011": "24.17",
        "202012": "31.42",
        "202101": "30.81",
        "202102": "32.13",
        "202103": "33.88",
        "202104": "38.76",
        "202105": "42.07",
        "202106": "43.53",
        "202107": "41.37",
        "202108": "39.35",
        "202109": "37.08",
        "202110": "33.23",
        "202111": "34.25",
        "202112": "33.42",
        "202201": "32.83",
        "202202": "35.22",
        "202203": "36.36",
        "202204": "36.21",
        "202205": "32.60",
        "202206": "31.51",
        "202207": "28.78",
        "202208": "30.36",
        "202209": "29.79",
        "202210": "29.36",
        "202211": "32.59",
        "202212": "36.02",
        "202301": "36.97",
        "202302": "37.11",
        "202303": "38.62",
        "202304": "41.40",
        "202305": "43.88",
        "202306": "43.75",
        "202307": "45.75",
        "202308": "49.25",
        "202309": "51.95"
    },
    "quarters": {
        "20011": {
            "year_quarter": 20011,
            "year": 2001,
            "quarter": 1,
            "eps": null,
            "eps_growth_year": null,
            "eps_4q": null,
            "eps_4q_growth_year": null,
            "roe": null,
            "roe_4q": 0,
            "gross_profit": null,
            "gross_margin": null,
            "gross_margin_4q_avg": 0,
            "net_income": null,
            "revenue": null,
            "common_shares": null,
            "book_valuer_per_share": null,
            "book_valuer_per_share_4q_avg": 0,
            "equity": null,
            "current_ratio": null,
            "debt_ratio": null,
            "inventory_turnover_ratio": null,
            "account_receivable_turnover_ratio": null,
            "reinvestment_rate": null,
            "research_to_sale_ratio": null,
            "price_fair": 0,
            "eps_avg_yearly": 0,
            "eps_latest_yearly": 0,
            "eps_growth_yearly": 0
        },
        "20012": {
            "year_quarter": 20012,
            "year": 2001,
            "quarter": 2,
            "eps": null,
            "eps_growth_year": null,
            "eps_4q": null,
            "eps_4q_growth_year": null,
            "roe": null,
            "roe_4q": 0,
            "gross_profit": null,
            "gross_margin": null,
            "gross_margin_4q_avg": 0,
            "net_income": null,
            "revenue": null,
            "common_shares": null,
            "book_valuer_per_share": null,
            "book_valuer_per_share_4q_avg": 0,
            "equity": null,
            "current_ratio": null,
            "debt_ratio": null,
            "inventory_turnover_ratio": null,
            "account_receivable_turnover_ratio": null,
            "reinvestment_rate": null,
            "research_to_sale_ratio": null,
            "price_fair": 0,
            "eps_avg_yearly": 0,
            "eps_latest_yearly": 0,
            "eps_growth_yearly": 0
        },
        "20013": {
            "year_quarter": 20013,
            "year": 2001,
            "quarter": 3,
            "eps": null,
            "eps_growth_year": null,
            "eps_4q": null,
            "eps_4q_growth_year": null,
            "roe": null,
            "roe_4q": 0,
            "gross_profit": null,
            "gross_margin": null,
            "gross_margin_4q_avg": 0,
            "net_income": null,
            "revenue": null,
            "common_shares": null,
            "book_valuer_per_share": null,
            "book_valuer_per_share_4q_avg": 0,
            "equity": null,
            "current_ratio": null,
            "debt_ratio": null,
            "inventory_turnover_ratio": null,
            "account_receivable_turnover_ratio": null,
            "reinvestment_rate": null,
            "research_to_sale_ratio": null,
            "price_fair": 0,
            "eps_avg_yearly": 0,
            "eps_latest_yearly": 0,
            "eps_growth_yearly": 0
        },
        "20014": {
            "year_quarter": 20014,
            "year": 2001,
            "quarter": 4,
            "eps": null,
            "eps_growth_year": null,
            "eps_4q": null,
            "eps_4q_growth_year": null,
            "roe": null,
            "roe_4q": 0,
            "gross_profit": null,
            "gross_margin": null,
            "gross_margin_4q_avg": 0,
            "net_income": null,
            "revenue": null,
            "common_shares": 120000,
            "book_valuer_per_share": 8.53,
            "book_valuer_per_share_4q_avg": 2.13,
            "equity": 102309,
            "current_ratio": 133.06,
            "debt_ratio": 47.96,
            "inventory_turnover_ratio": null,
            "account_receivable_turnover_ratio": null,
            "reinvestment_rate": null,
            "research_to_sale_ratio": null,
            "price_fair": 0,
            "eps_avg_yearly": 0,
            "eps_latest_yearly": 0,
            "eps_growth_yearly": 0
        },
        "20021": {
            "year_quarter": 20021,
            "year": 2002,
            "quarter": 1,
            "eps": null,
            "eps_growth_year": null,
            "eps_4q": null,
            "eps_4q_growth_year": null,
            "roe": null,
            "roe_4q": 0,
            "gross_profit": null,
            "gross_margin": null,
            "gross_margin_4q_avg": 0,
            "net_income": null,
            "revenue": null,
            "common_shares": null,
            "book_valuer_per_share": null,
            "book_valuer_per_share_4q_avg": 2.13,
            "equity": null,
            "current_ratio": null,
            "debt_ratio": null,
            "inventory_turnover_ratio": null,
            "account_receivable_turnover_ratio": null,
            "reinvestment_rate": null,
            "research_to_sale_ratio": null,
            "price_fair": 0,
            "eps_avg_yearly": 0,
            "eps_latest_yearly": 0,
            "eps_growth_yearly": 0
        },
        "20022": {
            "year_quarter": 20022,
            "year": 2002,
            "quarter": 2,
            "eps": null,
            "eps_growth_year": null,
            "eps_4q": null,
            "eps_4q_growth_year": null,
            "roe": null,
            "roe_4q": 0,
            "gross_profit": null,
            "gross_margin": null,
            "gross_margin_4q_avg": 0,
            "net_income": null,
            "revenue": null,
            "common_shares": null,
            "book_valuer_per_share": null,
            "book_valuer_per_share_4q_avg": 2.13,
            "equity": null,
            "current_ratio": null,
            "debt_ratio": null,
            "inventory_turnover_ratio": null,
            "account_receivable_turnover_ratio": null,
            "reinvestment_rate": null,
            "research_to_sale_ratio": null,
            "price_fair": 0,
            "eps_avg_yearly": 0,
            "eps_latest_yearly": 0,
            "eps_growth_yearly": 0
        },
        "20023": {
            "year_quarter": 20023,
            "year": 2002,
            "quarter": 3,
            "eps": null,
            "eps_growth_year": null,
            "eps_4q": null,
            "eps_4q_growth_year": null,
            "roe": null,
            "roe_4q": 0,
            "gross_profit": null,
            "gross_margin": null,
            "gross_margin_4q_avg": 0,
            "net_income": null,
            "revenue": null,
            "common_shares": null,
            "book_valuer_per_share": null,
            "book_valuer_per_share_4q_avg": 2.13,
            "equity": null,
            "current_ratio": null,
            "debt_ratio": null,
            "inventory_turnover_ratio": null,
            "account_receivable_turnover_ratio": null,
            "reinvestment_rate": null,
            "research_to_sale_ratio": null,
            "price_fair": 0,
            "eps_avg_yearly": 0,
            "eps_latest_yearly": 0,
            "eps_growth_yearly": 0
        },
        "20024": {
            "year_quarter": 20024,
            "year": 2002,
            "quarter": 4,
            "eps": null,
            "eps_growth_year": null,
            "eps_4q": null,
            "eps_4q_growth_year": null,
            "roe": null,
            "roe_4q": 0,
            "gross_profit": null,
            "gross_margin": null,
            "gross_margin_4q_avg": 0,
            "net_income": null,
            "revenue": null,
            "common_shares": 150000,
            "book_valuer_per_share": 10.86,
            "book_valuer_per_share_4q_avg": 2.72,
            "equity": 162904,
            "current_ratio": 272.31,
            "debt_ratio": 25.81,
            "inventory_turnover_ratio": null,
            "account_receivable_turnover_ratio": null,
            "reinvestment_rate": null,
            "research_to_sale_ratio": null,
            "price_fair": 0,
            "eps_avg_yearly": 0,
            "eps_latest_yearly": 0,
            "eps_growth_yearly": 0
        },
        "20031": {
            "year_quarter": 20031,
            "year": 2003,
            "quarter": 1,
            "eps": null,
            "eps_growth_year": null,
            "eps_4q": null,
            "eps_4q_growth_year": null,
            "roe": null,
            "roe_4q": 0,
            "gross_profit": null,
            "gross_margin": null,
            "gross_margin_4q_avg": 0,
            "net_income": null,
            "revenue": null,
            "common_shares": null,
            "book_valuer_per_share": null,
            "book_valuer_per_share_4q_avg": 2.72,
            "equity": null,
            "current_ratio": null,
            "debt_ratio": null,
            "inventory_turnover_ratio": null,
            "account_receivable_turnover_ratio": null,
            "reinvestment_rate": null,
            "research_to_sale_ratio": null,
            "price_fair": 0,
            "eps_avg_yearly": 0,
            "eps_latest_yearly": 0,
            "eps_growth_yearly": 0
        },
        "20032": {
            "year_quarter": 20032,
            "year": 2003,
            "quarter": 2,
            "eps": null,
            "eps_growth_year": null,
            "eps_4q": null,
            "eps_4q_growth_year": null,
            "roe": null,
            "roe_4q": 0,
            "gross_profit": null,
            "gross_margin": null,
            "gross_margin_4q_avg": 0,
            "net_income": null,
            "revenue": null,
            "common_shares": null,
            "book_valuer_per_share": null,
            "book_valuer_per_share_4q_avg": 2.72,
            "equity": null,
            "current_ratio": null,
            "debt_ratio": null,
            "inventory_turnover_ratio": null,
            "account_receivable_turnover_ratio": null,
            "reinvestment_rate": null,
            "research_to_sale_ratio": null,
            "price_fair": 0,
            "eps_avg_yearly": 0,
            "eps_latest_yearly": 0,
            "eps_growth_yearly": 0
        },
        "20033": {
            "year_quarter": 20033,
            "year": 2003,
            "quarter": 3,
            "eps": null,
            "eps_growth_year": null,
            "eps_4q": null,
            "eps_4q_growth_year": null,
            "roe": null,
            "roe_4q": 0,
            "gross_profit": null,
            "gross_margin": null,
            "gross_margin_4q_avg": 0,
            "net_income": null,
            "revenue": null,
            "common_shares": null,
            "book_valuer_per_share": null,
            "book_valuer_per_share_4q_avg": 2.72,
            "equity": null,
            "current_ratio": null,
            "debt_ratio": null,
            "inventory_turnover_ratio": null,
            "account_receivable_turnover_ratio": null,
            "reinvestment_rate": null,
            "research_to_sale_ratio": null,
            "price_fair": 0,
            "eps_avg_yearly": 0,
            "eps_latest_yearly": 0,
            "eps_growth_yearly": 0
        },
        "20034": {
            "year_quarter": 20034,
            "year": 2003,
            "quarter": 4,
            "eps": null,
            "eps_growth_year": null,
            "eps_4q": null,
            "eps_4q_growth_year": null,
            "roe": null,
            "roe_4q": 0,
            "gross_profit": null,
            "gross_margin": null,
            "gross_margin_4q_avg": 0,
            "net_income": null,
            "revenue": null,
            "common_shares": 150000,
            "book_valuer_per_share": 12.31,
            "book_valuer_per_share_4q_avg": 3.08,
            "equity": 184639,
            "current_ratio": 344.22,
            "debt_ratio": 23.08,
            "inventory_turnover_ratio": null,
            "account_receivable_turnover_ratio": null,
            "reinvestment_rate": null,
            "research_to_sale_ratio": null,
            "price_fair": 0,
            "eps_avg_yearly": 0,
            "eps_latest_yearly": 0,
            "eps_growth_yearly": 0
        },
        "20041": {
            "year_quarter": 20041,
            "year": 2004,
            "quarter": 1,
            "eps": null,
            "eps_growth_year": null,
            "eps_4q": null,
            "eps_4q_growth_year": null,
            "roe": null,
            "roe_4q": 0,
            "gross_profit": null,
            "gross_margin": null,
            "gross_margin_4q_avg": 0,
            "net_income": null,
            "revenue": null,
            "common_shares": null,
            "book_valuer_per_share": null,
            "book_valuer_per_share_4q_avg": 3.08,
            "equity": null,
            "current_ratio": null,
            "debt_ratio": null,
            "inventory_turnover_ratio": null,
            "account_receivable_turnover_ratio": null,
            "reinvestment_rate": null,
            "research_to_sale_ratio": null,
            "price_fair": 0,
            "eps_avg_yearly": 0,
            "eps_latest_yearly": 0,
            "eps_growth_yearly": 0
        },
        "20042": {
            "year_quarter": 20042,
            "year": 2004,
            "quarter": 2,
            "eps": null,
            "eps_growth_year": null,
            "eps_4q": null,
            "eps_4q_growth_year": null,
            "roe": null,
            "roe_4q": 0,
            "gross_profit": null,
            "gross_margin": null,
            "gross_margin_4q_avg": 0,
            "net_income": null,
            "revenue": null,
            "common_shares": null,
            "book_valuer_per_share": null,
            "book_valuer_per_share_4q_avg": 3.08,
            "equity": null,
            "current_ratio": null,
            "debt_ratio": null,
            "inventory_turnover_ratio": null,
            "account_receivable_turnover_ratio": null,
            "reinvestment_rate": null,
            "research_to_sale_ratio": null,
            "price_fair": 0,
            "eps_avg_yearly": 0,
            "eps_latest_yearly": 0,
            "eps_growth_yearly": 0
        },
        "20043": {
            "year_quarter": 20043,
            "year": 2004,
            "quarter": 3,
            "eps": null,
            "eps_growth_year": null,
            "eps_4q": null,
            "eps_4q_growth_year": null,
            "roe": null,
            "roe_4q": 0,
            "gross_profit": null,
            "gross_margin": null,
            "gross_margin_4q_avg": 0,
            "net_income": null,
            "revenue": null,
            "common_shares": null,
            "book_valuer_per_share": null,
            "book_valuer_per_share_4q_avg": 3.08,
            "equity": null,
            "current_ratio": null,
            "debt_ratio": null,
            "inventory_turnover_ratio": null,
            "account_receivable_turnover_ratio": null,
            "reinvestment_rate": null,
            "research_to_sale_ratio": null,
            "price_fair": 0,
            "eps_avg_yearly": 0,
            "eps_latest_yearly": 0,
            "eps_growth_yearly": 0
        },
        "20044": {
            "year_quarter": 20044,
            "year": 2004,
            "quarter": 4,
            "eps": null,
            "eps_growth_year": null,
            "eps_4q": null,
            "eps_4q_growth_year": null,
            "roe": null,
            "roe_4q": 0,
            "gross_profit": null,
            "gross_margin": null,
            "gross_margin_4q_avg": 0,
            "net_income": null,
            "revenue": null,
            "common_shares": 205560,
            "book_valuer_per_share": 12.99,
            "book_valuer_per_share_4q_avg": 3.25,
            "equity": 266983,
            "current_ratio": 191.71,
            "debt_ratio": 21.54,
            "inventory_turnover_ratio": null,
            "account_receivable_turnover_ratio": null,
            "reinvestment_rate": null,
            "research_to_sale_ratio": null,
            "price_fair": 0,
            "eps_avg_yearly": 0,
            "eps_latest_yearly": 0,
            "eps_growth_yearly": 0
        },
        "20051": {
            "year_quarter": 20051,
            "year": 2005,
            "quarter": 1,
            "eps": null,
            "eps_growth_year": null,
            "eps_4q": null,
            "eps_4q_growth_year": null,
            "roe": null,
            "roe_4q": 0,
            "gross_profit": null,
            "gross_margin": null,
            "gross_margin_4q_avg": 0,
            "net_income": null,
            "revenue": null,
            "common_shares": null,
            "book_valuer_per_share": null,
            "book_valuer_per_share_4q_avg": 3.25,
            "equity": null,
            "current_ratio": null,
            "debt_ratio": null,
            "inventory_turnover_ratio": null,
            "account_receivable_turnover_ratio": null,
            "reinvestment_rate": null,
            "research_to_sale_ratio": null,
            "price_fair": 0,
            "eps_avg_yearly": 0,
            "eps_latest_yearly": 0,
            "eps_growth_yearly": 0
        },
        "20052": {
            "year_quarter": 20052,
            "year": 2005,
            "quarter": 2,
            "eps": null,
            "eps_growth_year": null,
            "eps_4q": null,
            "eps_4q_growth_year": null,
            "roe": null,
            "roe_4q": 0,
            "gross_profit": null,
            "gross_margin": null,
            "gross_margin_4q_avg": 0,
            "net_income": null,
            "revenue": null,
            "common_shares": null,
            "book_valuer_per_share": null,
            "book_valuer_per_share_4q_avg": 3.25,
            "equity": null,
            "current_ratio": null,
            "debt_ratio": null,
            "inventory_turnover_ratio": null,
            "account_receivable_turnover_ratio": null,
            "reinvestment_rate": null,
            "research_to_sale_ratio": null,
            "price_fair": 0,
            "eps_avg_yearly": 0,
            "eps_latest_yearly": 0,
            "eps_growth_yearly": 0
        },
        "20053": {
            "year_quarter": 20053,
            "year": 2005,
            "quarter": 3,
            "eps": null,
            "eps_growth_year": null,
            "eps_4q": null,
            "eps_4q_growth_year": null,
            "roe": null,
            "roe_4q": 0,
            "gross_profit": null,
            "gross_margin": null,
            "gross_margin_4q_avg": 0,
            "net_income": null,
            "revenue": null,
            "common_shares": null,
            "book_valuer_per_share": null,
            "book_valuer_per_share_4q_avg": 3.25,
            "equity": null,
            "current_ratio": null,
            "debt_ratio": null,
            "inventory_turnover_ratio": null,
            "account_receivable_turnover_ratio": null,
            "reinvestment_rate": null,
            "research_to_sale_ratio": null,
            "price_fair": 0,
            "eps_avg_yearly": 0,
            "eps_latest_yearly": 0,
            "eps_growth_yearly": 0
        },
        "20054": {
            "year_quarter": 20054,
            "year": 2005,
            "quarter": 4,
            "eps": null,
            "eps_growth_year": null,
            "eps_4q": null,
            "eps_4q_growth_year": null,
            "roe": null,
            "roe_4q": 0,
            "gross_profit": null,
            "gross_margin": null,
            "gross_margin_4q_avg": 0,
            "net_income": null,
            "revenue": null,
            "common_shares": 230491,
            "book_valuer_per_share": 12.8,
            "book_valuer_per_share_4q_avg": 3.2,
            "equity": 295088,
            "current_ratio": 239.33,
            "debt_ratio": 24.09,
            "inventory_turnover_ratio": null,
            "account_receivable_turnover_ratio": null,
            "reinvestment_rate": null,
            "research_to_sale_ratio": null,
            "price_fair": 0,
            "eps_avg_yearly": 0,
            "eps_latest_yearly": 0,
            "eps_growth_yearly": 0
        },
        "20061": {
            "year_quarter": 20061,
            "year": 2006,
            "quarter": 1,
            "eps": null,
            "eps_growth_year": null,
            "eps_4q": null,
            "eps_4q_growth_year": null,
            "roe": null,
            "roe_4q": 0,
            "gross_profit": null,
            "gross_margin": null,
            "gross_margin_4q_avg": 0,
            "net_income": null,
            "revenue": null,
            "common_shares": null,
            "book_valuer_per_share": null,
            "book_valuer_per_share_4q_avg": 3.2,
            "equity": null,
            "current_ratio": null,
            "debt_ratio": null,
            "inventory_turnover_ratio": null,
            "account_receivable_turnover_ratio": null,
            "reinvestment_rate": null,
            "research_to_sale_ratio": null,
            "price_fair": 0,
            "eps_avg_yearly": 0,
            "eps_latest_yearly": 0,
            "eps_growth_yearly": 0
        },
        "20062": {
            "year_quarter": 20062,
            "year": 2006,
            "quarter": 2,
            "eps": null,
            "eps_growth_year": null,
            "eps_4q": null,
            "eps_4q_growth_year": null,
            "roe": null,
            "roe_4q": 0,
            "gross_profit": null,
            "gross_margin": null,
            "gross_margin_4q_avg": 0,
            "net_income": null,
            "revenue": null,
            "common_shares": null,
            "book_valuer_per_share": null,
            "book_valuer_per_share_4q_avg": 3.2,
            "equity": null,
            "current_ratio": null,
            "debt_ratio": null,
            "inventory_turnover_ratio": null,
            "account_receivable_turnover_ratio": null,
            "reinvestment_rate": null,
            "research_to_sale_ratio": null,
            "price_fair": 0,
            "eps_avg_yearly": 0,
            "eps_latest_yearly": 0,
            "eps_growth_yearly": 0
        },
        "20063": {
            "year_quarter": 20063,
            "year": 2006,
            "quarter": 3,
            "eps": 0.86,
            "eps_growth_year": null,
            "eps_4q": null,
            "eps_4q_growth_year": null,
            "roe": 6.57,
            "roe_4q": 6.57,
            "gross_profit": 34395,
            "gross_margin": 31.71,
            "gross_margin_4q_avg": 7.93,
            "net_income": 22694,
            "revenue": 108466,
            "common_shares": 264839,
            "book_valuer_per_share": 13.05,
            "book_valuer_per_share_4q_avg": 6.46,
            "equity": 345598,
            "current_ratio": 239.05,
            "debt_ratio": 22.95,
            "inventory_turnover_ratio": 1.16,
            "account_receivable_turnover_ratio": null,
            "reinvestment_rate": null,
            "research_to_sale_ratio": null,
            "price_fair": 0,
            "eps_avg_yearly": 0,
            "eps_latest_yearly": 0,
            "eps_growth_yearly": 0
        },
        "20064": {
            "year_quarter": 20064,
            "year": 2006,
            "quarter": 4,
            "eps": 0.62,
            "eps_growth_year": null,
            "eps_4q": null,
            "eps_4q_growth_year": null,
            "roe": 4.63,
            "roe_4q": 11.2,
            "gross_profit": 34204,
            "gross_margin": 22.36,
            "gross_margin_4q_avg": 13.52,
            "net_income": 16391,
            "revenue": 152999,
            "common_shares": 264839,
            "book_valuer_per_share": 13.67,
            "book_valuer_per_share_4q_avg": 6.68,
            "equity": 361989,
            "current_ratio": 131.39,
            "debt_ratio": 32.28,
            "inventory_turnover_ratio": 1.88,
            "account_receivable_turnover_ratio": null,
            "reinvestment_rate": null,
            "research_to_sale_ratio": null,
            "price_fair": 7.44,
            "eps_avg_yearly": 2.48,
            "eps_latest_yearly": 2.48,
            "eps_growth_yearly": -111.63
        },
        "20071": {
            "year_quarter": 20071,
            "year": 2007,
            "quarter": 1,
            "eps": 0.79,
            "eps_growth_year": null,
            "eps_4q": null,
            "eps_4q_growth_year": null,
            "roe": 5.58,
            "roe_4q": 16.78,
            "gross_profit": 38086,
            "gross_margin": 27.49,
            "gross_margin_4q_avg": 20.39,
            "net_income": 20798,
            "revenue": 138541,
            "common_shares": 264839,
            "book_valuer_per_share": 14.45,
            "book_valuer_per_share_4q_avg": 10.29,
            "equity": 382787,
            "current_ratio": 125.55,
            "debt_ratio": 37.07,
            "inventory_turnover_ratio": 1.43,
            "account_receivable_turnover_ratio": null,
            "reinvestment_rate": null,
            "research_to_sale_ratio": null,
            "price_fair": 8.46,
            "eps_avg_yearly": 2.82,
            "eps_latest_yearly": 3.16,
            "eps_growth_yearly": -0.98
        },
        "20072": {
            "year_quarter": 20072,
            "year": 2007,
            "quarter": 2,
            "eps": 1.43,
            "eps_growth_year": null,
            "eps_4q": 3.21,
            "eps_4q_growth_year": null,
            "roe": 11.84,
            "roe_4q": 28.62,
            "gross_profit": 43334,
            "gross_margin": 23.88,
            "gross_margin_4q_avg": 26.36,
            "net_income": 47990,
            "revenue": 181463,
            "common_shares": 264839,
            "book_valuer_per_share": 16.16,
            "book_valuer_per_share_4q_avg": 14.33,
            "equity": 427849,
            "current_ratio": 116.76,
            "debt_ratio": 36.41,
            "inventory_turnover_ratio": 1.74,
            "account_receivable_turnover_ratio": null,
            "reinvestment_rate": null,
            "research_to_sale_ratio": null,
            "price_fair": 132.53,
            "eps_avg_yearly": 3.79,
            "eps_latest_yearly": 5.72,
            "eps_growth_yearly": 107.37
        },
        "20073": {
            "year_quarter": 20073,
            "year": 2007,
            "quarter": 3,
            "eps": 1.09,
            "eps_growth_year": 26.74,
            "eps_4q": 3.63,
            "eps_4q_growth_year": null,
            "roe": 7.03,
            "roe_4q": 29.080000000000002,
            "gross_profit": 63126,
            "gross_margin": 27.04,
            "gross_margin_4q_avg": 25.19,
            "net_income": 36625,
            "revenue": 233443,
            "common_shares": 366253,
            "book_valuer_per_share": 16.78,
            "book_valuer_per_share_4q_avg": 15.27,
            "equity": 614474,
            "current_ratio": 279.86,
            "debt_ratio": 24.62,
            "inventory_turnover_ratio": 2.12,
            "account_receivable_turnover_ratio": null,
            "reinvestment_rate": null,
            "research_to_sale_ratio": null,
            "price_fair": 137.55,
            "eps_avg_yearly": 3.93,
            "eps_latest_yearly": 4.36,
            "eps_growth_yearly": 56.75
        },
        "20074": {
            "year_quarter": 20074,
            "year": 2007,
            "quarter": 4,
            "eps": 1.32,
            "eps_growth_year": 112.9,
            "eps_4q": 4.39,
            "eps_4q_growth_year": null,
            "roe": 7.12,
            "roe_4q": 31.57,
            "gross_profit": 58495,
            "gross_margin": 23.97,
            "gross_margin_4q_avg": 25.6,
            "net_income": 45331,
            "revenue": 244012,
            "common_shares": 366253,
            "book_valuer_per_share": 18.01,
            "book_valuer_per_share_4q_avg": 16.35,
            "equity": 659718,
            "current_ratio": 271.73,
            "debt_ratio": 23.67,
            "inventory_turnover_ratio": 1.64,
            "account_receivable_turnover_ratio": null,
            "reinvestment_rate": null,
            "research_to_sale_ratio": null,
            "price_fair": 147,
            "eps_avg_yearly": 4.2,
            "eps_latest_yearly": 5.28,
            "eps_growth_yearly": 62.28
        },
        "20081": {
            "year_quarter": 20081,
            "year": 2008,
            "quarter": 1,
            "eps": 1.11,
            "eps_growth_year": 40.51,
            "eps_4q": 4.66,
            "eps_4q_growth_year": null,
            "roe": 5.99,
            "roe_4q": 31.98,
            "gross_profit": 95045,
            "gross_margin": 28.96,
            "gross_margin_4q_avg": 25.96,
            "net_income": 40687,
            "revenue": 328162,
            "common_shares": 366253,
            "book_valuer_per_share": 19.11,
            "book_valuer_per_share_4q_avg": 17.52,
            "equity": 699741,
            "current_ratio": 363.1,
            "debt_ratio": 18.57,
            "inventory_turnover_ratio": 1.48,
            "account_receivable_turnover_ratio": null,
            "reinvestment_rate": null,
            "research_to_sale_ratio": null,
            "price_fair": 148.4,
            "eps_avg_yearly": 4.24,
            "eps_latest_yearly": 4.44,
            "eps_growth_yearly": 41.29
        },
        "20082": {
            "year_quarter": 20082,
            "year": 2008,
            "quarter": 2,
            "eps": 0.97,
            "eps_growth_year": -32.17,
            "eps_4q": 3.49,
            "eps_4q_growth_year": 8.48,
            "roe": 5.63,
            "roe_4q": 25.770000000000003,
            "gross_profit": 93794,
            "gross_margin": 24.74,
            "gross_margin_4q_avg": 26.18,
            "net_income": 47265,
            "revenue": 379063,
            "common_shares": 412043,
            "book_valuer_per_share": 23.74,
            "book_valuer_per_share_4q_avg": 19.41,
            "equity": 978062,
            "current_ratio": 413.49,
            "debt_ratio": 18.84,
            "inventory_turnover_ratio": 1.68,
            "account_receivable_turnover_ratio": null,
            "reinvestment_rate": null,
            "research_to_sale_ratio": null,
            "price_fair": 146.6,
            "eps_avg_yearly": 4.19,
            "eps_latest_yearly": 3.88,
            "eps_growth_yearly": 28.19
        },
        "20083": {
            "year_quarter": 20083,
            "year": 2008,
            "quarter": 3,
            "eps": 1.03,
            "eps_growth_year": -5.5,
            "eps_4q": 3.65,
            "eps_4q_growth_year": 0.56,
            "roe": 5.13,
            "roe_4q": 23.87,
            "gross_profit": 94163,
            "gross_margin": 23.38,
            "gross_margin_4q_avg": 25.26,
            "net_income": 52489,
            "revenue": 402756,
            "common_shares": 536842,
            "book_valuer_per_share": 19.27,
            "book_valuer_per_share_4q_avg": 20.03,
            "equity": 1066833,
            "current_ratio": 578.87,
            "debt_ratio": 13.87,
            "inventory_turnover_ratio": 1.84,
            "account_receivable_turnover_ratio": null,
            "reinvestment_rate": null,
            "research_to_sale_ratio": null,
            "price_fair": 146.3,
            "eps_avg_yearly": 4.18,
            "eps_latest_yearly": 4.12,
            "eps_growth_yearly": 27.76
        },
        "20084": {
            "year_quarter": 20084,
            "year": 2008,
            "quarter": 4,
            "eps": -0.92,
            "eps_growth_year": -169.7,
            "eps_4q": 1.83,
            "eps_4q_growth_year": -58.34,
            "roe": -4.71,
            "roe_4q": 12.04,
            "gross_profit": -30611,
            "gross_margin": -12.75,
            "gross_margin_4q_avg": 16.08,
            "net_income": -48804,
            "revenue": 240139,
            "common_shares": 536842,
            "book_valuer_per_share": 18.11,
            "book_valuer_per_share_4q_avg": 20.06,
            "equity": 1003824,
            "current_ratio": 327.49,
            "debt_ratio": 22.86,
            "inventory_turnover_ratio": 1.73,
            "account_receivable_turnover_ratio": 3.3,
            "reinvestment_rate": null,
            "research_to_sale_ratio": null,
            "price_fair": 146.3,
            "eps_avg_yearly": 4.18,
            "eps_latest_yearly": 4.12,
            "eps_growth_yearly": 27.76
        },
        "20091": {
            "year_quarter": 20091,
            "year": 2009,
            "quarter": 1,
            "eps": 0.13,
            "eps_growth_year": -88.29,
            "eps_4q": 1.18,
            "eps_4q_growth_year": -74.59,
            "roe": 0.65,
            "roe_4q": 6.7,
            "gross_profit": 34336,
            "gross_margin": 14.36,
            "gross_margin_4q_avg": 12.43,
            "net_income": 6528,
            "revenue": 239176,
            "common_shares": 536842,
            "book_valuer_per_share": 18.28,
            "book_valuer_per_share_4q_avg": 19.85,
            "equity": 1013216,
            "current_ratio": 537.51,
            "debt_ratio": 14.11,
            "inventory_turnover_ratio": 1.12,
            "account_receivable_turnover_ratio": 1.61,
            "reinvestment_rate": null,
            "research_to_sale_ratio": null,
            "price_fair": 146.3,
            "eps_avg_yearly": 4.18,
            "eps_latest_yearly": 4.12,
            "eps_growth_yearly": 27.76
        },
        "20092": {
            "year_quarter": 20092,
            "year": 2009,
            "quarter": 2,
            "eps": 0.52,
            "eps_growth_year": -46.39,
            "eps_4q": 0.75,
            "eps_4q_growth_year": -78.4,
            "roe": 2.83,
            "roe_4q": 3.9,
            "gross_profit": 54379,
            "gross_margin": 16.29,
            "gross_margin_4q_avg": 10.32,
            "net_income": 28303,
            "revenue": 333843,
            "common_shares": 536842,
            "book_valuer_per_share": 17.78,
            "book_valuer_per_share_4q_avg": 18.36,
            "equity": 984335,
            "current_ratio": 327.78,
            "debt_ratio": 22.43,
            "inventory_turnover_ratio": 1.21,
            "account_receivable_turnover_ratio": 1.96,
            "reinvestment_rate": null,
            "research_to_sale_ratio": null,
            "price_fair": 138.13,
            "eps_avg_yearly": 3.95,
            "eps_latest_yearly": 2.08,
            "eps_growth_yearly": 158.01
        },
        "20093": {
            "year_quarter": 20093,
            "year": 2009,
            "quarter": 3,
            "eps": 0.6,
            "eps_growth_year": -41.75,
            "eps_4q": 0.4,
            "eps_4q_growth_year": -88.98,
            "roe": 3.27,
            "roe_4q": 2.04,
            "gross_profit": 68500,
            "gross_margin": 18.81,
            "gross_margin_4q_avg": 9.18,
            "net_income": 32629,
            "revenue": 364115,
            "common_shares": 563684,
            "book_valuer_per_share": 17.48,
            "book_valuer_per_share_4q_avg": 17.91,
            "equity": 1013880,
            "current_ratio": 466.48,
            "debt_ratio": 18.84,
            "inventory_turnover_ratio": 1.09,
            "account_receivable_turnover_ratio": 1.86,
            "reinvestment_rate": null,
            "research_to_sale_ratio": null,
            "price_fair": 132.72,
            "eps_avg_yearly": 3.79,
            "eps_latest_yearly": 2.4,
            "eps_growth_yearly": 148.36
        },
        "20094": {
            "year_quarter": 20094,
            "year": 2009,
            "quarter": 4,
            "eps": 0.64,
            "eps_growth_year": null,
            "eps_4q": 1.87,
            "eps_4q_growth_year": 2.51,
            "roe": 3.32,
            "roe_4q": 10.07,
            "gross_profit": 79205,
            "gross_margin": 18.01,
            "gross_margin_4q_avg": 16.87,
            "net_income": 35296,
            "revenue": 439694,
            "common_shares": 563684,
            "book_valuer_per_share": 18.77,
            "book_valuer_per_share_4q_avg": 18.08,
            "equity": 1109551,
            "current_ratio": 686.28,
            "debt_ratio": 34.3,
            "inventory_turnover_ratio": 1.15,
            "account_receivable_turnover_ratio": 4.66,
            "reinvestment_rate": null,
            "research_to_sale_ratio": null,
            "price_fair": 128.8,
            "eps_avg_yearly": 3.68,
            "eps_latest_yearly": 2.56,
            "eps_growth_yearly": 137.3
        },
        "20101": {
            "year_quarter": 20101,
            "year": 2010,
            "quarter": 1,
            "eps": 0.5,
            "eps_growth_year": 284.62,
            "eps_4q": 2.25,
            "eps_4q_growth_year": 90.42,
            "roe": 2.32,
            "roe_4q": 11.74,
            "gross_profit": 71363,
            "gross_margin": 13.64,
            "gross_margin_4q_avg": 16.69,
            "net_income": 28004,
            "revenue": 523292,
            "common_shares": 563684,
            "book_valuer_per_share": 19.2,
            "book_valuer_per_share_4q_avg": 18.31,
            "equity": 1305061,
            "current_ratio": 336.71,
            "debt_ratio": 37.7,
            "inventory_turnover_ratio": 1.13,
            "account_receivable_turnover_ratio": 2.41,
            "reinvestment_rate": null,
            "research_to_sale_ratio": 0.08,
            "price_fair": 123.9,
            "eps_avg_yearly": 3.54,
            "eps_latest_yearly": 2,
            "eps_growth_yearly": 118.56
        },
        "20102": {
            "year_quarter": 20102,
            "year": 2010,
            "quarter": 2,
            "eps": 0.81,
            "eps_growth_year": 56.05,
            "eps_4q": 2.5,
            "eps_4q_growth_year": 231.53,
            "roe": 4.35,
            "roe_4q": 13.26,
            "gross_profit": 132801,
            "gross_margin": 18.83,
            "gross_margin_4q_avg": 17.32,
            "net_income": 57502,
            "revenue": 705215,
            "common_shares": 563684,
            "book_valuer_per_share": 19.02,
            "book_valuer_per_share_4q_avg": 18.62,
            "equity": 1341089,
            "current_ratio": 290.87,
            "debt_ratio": 39.28,
            "inventory_turnover_ratio": 1.18,
            "account_receivable_turnover_ratio": 2.76,
            "reinvestment_rate": 260.42,
            "research_to_sale_ratio": 0.19,
            "price_fair": 123.09,
            "eps_avg_yearly": 3.52,
            "eps_latest_yearly": 3.24,
            "eps_growth_yearly": 128.52
        },
        "20103": {
            "year_quarter": 20103,
            "year": 2010,
            "quarter": 3,
            "eps": 0.64,
            "eps_growth_year": 6.97,
            "eps_4q": 2.56,
            "eps_4q_growth_year": 536.99,
            "roe": 3.2,
            "roe_4q": 13.19,
            "gross_profit": 117177,
            "gross_margin": 15.78,
            "gross_margin_4q_avg": 16.57,
            "net_income": 43389,
            "revenue": 742477,
            "common_shares": 580445,
            "book_valuer_per_share": 18.99,
            "book_valuer_per_share_4q_avg": 19,
            "equity": 1373185,
            "current_ratio": 266.23,
            "debt_ratio": 39.55,
            "inventory_turnover_ratio": 1.2,
            "account_receivable_turnover_ratio": 2.95,
            "reinvestment_rate": 228.75,
            "research_to_sale_ratio": 0.06,
            "price_fair": 120.7,
            "eps_avg_yearly": 3.45,
            "eps_latest_yearly": 2.56,
            "eps_growth_yearly": 113.34
        },
        "20104": {
            "year_quarter": 20104,
            "year": 2010,
            "quarter": 4,
            "eps": 0.56,
            "eps_growth_year": -12.89,
            "eps_4q": 2.5,
            "eps_4q_growth_year": 33.35,
            "roe": 2.52,
            "roe_4q": 12.39,
            "gross_profit": 159284,
            "gross_margin": 19.19,
            "gross_margin_4q_avg": 16.86,
            "net_income": 34543,
            "revenue": 830004,
            "common_shares": 580445,
            "book_valuer_per_share": 19.07,
            "book_valuer_per_share_4q_avg": 19.07,
            "equity": 1366666,
            "current_ratio": 131.96,
            "debt_ratio": 44.92,
            "inventory_turnover_ratio": 1.18,
            "account_receivable_turnover_ratio": 3.08,
            "reinvestment_rate": 221.75,
            "research_to_sale_ratio": 0.07,
            "price_fair": 120.1,
            "eps_avg_yearly": 3.43,
            "eps_latest_yearly": 2.24,
            "eps_growth_yearly": 117.75
        },
        "20111": {
            "year_quarter": 20111,
            "year": 2011,
            "quarter": 1,
            "eps": 0.85,
            "eps_growth_year": 70,
            "eps_4q": 2.86,
            "eps_4q_growth_year": 27.17,
            "roe": 3.57,
            "roe_4q": 13.639999999999999,
            "gross_profit": 115427,
            "gross_margin": 15.64,
            "gross_margin_4q_avg": 17.36,
            "net_income": 47550,
            "revenue": 738057,
            "common_shares": 580445,
            "book_valuer_per_share": 20.03,
            "book_valuer_per_share_4q_avg": 19.28,
            "equity": 1297226,
            "current_ratio": 130.64,
            "debt_ratio": 45.78,
            "inventory_turnover_ratio": 1.02,
            "account_receivable_turnover_ratio": 2.54,
            "reinvestment_rate": 108.86,
            "research_to_sale_ratio": 0.06,
            "price_fair": 120.7,
            "eps_avg_yearly": 3.45,
            "eps_latest_yearly": 3.4,
            "eps_growth_yearly": 124.71
        },
        "20112": {
            "year_quarter": 20112,
            "year": 2011,
            "quarter": 2,
            "eps": 0.95,
            "eps_growth_year": 16.84,
            "eps_4q": 2.72,
            "eps_4q_growth_year": 8.99,
            "roe": 4.33,
            "roe_4q": 13.620000000000001,
            "gross_profit": 120203,
            "gross_margin": 14.28,
            "gross_margin_4q_avg": 16.22,
            "net_income": 61150,
            "revenue": 841484,
            "common_shares": 653975,
            "book_valuer_per_share": 21.31,
            "book_valuer_per_share_4q_avg": 19.85,
            "equity": 1526039,
            "current_ratio": 179.96,
            "debt_ratio": 48.5,
            "inventory_turnover_ratio": 1.03,
            "account_receivable_turnover_ratio": 2.77,
            "reinvestment_rate": 108.1,
            "research_to_sale_ratio": 0.08,
            "price_fair": 115.9,
            "eps_avg_yearly": 3.31,
            "eps_latest_yearly": 3.8,
            "eps_growth_yearly": 104.92
        },
        "20113": {
            "year_quarter": 20113,
            "year": 2011,
            "quarter": 3,
            "eps": 0.92,
            "eps_growth_year": 43.5,
            "eps_4q": 3.07,
            "eps_4q_growth_year": 19.88,
            "roe": 2.97,
            "roe_4q": 13.39,
            "gross_profit": 77121,
            "gross_margin": 8.19,
            "gross_margin_4q_avg": 14.33,
            "net_income": 47050,
            "revenue": 941725,
            "common_shares": 677444,
            "book_valuer_per_share": 22.47,
            "book_valuer_per_share_4q_avg": 20.72,
            "equity": 1642964,
            "current_ratio": 174.12,
            "debt_ratio": 48.43,
            "inventory_turnover_ratio": 1.04,
            "account_receivable_turnover_ratio": 2.78,
            "reinvestment_rate": 112.39,
            "research_to_sale_ratio": 0.06,
            "price_fair": 114.2,
            "eps_avg_yearly": 3.26,
            "eps_latest_yearly": 3.68,
            "eps_growth_yearly": 110.81
        },
        "20114": {
            "year_quarter": 20114,
            "year": 2011,
            "quarter": 4,
            "eps": 0.46,
            "eps_growth_year": -16.97,
            "eps_4q": 3.05,
            "eps_4q_growth_year": 22.18,
            "roe": 1.61,
            "roe_4q": 12.48,
            "gross_profit": 76955,
            "gross_margin": 7.26,
            "gross_margin_4q_avg": 11.34,
            "net_income": 26548,
            "revenue": 1059480,
            "common_shares": 672444,
            "book_valuer_per_share": 22.56,
            "book_valuer_per_share_4q_avg": 21.59,
            "equity": 1650812,
            "current_ratio": 218.91,
            "debt_ratio": 48.35,
            "inventory_turnover_ratio": 0.98,
            "account_receivable_turnover_ratio": 3.04,
            "reinvestment_rate": 119.57,
            "research_to_sale_ratio": 0.05,
            "price_fair": 105.6,
            "eps_avg_yearly": 3.02,
            "eps_latest_yearly": 1.84,
            "eps_growth_yearly": 90.5
        },
        "20121": {
            "year_quarter": 20121,
            "year": 2012,
            "quarter": 1,
            "eps": 0.6,
            "eps_growth_year": -29.41,
            "eps_4q": 2.83,
            "eps_4q_growth_year": -1.11,
            "roe": 2.17,
            "roe_4q": 11.08,
            "gross_profit": 98036,
            "gross_margin": 9.51,
            "gross_margin_4q_avg": 9.81,
            "net_income": 36854,
            "revenue": 1031368,
            "common_shares": 693932,
            "book_valuer_per_share": 23.34,
            "book_valuer_per_share_4q_avg": 22.42,
            "equity": 1746719,
            "current_ratio": 222.09,
            "debt_ratio": 44.22,
            "inventory_turnover_ratio": 0.84,
            "account_receivable_turnover_ratio": 3.2,
            "reinvestment_rate": 258.78,
            "research_to_sale_ratio": 0.41,
            "price_fair": 100.5,
            "eps_avg_yearly": 2.87,
            "eps_latest_yearly": 2.4,
            "eps_growth_yearly": 103.74
        },
        "20122": {
            "year_quarter": 20122,
            "year": 2012,
            "quarter": 2,
            "eps": 0.27,
            "eps_growth_year": -72,
            "eps_4q": 2.1,
            "eps_4q_growth_year": -22.9,
            "roe": 0.2,
            "roe_4q": 6.950000000000001,
            "gross_profit": 29628,
            "gross_margin": 2.51,
            "gross_margin_4q_avg": 6.87,
            "net_income": 3377,
            "revenue": 1180712,
            "common_shares": 700616,
            "book_valuer_per_share": 22.08,
            "book_valuer_per_share_4q_avg": 22.61,
            "equity": 1658485,
            "current_ratio": 167.48,
            "debt_ratio": 46.78,
            "inventory_turnover_ratio": 1.15,
            "account_receivable_turnover_ratio": 3.61,
            "reinvestment_rate": 136.05,
            "research_to_sale_ratio": 0.05,
            "price_fair": 93.5,
            "eps_avg_yearly": 2.67,
            "eps_latest_yearly": 1.08,
            "eps_growth_yearly": 91.63
        },
        "20123": {
            "year_quarter": 20123,
            "year": 2012,
            "quarter": 3,
            "eps": 0.27,
            "eps_growth_year": -70.35,
            "eps_4q": 1.52,
            "eps_4q_growth_year": -50.45,
            "roe": 1.49,
            "roe_4q": 5.47,
            "gross_profit": 83969,
            "gross_margin": 7.73,
            "gross_margin_4q_avg": 6.75,
            "net_income": 24786,
            "revenue": 1086730,
            "common_shares": 728001,
            "book_valuer_per_share": 21.37,
            "book_valuer_per_share_4q_avg": 22.34,
            "equity": 1671871,
            "current_ratio": 174.22,
            "debt_ratio": 44.19,
            "inventory_turnover_ratio": 1.17,
            "account_receivable_turnover_ratio": 2.64,
            "reinvestment_rate": 149.33,
            "research_to_sale_ratio": 0.06,
            "price_fair": 85.9,
            "eps_avg_yearly": 2.45,
            "eps_latest_yearly": 1.08,
            "eps_growth_yearly": 89.86
        },
        "20124": {
            "year_quarter": 20124,
            "year": 2012,
            "quarter": 4,
            "eps": 0.39,
            "eps_growth_year": -14.69,
            "eps_4q": 1.49,
            "eps_4q_growth_year": -51.29,
            "roe": 1.35,
            "roe_4q": 5.21,
            "gross_profit": 69067,
            "gross_margin": 5.85,
            "gross_margin_4q_avg": 6.4,
            "net_income": 22743,
            "revenue": 1181356,
            "common_shares": 728001,
            "book_valuer_per_share": 21.88,
            "book_valuer_per_share_4q_avg": 22.17,
            "equity": 1702960,
            "current_ratio": 192.09,
            "debt_ratio": 47.36,
            "inventory_turnover_ratio": 1.23,
            "account_receivable_turnover_ratio": 2.67,
            "reinvestment_rate": 132.48,
            "research_to_sale_ratio": 0.05,
            "price_fair": 83.81,
            "eps_avg_yearly": 2.39,
            "eps_latest_yearly": 1.56,
            "eps_growth_yearly": 95.72
        },
        "20131": {
            "year_quarter": 20131,
            "year": 2013,
            "quarter": 1,
            "eps": 0.1,
            "eps_growth_year": -83.33,
            "eps_4q": 1.03,
            "eps_4q_growth_year": -63.66,
            "roe": 0.34,
            "roe_4q": 3.3800000000000003,
            "gross_profit": 44950,
            "gross_margin": 4.29,
            "gross_margin_4q_avg": 5.1,
            "net_income": 5790,
            "revenue": 1047373,
            "common_shares": 728001,
            "book_valuer_per_share": 22.31,
            "book_valuer_per_share_4q_avg": 21.91,
            "equity": 1734178,
            "current_ratio": 182.31,
            "debt_ratio": 49.14,
            "inventory_turnover_ratio": 1.06,
            "account_receivable_turnover_ratio": 2.56,
            "reinvestment_rate": 131.77,
            "research_to_sale_ratio": 0.04,
            "price_fair": 79.45,
            "eps_avg_yearly": 2.27,
            "eps_latest_yearly": 0.4,
            "eps_growth_yearly": 71.15
        },
        "20132": {
            "year_quarter": 20132,
            "year": 2013,
            "quarter": 2,
            "eps": -0.26,
            "eps_growth_year": -197.93,
            "eps_4q": 0.5,
            "eps_4q_growth_year": -76.27,
            "roe": -1.3,
            "roe_4q": 1.8800000000000001,
            "gross_profit": 5981,
            "gross_margin": 0.55,
            "gross_margin_4q_avg": 4.61,
            "net_income": -22088,
            "revenue": 1096202,
            "common_shares": 728001,
            "book_valuer_per_share": 21.32,
            "book_valuer_per_share_4q_avg": 21.72,
            "equity": 1662351,
            "current_ratio": 175.11,
            "debt_ratio": 50.15,
            "inventory_turnover_ratio": 1.23,
            "account_receivable_turnover_ratio": 2.74,
            "reinvestment_rate": 144.08,
            "research_to_sale_ratio": 0.03,
            "price_fair": 6.85,
            "eps_avg_yearly": 2.28,
            "eps_latest_yearly": 0.4,
            "eps_growth_yearly": -4.11
        },
        "20133": {
            "year_quarter": 20133,
            "year": 2013,
            "quarter": 3,
            "eps": 0.22,
            "eps_growth_year": -19.43,
            "eps_4q": 0.45,
            "eps_4q_growth_year": -70.18,
            "roe": 0.27,
            "roe_4q": 0.6600000000000001,
            "gross_profit": 30973,
            "gross_margin": 3,
            "gross_margin_4q_avg": 3.42,
            "net_income": 4509,
            "revenue": 1031000,
            "common_shares": 738921,
            "book_valuer_per_share": 21.09,
            "book_valuer_per_share_4q_avg": 21.65,
            "equity": 1655237,
            "current_ratio": 182.36,
            "debt_ratio": 48.13,
            "inventory_turnover_ratio": 1.13,
            "account_receivable_turnover_ratio": 2.9,
            "reinvestment_rate": 153.18,
            "research_to_sale_ratio": 0.03,
            "price_fair": 6.82,
            "eps_avg_yearly": 2.27,
            "eps_latest_yearly": 0.4,
            "eps_growth_yearly": -8.8
        },
        "20134": {
            "year_quarter": 20134,
            "year": 2013,
            "quarter": 4,
            "eps": 0.03,
            "eps_growth_year": -92.08,
            "eps_4q": 0.1,
            "eps_4q_growth_year": -93.57,
            "roe": -0.23,
            "roe_4q": -0.9199999999999999,
            "gross_profit": 14356,
            "gross_margin": 1.5,
            "gross_margin_4q_avg": 2.34,
            "net_income": -3756,
            "revenue": 957800,
            "common_shares": 738921,
            "book_valuer_per_share": 21.25,
            "book_valuer_per_share_4q_avg": 21.49,
            "equity": 1662762,
            "current_ratio": 139.72,
            "debt_ratio": 47.27,
            "inventory_turnover_ratio": 1.07,
            "account_receivable_turnover_ratio": 2.81,
            "reinvestment_rate": 106.4,
            "research_to_sale_ratio": 0.02,
            "price_fair": 6.3,
            "eps_avg_yearly": 2.1,
            "eps_latest_yearly": 0.12,
            "eps_growth_yearly": -35.38
        },
        "20141": {
            "year_quarter": 20141,
            "year": 2014,
            "quarter": 1,
            "eps": -0.02,
            "eps_growth_year": -120,
            "eps_4q": -0.02,
            "eps_4q_growth_year": -101.58,
            "roe": -0.57,
            "roe_4q": -1.83,
            "gross_profit": 23071,
            "gross_margin": 2.82,
            "gross_margin_4q_avg": 1.97,
            "net_income": -9418,
            "revenue": 818552,
            "common_shares": 738921,
            "book_valuer_per_share": 21.35,
            "book_valuer_per_share_4q_avg": 21.25,
            "equity": 1661993,
            "current_ratio": 143.53,
            "debt_ratio": 46.64,
            "inventory_turnover_ratio": 0.88,
            "account_receivable_turnover_ratio": 2.31,
            "reinvestment_rate": 2.18,
            "research_to_sale_ratio": 0.03,
            "price_fair": 6.32,
            "eps_avg_yearly": 2.11,
            "eps_latest_yearly": 0.12,
            "eps_growth_yearly": -31.37
        },
        "20142": {
            "year_quarter": 20142,
            "year": 2014,
            "quarter": 2,
            "eps": 0.22,
            "eps_growth_year": null,
            "eps_4q": 0.45,
            "eps_4q_growth_year": -9.81,
            "roe": 0.94,
            "roe_4q": 0.41000000000000003,
            "gross_profit": 72539,
            "gross_margin": 7.29,
            "gross_margin_4q_avg": 3.65,
            "net_income": 15601,
            "revenue": 994815,
            "common_shares": 738921,
            "book_valuer_per_share": 21.25,
            "book_valuer_per_share_4q_avg": 21.24,
            "equity": 1653570,
            "current_ratio": 167.83,
            "debt_ratio": 47.73,
            "inventory_turnover_ratio": 0.97,
            "account_receivable_turnover_ratio": 2.72,
            "reinvestment_rate": -46.67,
            "research_to_sale_ratio": 0.02,
            "price_fair": 6.04,
            "eps_avg_yearly": 2.01,
            "eps_latest_yearly": 0.12,
            "eps_growth_yearly": -54.65
        },
        "20143": {
            "year_quarter": 20143,
            "year": 2014,
            "quarter": 3,
            "eps": 0.24,
            "eps_growth_year": 9.09,
            "eps_4q": 0.47,
            "eps_4q_growth_year": 3.24,
            "roe": 0.8,
            "roe_4q": 0.94,
            "gross_profit": 41912,
            "gross_margin": 4.11,
            "gross_margin_4q_avg": 3.93,
            "net_income": 13385,
            "revenue": 1019501,
            "common_shares": 753732,
            "book_valuer_per_share": 21.55,
            "book_valuer_per_share_4q_avg": 21.35,
            "equity": 1703983,
            "current_ratio": 206.63,
            "debt_ratio": 45.07,
            "inventory_turnover_ratio": 1.07,
            "account_receivable_turnover_ratio": 2.72,
            "reinvestment_rate": -64.26,
            "research_to_sale_ratio": 0.02,
            "price_fair": 5.64,
            "eps_avg_yearly": 1.88,
            "eps_latest_yearly": 0.96,
            "eps_growth_yearly": -44.62
        },
        "20144": {
            "year_quarter": 20144,
            "year": 2014,
            "quarter": 4,
            "eps": 0.06,
            "eps_growth_year": 91.78,
            "eps_4q": 0.5,
            "eps_4q_growth_year": 420.26,
            "roe": -0.41,
            "roe_4q": 0.7600000000000001,
            "gross_profit": 26128,
            "gross_margin": 2.64,
            "gross_margin_4q_avg": 4.22,
            "net_income": -6980,
            "revenue": 991192,
            "common_shares": 753733,
            "book_valuer_per_share": 21.74,
            "book_valuer_per_share_4q_avg": 21.47,
            "equity": 1712765,
            "current_ratio": 285.45,
            "debt_ratio": 44.91,
            "inventory_turnover_ratio": 1.14,
            "account_receivable_turnover_ratio": 2.73,
            "reinvestment_rate": -80.49,
            "research_to_sale_ratio": 0.03,
            "price_fair": 5.14,
            "eps_avg_yearly": 1.71,
            "eps_latest_yearly": 0.24,
            "eps_growth_yearly": -65.45
        },
        "20151": {
            "year_quarter": 20151,
            "year": 2015,
            "quarter": 1,
            "eps": 0.03,
            "eps_growth_year": null,
            "eps_4q": 0.55,
            "eps_4q_growth_year": null,
            "roe": -0.24,
            "roe_4q": 1.09,
            "gross_profit": 54251,
            "gross_margin": 8.71,
            "gross_margin_4q_avg": 5.69,
            "net_income": -4062,
            "revenue": 622548,
            "common_shares": 753733,
            "book_valuer_per_share": 21.68,
            "book_valuer_per_share_4q_avg": 21.56,
            "equity": 1701300,
            "current_ratio": 257.17,
            "debt_ratio": 44.81,
            "inventory_turnover_ratio": 0.71,
            "account_receivable_turnover_ratio": 1.68,
            "reinvestment_rate": 74.06,
            "research_to_sale_ratio": 0.04,
            "price_fair": 4.32,
            "eps_avg_yearly": 1.44,
            "eps_latest_yearly": 0.12,
            "eps_growth_yearly": -99.38
        },
        "20152": {
            "year_quarter": 20152,
            "year": 2015,
            "quarter": 2,
            "eps": 0.1,
            "eps_growth_year": -54.55,
            "eps_4q": 0.43,
            "eps_4q_growth_year": -4.05,
            "roe": -0.07,
            "roe_4q": 0.08000000000000007,
            "gross_profit": 46722,
            "gross_margin": 4.87,
            "gross_margin_4q_avg": 5.08,
            "net_income": -1198,
            "revenue": 958658,
            "common_shares": 753733,
            "book_valuer_per_share": 21.45,
            "book_valuer_per_share_4q_avg": 21.61,
            "equity": 1674095,
            "current_ratio": 235.09,
            "debt_ratio": 45.53,
            "inventory_turnover_ratio": 1.16,
            "account_receivable_turnover_ratio": 2.44,
            "reinvestment_rate": 74.92,
            "research_to_sale_ratio": 0.03,
            "price_fair": 3.47,
            "eps_avg_yearly": 1.16,
            "eps_latest_yearly": 0.4,
            "eps_growth_yearly": -25.53
        },
        "20153": {
            "year_quarter": 20153,
            "year": 2015,
            "quarter": 3,
            "eps": 0,
            "eps_growth_year": -100,
            "eps_4q": 0.19,
            "eps_4q_growth_year": -58.42,
            "roe": -1.48,
            "roe_4q": -2.2,
            "gross_profit": -3078,
            "gross_margin": -0.4,
            "gross_margin_4q_avg": 3.96,
            "net_income": -24915,
            "revenue": 760000,
            "common_shares": 761270,
            "book_valuer_per_share": 21.82,
            "book_valuer_per_share_4q_avg": 21.67,
            "equity": 1695414,
            "current_ratio": 224.16,
            "debt_ratio": 44.87,
            "inventory_turnover_ratio": 1.02,
            "account_receivable_turnover_ratio": 1.81,
            "reinvestment_rate": 79.35,
            "research_to_sale_ratio": 0.03,
            "price_fair": 2.78,
            "eps_avg_yearly": 0.93,
            "eps_latest_yearly": 0.4,
            "eps_growth_yearly": -26.7
        },
        "20154": {
            "year_quarter": 20154,
            "year": 2015,
            "quarter": 4,
            "eps": -1.04,
            "eps_growth_year": -1834.88,
            "eps_4q": -0.93,
            "eps_4q_growth_year": -287.3,
            "roe": -7.03,
            "roe_4q": -8.82,
            "gross_profit": -54429,
            "gross_margin": -9.19,
            "gross_margin_4q_avg": 1,
            "net_income": -125277,
            "revenue": 592268,
            "common_shares": 949680,
            "book_valuer_per_share": 18.76,
            "book_valuer_per_share_4q_avg": 20.93,
            "equity": 1866869,
            "current_ratio": 321.04,
            "debt_ratio": 36.67,
            "inventory_turnover_ratio": 0.92,
            "account_receivable_turnover_ratio": 1.49,
            "reinvestment_rate": 104.22,
            "research_to_sale_ratio": 0.04,
            "price_fair": 2.51,
            "eps_avg_yearly": 0.84,
            "eps_latest_yearly": 0.4,
            "eps_growth_yearly": -9.37
        },
        "20161": {
            "year_quarter": 20161,
            "year": 2016,
            "quarter": 1,
            "eps": 0.16,
            "eps_growth_year": 433.33,
            "eps_4q": -0.8,
            "eps_4q_growth_year": -246.33,
            "roe": 0.75,
            "roe_4q": -7.83,
            "gross_profit": 69483,
            "gross_margin": 10.83,
            "gross_margin_4q_avg": 1.53,
            "net_income": 13951,
            "revenue": 641503,
            "common_shares": 949680,
            "book_valuer_per_share": 18.82,
            "book_valuer_per_share_4q_avg": 20.21,
            "equity": 1871622,
            "current_ratio": 307.6,
            "debt_ratio": 35.77,
            "inventory_turnover_ratio": 0.88,
            "account_receivable_turnover_ratio": 1.69,
            "reinvestment_rate": -1825.69,
            "research_to_sale_ratio": 0.04,
            "price_fair": 1.99,
            "eps_avg_yearly": 0.66,
            "eps_latest_yearly": 0.4,
            "eps_growth_yearly": -23.94
        },
        "20162": {
            "year_quarter": 20162,
            "year": 2016,
            "quarter": 2,
            "eps": 0.13,
            "eps_growth_year": 30,
            "eps_4q": -0.75,
            "eps_4q_growth_year": -273.95,
            "roe": 0.37,
            "roe_4q": -7.390000000000001,
            "gross_profit": 50521,
            "gross_margin": 5.94,
            "gross_margin_4q_avg": 1.8,
            "net_income": 6847,
            "revenue": 850102,
            "common_shares": 949680,
            "book_valuer_per_share": 18.64,
            "book_valuer_per_share_4q_avg": 19.51,
            "equity": 1846646,
            "current_ratio": 283.13,
            "debt_ratio": 36.89,
            "inventory_turnover_ratio": 1.38,
            "account_receivable_turnover_ratio": 2.11,
            "reinvestment_rate": -75.68,
            "research_to_sale_ratio": 0.03,
            "price_fair": 1.8,
            "eps_avg_yearly": 0.6,
            "eps_latest_yearly": 0.52,
            "eps_growth_yearly": -7.82
        },
        "20163": {
            "year_quarter": 20163,
            "year": 2016,
            "quarter": 3,
            "eps": -0.16,
            "eps_growth_year": null,
            "eps_4q": -0.91,
            "eps_4q_growth_year": -566.94,
            "roe": -0.92,
            "roe_4q": -6.83,
            "gross_profit": 54752,
            "gross_margin": 6.96,
            "gross_margin_4q_avg": 3.64,
            "net_income": -16787,
            "revenue": 787151,
            "common_shares": 949680,
            "book_valuer_per_share": 18.21,
            "book_valuer_per_share_4q_avg": 18.61,
            "equity": 1800807,
            "current_ratio": 256.97,
            "debt_ratio": 33.4,
            "inventory_turnover_ratio": 1.3,
            "account_receivable_turnover_ratio": 2.06,
            "reinvestment_rate": null,
            "research_to_sale_ratio": 0.03,
            "price_fair": 1.62,
            "eps_avg_yearly": 0.54,
            "eps_latest_yearly": 0.52,
            "eps_growth_yearly": -8.8
        },
        "20164": {
            "year_quarter": 20164,
            "year": 2016,
            "quarter": 4,
            "eps": -0.01,
            "eps_growth_year": null,
            "eps_4q": 0.12,
            "eps_4q_growth_year": null,
            "roe": -0.17,
            "roe_4q": 0.029999999999999916,
            "gross_profit": 105781,
            "gross_margin": 12.39,
            "gross_margin_4q_avg": 9.03,
            "net_income": -3017,
            "revenue": 853898,
            "common_shares": 955395,
            "book_valuer_per_share": 18.19,
            "book_valuer_per_share_4q_avg": 18.47,
            "equity": 1806906,
            "current_ratio": 281.86,
            "debt_ratio": 35.19,
            "inventory_turnover_ratio": 1.08,
            "account_receivable_turnover_ratio": 2.86,
            "reinvestment_rate": null,
            "research_to_sale_ratio": 0.03,
            "price_fair": 1.18,
            "eps_avg_yearly": 0.39,
            "eps_latest_yearly": 0.52,
            "eps_growth_yearly": -35.46
        },
        "20171": {
            "year_quarter": 20171,
            "year": 2017,
            "quarter": 1,
            "eps": -0.31,
            "eps_growth_year": -293.75,
            "eps_4q": -0.35,
            "eps_4q_growth_year": null,
            "roe": -1.81,
            "roe_4q": -2.53,
            "gross_profit": 65957,
            "gross_margin": 7.84,
            "gross_margin_4q_avg": 8.28,
            "net_income": -31990,
            "revenue": 840779,
            "common_shares": 955870,
            "book_valuer_per_share": 17.39,
            "book_valuer_per_share_4q_avg": 18.11,
            "equity": 1726407,
            "current_ratio": 261.79,
            "debt_ratio": 36.58,
            "inventory_turnover_ratio": 0.92,
            "account_receivable_turnover_ratio": 3.21,
            "reinvestment_rate": null,
            "research_to_sale_ratio": 0.05,
            "price_fair": 7.16,
            "eps_avg_yearly": 0.39,
            "eps_latest_yearly": 0.52,
            "eps_growth_yearly": 8.21
        },
        "20172": {
            "year_quarter": 20172,
            "year": 2017,
            "quarter": 2,
            "eps": 0.46,
            "eps_growth_year": 253.85,
            "eps_4q": -0.02,
            "eps_4q_growth_year": null,
            "roe": 2.45,
            "roe_4q": -0.44999999999999996,
            "gross_profit": 79193,
            "gross_margin": 7.83,
            "gross_margin_4q_avg": 8.76,
            "net_income": 42642,
            "revenue": 1011194,
            "common_shares": 956195,
            "book_valuer_per_share": 17.73,
            "book_valuer_per_share_4q_avg": 17.88,
            "equity": 1759136,
            "current_ratio": 254.97,
            "debt_ratio": 38.76,
            "inventory_turnover_ratio": 1.02,
            "account_receivable_turnover_ratio": 3.62,
            "reinvestment_rate": null,
            "research_to_sale_ratio": 0.02,
            "price_fair": 7.16,
            "eps_avg_yearly": 0.39,
            "eps_latest_yearly": 0.52,
            "eps_growth_yearly": 8.21
        },
        "20173": {
            "year_quarter": 20173,
            "year": 2017,
            "quarter": 3,
            "eps": 0.23,
            "eps_growth_year": null,
            "eps_4q": 0.37,
            "eps_4q_growth_year": null,
            "roe": 1.23,
            "roe_4q": 1.7000000000000002,
            "gross_profit": 88347,
            "gross_margin": 8.63,
            "gross_margin_4q_avg": 9.17,
            "net_income": 21684,
            "revenue": 1023521,
            "common_shares": 956745,
            "book_valuer_per_share": 17.99,
            "book_valuer_per_share_4q_avg": 17.83,
            "equity": 1771361,
            "current_ratio": 213.15,
            "debt_ratio": 40.77,
            "inventory_turnover_ratio": 0.94,
            "account_receivable_turnover_ratio": 3.7,
            "reinvestment_rate": null,
            "research_to_sale_ratio": 0.02,
            "price_fair": 1.41,
            "eps_avg_yearly": 0.47,
            "eps_latest_yearly": 0.92,
            "eps_growth_yearly": -21.54
        },
        "20174": {
            "year_quarter": 20174,
            "year": 2017,
            "quarter": 4,
            "eps": 0.14,
            "eps_growth_year": null,
            "eps_4q": 0.51,
            "eps_4q_growth_year": 336.35,
            "roe": 1.06,
            "roe_4q": 2.93,
            "gross_profit": 120957,
            "gross_margin": 10.72,
            "gross_margin_4q_avg": 8.76,
            "net_income": 18840,
            "revenue": 1128735,
            "common_shares": 960090,
            "book_valuer_per_share": 18.01,
            "book_valuer_per_share_4q_avg": 17.78,
            "equity": 1787856,
            "current_ratio": 218.28,
            "debt_ratio": 43.5,
            "inventory_turnover_ratio": 0.97,
            "account_receivable_turnover_ratio": 3.63,
            "reinvestment_rate": -2671.82,
            "research_to_sale_ratio": 0.02,
            "price_fair": 8.21,
            "eps_avg_yearly": 0.53,
            "eps_latest_yearly": 0.56,
            "eps_growth_yearly": 5.45
        },
        "20181": {
            "year_quarter": 20181,
            "year": 2018,
            "quarter": 1,
            "eps": 0.51,
            "eps_growth_year": null,
            "eps_4q": 1.34,
            "eps_4q_growth_year": null,
            "roe": 2.58,
            "roe_4q": 7.32,
            "gross_profit": 60484,
            "gross_margin": 6.1,
            "gross_margin_4q_avg": 8.32,
            "net_income": 47061,
            "revenue": 990868,
            "common_shares": 961625,
            "book_valuer_per_share": 18.7,
            "book_valuer_per_share_4q_avg": 18.11,
            "equity": 1856158,
            "current_ratio": 235.59,
            "debt_ratio": 42.66,
            "inventory_turnover_ratio": 0.86,
            "account_receivable_turnover_ratio": 2.95,
            "reinvestment_rate": -327.88,
            "research_to_sale_ratio": 0.03,
            "price_fair": 25.2,
            "eps_avg_yearly": 0.72,
            "eps_latest_yearly": 2.04,
            "eps_growth_yearly": 136.91
        },
        "20182": {
            "year_quarter": 20182,
            "year": 2018,
            "quarter": 2,
            "eps": 0.47,
            "eps_growth_year": 2.17,
            "eps_4q": 1.35,
            "eps_4q_growth_year": null,
            "roe": 2.05,
            "roe_4q": 6.92,
            "gross_profit": 77000,
            "gross_margin": 7.34,
            "gross_margin_4q_avg": 8.2,
            "net_income": 38251,
            "revenue": 1048734,
            "common_shares": 961925,
            "book_valuer_per_share": 19.07,
            "book_valuer_per_share_4q_avg": 18.44,
            "equity": 1883627,
            "current_ratio": 217.01,
            "debt_ratio": 42.3,
            "inventory_turnover_ratio": 0.82,
            "account_receivable_turnover_ratio": 3.61,
            "reinvestment_rate": -205,
            "research_to_sale_ratio": 0.02,
            "price_fair": 29.71,
            "eps_avg_yearly": 0.85,
            "eps_latest_yearly": 1.88,
            "eps_growth_yearly": 118.22
        },
        "20183": {
            "year_quarter": 20183,
            "year": 2018,
            "quarter": 3,
            "eps": -0.27,
            "eps_growth_year": -217.39,
            "eps_4q": 0.85,
            "eps_4q_growth_year": 132.69,
            "roe": -1.86,
            "roe_4q": 3.8299999999999996,
            "gross_profit": 38661,
            "gross_margin": 4.29,
            "gross_margin_4q_avg": 7.11,
            "net_income": -34555,
            "revenue": 901665,
            "common_shares": 961925,
            "book_valuer_per_share": 18.69,
            "book_valuer_per_share_4q_avg": 18.62,
            "equity": 1837671,
            "current_ratio": 215.21,
            "debt_ratio": 43.04,
            "inventory_turnover_ratio": 0.7,
            "account_receivable_turnover_ratio": 3.55,
            "reinvestment_rate": -488.66,
            "research_to_sale_ratio": 0.03,
            "price_fair": 29.23,
            "eps_avg_yearly": 0.84,
            "eps_latest_yearly": 1.88,
            "eps_growth_yearly": 128.45
        },
        "20184": {
            "year_quarter": 20184,
            "year": 2018,
            "quarter": 4,
            "eps": 0.09,
            "eps_growth_year": -34.48,
            "eps_4q": 0.8,
            "eps_4q_growth_year": 56.29,
            "roe": 0.09,
            "roe_4q": 2.86,
            "gross_profit": 53212,
            "gross_margin": 4.24,
            "gross_margin_4q_avg": 5.49,
            "net_income": 1722,
            "revenue": 1255225,
            "common_shares": 963265,
            "book_valuer_per_share": 18.91,
            "book_valuer_per_share_4q_avg": 18.84,
            "equity": 1854943,
            "current_ratio": 251.37,
            "debt_ratio": 38.2,
            "inventory_turnover_ratio": 1.09,
            "account_receivable_turnover_ratio": 4.04,
            "reinvestment_rate": -799.3,
            "research_to_sale_ratio": 0.02,
            "price_fair": 32.2,
            "eps_avg_yearly": 0.92,
            "eps_latest_yearly": 1.88,
            "eps_growth_yearly": 189.65
        },
        "20191": {
            "year_quarter": 20191,
            "year": 2019,
            "quarter": 1,
            "eps": 0.41,
            "eps_growth_year": -19.61,
            "eps_4q": 0.7,
            "eps_4q_growth_year": -47.23,
            "roe": 2.14,
            "roe_4q": 2.42,
            "gross_profit": 90177,
            "gross_margin": 11.23,
            "gross_margin_4q_avg": 6.78,
            "net_income": 40159,
            "revenue": 803217,
            "common_shares": 963345,
            "book_valuer_per_share": 19.37,
            "book_valuer_per_share_4q_avg": 19.01,
            "equity": 1900410,
            "current_ratio": 264.01,
            "debt_ratio": 39.21,
            "inventory_turnover_ratio": 0.75,
            "account_receivable_turnover_ratio": 2.28,
            "reinvestment_rate": -413.89,
            "research_to_sale_ratio": 0.05,
            "price_fair": 39.8,
            "eps_avg_yearly": 1.14,
            "eps_latest_yearly": 1.64,
            "eps_growth_yearly": 421.4
        },
        "20192": {
            "year_quarter": 20192,
            "year": 2019,
            "quarter": 2,
            "eps": 0.43,
            "eps_growth_year": -8.51,
            "eps_4q": 0.66,
            "eps_4q_growth_year": -50.74,
            "roe": 2.18,
            "roe_4q": 2.55,
            "gross_profit": 86318,
            "gross_margin": 8.61,
            "gross_margin_4q_avg": 7.09,
            "net_income": 41543,
            "revenue": 1002925,
            "common_shares": 963505,
            "book_valuer_per_share": 19.39,
            "book_valuer_per_share_4q_avg": 19.09,
            "equity": 1902118,
            "current_ratio": 253.97,
            "debt_ratio": 38.5,
            "inventory_turnover_ratio": 0.97,
            "account_receivable_turnover_ratio": 2.67,
            "reinvestment_rate": -294.14,
            "research_to_sale_ratio": 0.05,
            "price_fair": 46.4,
            "eps_avg_yearly": 1.33,
            "eps_latest_yearly": 1.72,
            "eps_growth_yearly": 290.85
        },
        "20193": {
            "year_quarter": 20193,
            "year": 2019,
            "quarter": 3,
            "eps": 0.31,
            "eps_growth_year": null,
            "eps_4q": 1.24,
            "eps_4q_growth_year": 46.26,
            "roe": 1.54,
            "roe_4q": 5.95,
            "gross_profit": 109253,
            "gross_margin": 9.61,
            "gross_margin_4q_avg": 8.42,
            "net_income": 29439,
            "revenue": 1136638,
            "common_shares": 963845,
            "book_valuer_per_share": 19.62,
            "book_valuer_per_share_4q_avg": 19.32,
            "equity": 1922575,
            "current_ratio": 263.18,
            "debt_ratio": 36.67,
            "inventory_turnover_ratio": 1.27,
            "account_receivable_turnover_ratio": 2.72,
            "reinvestment_rate": -258.18,
            "research_to_sale_ratio": 0.04,
            "price_fair": 46.03,
            "eps_avg_yearly": 1.32,
            "eps_latest_yearly": 1.24,
            "eps_growth_yearly": 240.54
        },
        "20194": {
            "year_quarter": 20194,
            "year": 2019,
            "quarter": 4,
            "eps": 0.4,
            "eps_growth_year": 350.06,
            "eps_4q": 1.56,
            "eps_4q_growth_year": 93.99,
            "roe": 1.93,
            "roe_4q": 7.790000000000001,
            "gross_profit": 129563,
            "gross_margin": 14.27,
            "gross_margin_4q_avg": 10.93,
            "net_income": 37355,
            "revenue": 908023,
            "common_shares": 964020,
            "book_valuer_per_share": 19.98,
            "book_valuer_per_share_4q_avg": 19.59,
            "equity": 1956307,
            "current_ratio": 295.76,
            "debt_ratio": 39.45,
            "inventory_turnover_ratio": 1.13,
            "account_receivable_turnover_ratio": 2.27,
            "reinvestment_rate": -123.53,
            "research_to_sale_ratio": 0.06,
            "price_fair": 47.13,
            "eps_avg_yearly": 1.35,
            "eps_latest_yearly": 1.6,
            "eps_growth_yearly": 226.72
        },
        "20201": {
            "year_quarter": 20201,
            "year": 2020,
            "quarter": 1,
            "eps": 0.35,
            "eps_growth_year": -14.63,
            "eps_4q": 1.5,
            "eps_4q_growth_year": 112.16,
            "roe": 1.73,
            "roe_4q": 7.380000000000001,
            "gross_profit": 90300,
            "gross_margin": 11.9,
            "gross_margin_4q_avg": 11.1,
            "net_income": 34216,
            "revenue": 758737,
            "common_shares": 964020,
            "book_valuer_per_share": 20.37,
            "book_valuer_per_share_4q_avg": 19.84,
            "equity": 1991675,
            "current_ratio": 314.01,
            "debt_ratio": 38.57,
            "inventory_turnover_ratio": 0.94,
            "account_receivable_turnover_ratio": 1.81,
            "reinvestment_rate": -111.53,
            "research_to_sale_ratio": 0.06,
            "price_fair": 47.32,
            "eps_avg_yearly": 1.35,
            "eps_latest_yearly": 1.4,
            "eps_growth_yearly": 199.05
        },
        "20202": {
            "year_quarter": 20202,
            "year": 2020,
            "quarter": 2,
            "eps": 0.71,
            "eps_growth_year": 65.12,
            "eps_4q": 1.82,
            "eps_4q_growth_year": 173.16,
            "roe": 3.64,
            "roe_4q": 8.84,
            "gross_profit": 112020,
            "gross_margin": 15.49,
            "gross_margin_4q_avg": 12.82,
            "net_income": 70503,
            "revenue": 723317,
            "common_shares": 929970,
            "book_valuer_per_share": 19.82,
            "book_valuer_per_share_4q_avg": 19.95,
            "equity": 1877328,
            "current_ratio": 272.73,
            "debt_ratio": 42.05,
            "inventory_turnover_ratio": 0.82,
            "account_receivable_turnover_ratio": 1.89,
            "reinvestment_rate": -80.28,
            "research_to_sale_ratio": 0.08,
            "price_fair": 55.44,
            "eps_avg_yearly": 1.58,
            "eps_latest_yearly": 2.84,
            "eps_growth_yearly": 247.69
        },
        "20203": {
            "year_quarter": 20203,
            "year": 2020,
            "quarter": 3,
            "eps": 1.04,
            "eps_growth_year": 235.48,
            "eps_4q": 2.3,
            "eps_4q_growth_year": 85.07,
            "roe": 5.18,
            "roe_4q": 12.48,
            "gross_profit": 175708,
            "gross_margin": 19.77,
            "gross_margin_4q_avg": 15.36,
            "net_income": 105877,
            "revenue": 888546,
            "common_shares": 1058140,
            "book_valuer_per_share": 20.57,
            "book_valuer_per_share_4q_avg": 20.19,
            "equity": 2212683,
            "current_ratio": 385.16,
            "debt_ratio": 28.28,
            "inventory_turnover_ratio": 0.96,
            "account_receivable_turnover_ratio": 2.77,
            "reinvestment_rate": -52.32,
            "research_to_sale_ratio": 0.06,
            "price_fair": 63.64,
            "eps_avg_yearly": 1.82,
            "eps_latest_yearly": 4.16,
            "eps_growth_yearly": 242.08
        },
        "20204": {
            "year_quarter": 20204,
            "year": 2020,
            "quarter": 4,
            "eps": 0.38,
            "eps_growth_year": -6.59,
            "eps_4q": 2.14,
            "eps_4q_growth_year": 37.35,
            "roe": 1.91,
            "roe_4q": 12.46,
            "gross_profit": 124425,
            "gross_margin": 12.94,
            "gross_margin_4q_avg": 15.03,
            "net_income": 44473,
            "revenue": 961838,
            "common_shares": 1161829,
            "book_valuer_per_share": 20.7,
            "book_valuer_per_share_4q_avg": 20.37,
            "equity": 2442926,
            "current_ratio": 353.72,
            "debt_ratio": 21.18,
            "inventory_turnover_ratio": 1.2,
            "account_receivable_turnover_ratio": 2.83,
            "reinvestment_rate": -46.48,
            "research_to_sale_ratio": 0.05,
            "price_fair": 62.77,
            "eps_avg_yearly": 1.79,
            "eps_latest_yearly": 1.52,
            "eps_growth_yearly": 200.75
        },
        "20211": {
            "year_quarter": 20211,
            "year": 2021,
            "quarter": 1,
            "eps": 1.13,
            "eps_growth_year": 222.86,
            "eps_4q": 2.9,
            "eps_4q_growth_year": 94.13,
            "roe": 5.19,
            "roe_4q": 15.920000000000002,
            "gross_profit": 254021,
            "gross_margin": 24.97,
            "gross_margin_4q_avg": 18.29,
            "net_income": 131942,
            "revenue": 1017438,
            "common_shares": 1199227,
            "book_valuer_per_share": 21.73,
            "book_valuer_per_share_4q_avg": 20.71,
            "equity": 2641226,
            "current_ratio": 382.86,
            "debt_ratio": 19.76,
            "inventory_turnover_ratio": 1.04,
            "account_receivable_turnover_ratio": 2.72,
            "reinvestment_rate": -29.77,
            "research_to_sale_ratio": 0.05,
            "price_fair": 70.11,
            "eps_avg_yearly": 2,
            "eps_latest_yearly": 4.52,
            "eps_growth_yearly": 246.04
        },
        "20212": {
            "year_quarter": 20212,
            "year": 2021,
            "quarter": 2,
            "eps": 0.9,
            "eps_growth_year": 26.76,
            "eps_4q": 3.25,
            "eps_4q_growth_year": 78.95,
            "roe": 3.96,
            "roe_4q": 16.240000000000002,
            "gross_profit": 205033,
            "gross_margin": 20.38,
            "gross_margin_4q_avg": 19.52,
            "net_income": 106599,
            "revenue": 1005852,
            "common_shares": 1199227,
            "book_valuer_per_share": 22.53,
            "book_valuer_per_share_4q_avg": 21.38,
            "equity": 2735848,
            "current_ratio": 447.24,
            "debt_ratio": 16.86,
            "inventory_turnover_ratio": 1.07,
            "account_receivable_turnover_ratio": 3.05,
            "reinvestment_rate": -22.53,
            "research_to_sale_ratio": 0.06,
            "price_fair": 74.1,
            "eps_avg_yearly": 2.12,
            "eps_latest_yearly": 3.6,
            "eps_growth_yearly": 222.65
        },
        "20213": {
            "year_quarter": 20213,
            "year": 2021,
            "quarter": 3,
            "eps": 0.66,
            "eps_growth_year": -36.54,
            "eps_4q": 3.04,
            "eps_4q_growth_year": 32.05,
            "roe": 2.87,
            "roe_4q": 13.93,
            "gross_profit": 158313,
            "gross_margin": 20.01,
            "gross_margin_4q_avg": 19.58,
            "net_income": 76940,
            "revenue": 791336,
            "common_shares": 1199227,
            "book_valuer_per_share": 21.58,
            "book_valuer_per_share_4q_avg": 21.64,
            "equity": 2619573,
            "current_ratio": 372.65,
            "debt_ratio": 22.24,
            "inventory_turnover_ratio": 0.91,
            "account_receivable_turnover_ratio": 3.46,
            "reinvestment_rate": -38.45,
            "research_to_sale_ratio": 0.07,
            "price_fair": 78.4,
            "eps_avg_yearly": 2.24,
            "eps_latest_yearly": 2.64,
            "eps_growth_yearly": 229.31
        },
        "20214": {
            "year_quarter": 20214,
            "year": 2021,
            "quarter": 4,
            "eps": 0.75,
            "eps_growth_year": 100.53,
            "eps_4q": 3.43,
            "eps_4q_growth_year": 60.37,
            "roe": 3.29,
            "roe_4q": 15.310000000000002,
            "gross_profit": 132197,
            "gross_margin": 15.22,
            "gross_margin_4q_avg": 20.15,
            "net_income": 87497,
            "revenue": 868539,
            "common_shares": 1199227,
            "book_valuer_per_share": 22.32,
            "book_valuer_per_share_4q_avg": 22.04,
            "equity": 2705539,
            "current_ratio": 449.4,
            "debt_ratio": 18.77,
            "inventory_turnover_ratio": 1.09,
            "account_receivable_turnover_ratio": 3.36,
            "reinvestment_rate": -28.42,
            "research_to_sale_ratio": 0.06,
            "price_fair": 84.5,
            "eps_avg_yearly": 2.41,
            "eps_latest_yearly": 3,
            "eps_growth_yearly": 244.39
        },
        "20221": {
            "year_quarter": 20221,
            "year": 2022,
            "quarter": 1,
            "eps": 1.04,
            "eps_growth_year": -7.96,
            "eps_4q": 3.36,
            "eps_4q_growth_year": 15.7,
            "roe": 4.49,
            "roe_4q": 14.61,
            "gross_profit": 207298,
            "gross_margin": 24.98,
            "gross_margin_4q_avg": 20.15,
            "net_income": 124766,
            "revenue": 829730,
            "common_shares": 1199277,
            "book_valuer_per_share": 23.53,
            "book_valuer_per_share_4q_avg": 22.49,
            "equity": 2852358,
            "current_ratio": 442.56,
            "debt_ratio": 18.82,
            "inventory_turnover_ratio": 0.81,
            "account_receivable_turnover_ratio": 3.35,
            "reinvestment_rate": -25.68,
            "research_to_sale_ratio": 0.06,
            "price_fair": 89.8,
            "eps_avg_yearly": 2.57,
            "eps_latest_yearly": 4.16,
            "eps_growth_yearly": 179.93
        },
        "20222": {
            "year_quarter": 20222,
            "year": 2022,
            "quarter": 2,
            "eps": 1.06,
            "eps_growth_year": 17.78,
            "eps_4q": 3.52,
            "eps_4q_growth_year": 8.43,
            "roe": 4.48,
            "roe_4q": 15.130000000000003,
            "gross_profit": 170419,
            "gross_margin": 16.67,
            "gross_margin_4q_avg": 19.22,
            "net_income": 126189,
            "revenue": 1022250,
            "common_shares": 1199277,
            "book_valuer_per_share": 22.95,
            "book_valuer_per_share_4q_avg": 22.6,
            "equity": 2780147,
            "current_ratio": 321.03,
            "debt_ratio": 26.84,
            "inventory_turnover_ratio": 0.89,
            "account_receivable_turnover_ratio": 4.21,
            "reinvestment_rate": -21.51,
            "research_to_sale_ratio": 0.06,
            "price_fair": 95.7,
            "eps_avg_yearly": 2.73,
            "eps_latest_yearly": 4.24,
            "eps_growth_yearly": 182.72
        },
        "20223": {
            "year_quarter": 20223,
            "year": 2022,
            "quarter": 3,
            "eps": 0.2,
            "eps_growth_year": -69.7,
            "eps_4q": 3.8,
            "eps_4q_growth_year": 25.21,
            "roe": 0.73,
            "roe_4q": 12.990000000000002,
            "gross_profit": 39506,
            "gross_margin": 4.42,
            "gross_margin_4q_avg": 15.32,
            "net_income": 19740,
            "revenue": 892855,
            "common_shares": 959421,
            "book_valuer_per_share": 26.83,
            "book_valuer_per_share_4q_avg": 23.91,
            "equity": 2599739,
            "current_ratio": 305.33,
            "debt_ratio": 27.16,
            "inventory_turnover_ratio": 0.84,
            "account_receivable_turnover_ratio": 3.06,
            "reinvestment_rate": -12.76,
            "research_to_sale_ratio": 0.07,
            "price_fair": 91.19,
            "eps_avg_yearly": 2.61,
            "eps_latest_yearly": 0.8,
            "eps_growth_yearly": 148.9
        },
        "20224": {
            "year_quarter": 20224,
            "year": 2022,
            "quarter": 4,
            "eps": 0.44,
            "eps_growth_year": -42.31,
            "eps_4q": 3.3,
            "eps_4q_growth_year": -3.84,
            "roe": 1.56,
            "roe_4q": 11.260000000000002,
            "gross_profit": 87371,
            "gross_margin": 9.92,
            "gross_margin_4q_avg": 14,
            "net_income": 40838,
            "revenue": 880515,
            "common_shares": 959421,
            "book_valuer_per_share": 27.08,
            "book_valuer_per_share_4q_avg": 25.1,
            "equity": 2623287,
            "current_ratio": 459.36,
            "debt_ratio": 17.62,
            "inventory_turnover_ratio": 0.86,
            "account_receivable_turnover_ratio": 4.1,
            "reinvestment_rate": 5.97,
            "research_to_sale_ratio": 0.06,
            "price_fair": 89.34,
            "eps_avg_yearly": 2.55,
            "eps_latest_yearly": 1.76,
            "eps_growth_yearly": 169.59
        },
        "20231": {
            "year_quarter": 20231,
            "year": 2023,
            "quarter": 1,
            "eps": 1.25,
            "eps_growth_year": 20.19,
            "eps_4q": 3.24,
            "eps_4q_growth_year": -3.47,
            "roe": 4.42,
            "roe_4q": 11.190000000000001,
            "gross_profit": 149323,
            "gross_margin": 16.71,
            "gross_margin_4q_avg": 11.93,
            "net_income": 118471,
            "revenue": 893380,
            "common_shares": 960061,
            "book_valuer_per_share": 28.24,
            "book_valuer_per_share_4q_avg": 26.28,
            "equity": 2734515,
            "current_ratio": 566.4,
            "debt_ratio": 16.78,
            "inventory_turnover_ratio": 0.84,
            "account_receivable_turnover_ratio": 5.25,
            "reinvestment_rate": -11.12,
            "research_to_sale_ratio": 0.07,
            "price_fair": 96.69,
            "eps_avg_yearly": 2.76,
            "eps_latest_yearly": 5,
            "eps_growth_yearly": 126.73
        },
        "20232": {
            "year_quarter": 20232,
            "year": 2023,
            "quarter": 2,
            "eps": 3.01,
            "eps_growth_year": 183.96,
            "eps_4q": 4.93,
            "eps_4q_growth_year": 39.94,
            "roe": 10.22,
            "roe_4q": 16.93,
            "gross_profit": 96912,
            "gross_margin": 10.59,
            "gross_margin_4q_avg": 10.41,
            "net_income": 285395,
            "revenue": 914982,
            "common_shares": 960061,
            "book_valuer_per_share": 29.5,
            "book_valuer_per_share_4q_avg": 27.91,
            "equity": 2850412,
            "current_ratio": 417.14,
            "debt_ratio": 21.8,
            "inventory_turnover_ratio": 0.9,
            "account_receivable_turnover_ratio": 4.22,
            "reinvestment_rate": -8.2,
            "research_to_sale_ratio": 0.07,
            "price_fair": 119.26,
            "eps_avg_yearly": 3.41,
            "eps_latest_yearly": 12.04,
            "eps_growth_yearly": 160.71
        }
    },
    "months": {
        "2005-03": {
            "month": "2005-03",
            "price": "26.33",
            "revenue": 23923
        },
        "2005-04": {
            "month": "2005-04",
            "price": "25.46",
            "revenue": 22182
        },
        "2005-05": {
            "month": "2005-05",
            "price": "25.00",
            "revenue": 13321
        },
        "2005-06": {
            "month": "2005-06",
            "price": "24.85",
            "revenue": 25442
        },
        "2005-07": {
            "month": "2005-07",
            "price": "23.30",
            "revenue": 24183
        },
        "2005-08": {
            "month": "2005-08",
            "price": "22.54",
            "revenue": 15763
        },
        "2005-09": {
            "month": "2005-09",
            "price": "21.63",
            "revenue": 24289
        },
        "2005-10": {
            "month": "2005-10",
            "price": "21.15",
            "revenue": 27648
        },
        "2005-11": {
            "month": "2005-11",
            "price": "21.50",
            "revenue": 35564
        },
        "2005-12": {
            "month": "2005-12",
            "price": "22.05",
            "revenue": 39753
        },
        "2006-01": {
            "month": "2006-01",
            "price": "23.50",
            "revenue": 27707
        },
        "2006-02": {
            "month": "2006-02",
            "price": "23.50",
            "revenue": 23178
        },
        "2006-03": {
            "month": "2006-03",
            "price": "22.63",
            "revenue": 36411
        },
        "2006-04": {
            "month": "2006-04",
            "price": "25.51",
            "revenue": 31071
        },
        "2006-05": {
            "month": "2006-05",
            "price": "27.92",
            "revenue": 27702
        },
        "2006-06": {
            "month": "2006-06",
            "price": "26.57",
            "revenue": 32920
        },
        "2006-07": {
            "month": "2006-07",
            "price": "24.50",
            "revenue": 30168
        },
        "2006-08": {
            "month": "2006-08",
            "price": "24.63",
            "revenue": 36982
        },
        "2006-09": {
            "month": "2006-09",
            "price": "25.68",
            "revenue": 41316
        },
        "2006-10": {
            "month": "2006-10",
            "price": "28.71",
            "revenue": 42131
        },
        "2006-11": {
            "month": "2006-11",
            "price": "33.43",
            "revenue": 40519
        },
        "2006-12": {
            "month": "2006-12",
            "price": "34.50",
            "revenue": 70348
        },
        "2007-01": {
            "month": "2007-01",
            "price": "32.51",
            "revenue": 41854
        },
        "2007-02": {
            "month": "2007-02",
            "price": "37.25",
            "revenue": 40105
        },
        "2007-03": {
            "month": "2007-03",
            "price": "43.66",
            "revenue": 56582
        },
        "2007-04": {
            "month": "2007-04",
            "price": "48.81",
            "revenue": 45275
        },
        "2007-05": {
            "month": "2007-05",
            "price": "58.71",
            "revenue": 69167
        },
        "2007-06": {
            "month": "2007-06",
            "price": "80.03",
            "revenue": 67020
        },
        "2007-07": {
            "month": "2007-07",
            "price": "100.73",
            "revenue": 63421
        },
        "2007-08": {
            "month": "2007-08",
            "price": "93.16",
            "revenue": 56336
        },
        "2007-09": {
            "month": "2007-09",
            "price": "91.49",
            "revenue": 107589
        },
        "2007-10": {
            "month": "2007-10",
            "price": "88.52",
            "revenue": 86576
        },
        "2007-11": {
            "month": "2007-11",
            "price": "76.90",
            "revenue": 78592
        },
        "2007-12": {
            "month": "2007-12",
            "price": "70.82",
            "revenue": 79012
        },
        "2008-01": {
            "month": "2008-01",
            "price": "66.05",
            "revenue": 93634
        },
        "2008-02": {
            "month": "2008-02",
            "price": "74.72",
            "revenue": 94125
        },
        "2008-03": {
            "month": "2008-03",
            "price": "81.99",
            "revenue": 125595
        },
        "2008-04": {
            "month": "2008-04",
            "price": "87.51",
            "revenue": 98587
        },
        "2008-05": {
            "month": "2008-05",
            "price": "98.70",
            "revenue": 109137
        },
        "2008-06": {
            "month": "2008-06",
            "price": "93.14",
            "revenue": 109100
        },
        "2008-07": {
            "month": "2008-07",
            "price": "77.21",
            "revenue": 118057
        },
        "2008-08": {
            "month": "2008-08",
            "price": "61.81",
            "revenue": 103747
        },
        "2008-09": {
            "month": "2008-09",
            "price": "47.07",
            "revenue": 119320
        },
        "2008-10": {
            "month": "2008-10",
            "price": "36.48",
            "revenue": 90646
        },
        "2008-11": {
            "month": "2008-11",
            "price": "30.72",
            "revenue": 89918
        },
        "2008-12": {
            "month": "2008-12",
            "price": "27.92",
            "revenue": 75675
        },
        "2009-01": {
            "month": "2009-01",
            "price": "25.84",
            "revenue": 57628
        },
        "2009-02": {
            "month": "2009-02",
            "price": "28.40",
            "revenue": 96399
        },
        "2009-03": {
            "month": "2009-03",
            "price": "30.41",
            "revenue": 83955
        },
        "2009-04": {
            "month": "2009-04",
            "price": "31.75",
            "revenue": 124462
        },
        "2009-05": {
            "month": "2009-05",
            "price": "36.49",
            "revenue": 108515
        },
        "2009-06": {
            "month": "2009-06",
            "price": "39.40",
            "revenue": 112251
        },
        "2009-07": {
            "month": "2009-07",
            "price": "38.31",
            "revenue": 129652
        },
        "2009-08": {
            "month": "2009-08",
            "price": "37.58",
            "revenue": 120440
        },
        "2009-09": {
            "month": "2009-09",
            "price": "40.01",
            "revenue": 136555
        },
        "2009-10": {
            "month": "2009-10",
            "price": "46.73",
            "revenue": 148065
        },
        "2009-11": {
            "month": "2009-11",
            "price": "48.24",
            "revenue": 133948
        },
        "2009-12": {
            "month": "2009-12",
            "price": "53.67",
            "revenue": 174598
        },
        "2010-01": {
            "month": "2010-01",
            "price": "50.72",
            "revenue": 150363
        },
        "2010-02": {
            "month": "2010-02",
            "price": "44.21",
            "revenue": 121957
        },
        "2010-03": {
            "month": "2010-03",
            "price": "47.08",
            "revenue": 248331
        },
        "2010-04": {
            "month": "2010-04",
            "price": "47.95",
            "revenue": 219160
        },
        "2010-05": {
            "month": "2010-05",
            "price": "42.53",
            "revenue": 225194
        },
        "2010-06": {
            "month": "2010-06",
            "price": "40.94",
            "revenue": 309695
        },
        "2010-07": {
            "month": "2010-07",
            "price": "41.24",
            "revenue": 205729
        },
        "2010-08": {
            "month": "2010-08",
            "price": "44.89",
            "revenue": 276512
        },
        "2010-09": {
            "month": "2010-09",
            "price": "43.73",
            "revenue": 290303
        },
        "2010-10": {
            "month": "2010-10",
            "price": "46.42",
            "revenue": 291097
        },
        "2010-11": {
            "month": "2010-11",
            "price": "41.90",
            "revenue": 296003
        },
        "2010-12": {
            "month": "2010-12",
            "price": "41.32",
            "revenue": 374877
        },
        "2011-01": {
            "month": "2011-01",
            "price": "40.37",
            "revenue": 196403
        },
        "2011-02": {
            "month": "2011-02",
            "price": "39.06",
            "revenue": 222791
        },
        "2011-03": {
            "month": "2011-03",
            "price": "40.55",
            "revenue": 314617
        },
        "2011-04": {
            "month": "2011-04",
            "price": "42.24",
            "revenue": 263156
        },
        "2011-05": {
            "month": "2011-05",
            "price": "43.63",
            "revenue": 289656
        },
        "2011-06": {
            "month": "2011-06",
            "price": "46.18",
            "revenue": 338391
        },
        "2011-07": {
            "month": "2011-07",
            "price": "48.03",
            "revenue": 312047
        },
        "2011-08": {
            "month": "2011-08",
            "price": "44.56",
            "revenue": 362379
        },
        "2011-09": {
            "month": "2011-09",
            "price": "39.69",
            "revenue": 392290
        },
        "2011-10": {
            "month": "2011-10",
            "price": "35.34",
            "revenue": 285185
        },
        "2011-11": {
            "month": "2011-11",
            "price": "34.83",
            "revenue": 344256
        },
        "2011-12": {
            "month": "2011-12",
            "price": "32.70",
            "revenue": 405337
        },
        "2012-01": {
            "month": "2012-01",
            "price": "32.76",
            "revenue": 234329
        },
        "2012-02": {
            "month": "2012-02",
            "price": "39.99",
            "revenue": 308243
        },
        "2012-03": {
            "month": "2012-03",
            "price": "44.79",
            "revenue": 418872
        },
        "2012-04": {
            "month": "2012-04",
            "price": "42.54",
            "revenue": 355243
        },
        "2012-05": {
            "month": "2012-05",
            "price": "36.71",
            "revenue": 392125
        },
        "2012-06": {
            "month": "2012-06",
            "price": "35.41",
            "revenue": 487120
        },
        "2012-07": {
            "month": "2012-07",
            "price": "36.37",
            "revenue": 360970
        },
        "2012-08": {
            "month": "2012-08",
            "price": "35.65",
            "revenue": 340156
        },
        "2012-09": {
            "month": "2012-09",
            "price": "32.68",
            "revenue": 333479
        },
        "2012-10": {
            "month": "2012-10",
            "price": "30.88",
            "revenue": 359159
        },
        "2012-11": {
            "month": "2012-11",
            "price": "27.80",
            "revenue": 369823
        },
        "2012-12": {
            "month": "2012-12",
            "price": "27.88",
            "revenue": 362895
        },
        "2013-01": {
            "month": "2013-01",
            "price": "28.78",
            "revenue": 359641
        },
        "2013-02": {
            "month": "2013-02",
            "price": "28.99",
            "revenue": 207944
        },
        "2013-03": {
            "month": "2013-03",
            "price": "31.34",
            "revenue": 414708
        },
        "2013-04": {
            "month": "2013-04",
            "price": "27.87",
            "revenue": 332548
        },
        "2013-05": {
            "month": "2013-05",
            "price": "26.45",
            "revenue": 465075
        },
        "2013-06": {
            "month": "2013-06",
            "price": "26.03",
            "revenue": 337019
        },
        "2013-07": {
            "month": "2013-07",
            "price": "25.02",
            "revenue": 299508
        },
        "2013-08": {
            "month": "2013-08",
            "price": "24.27",
            "revenue": 357110
        },
        "2013-09": {
            "month": "2013-09",
            "price": "23.73",
            "revenue": 390000
        },
        "2013-10": {
            "month": "2013-10",
            "price": "23.13",
            "revenue": 344476
        },
        "2013-11": {
            "month": "2013-11",
            "price": "21.72",
            "revenue": 257694
        },
        "2013-12": {
            "month": "2013-12",
            "price": "20.78",
            "revenue": 430314
        },
        "2014-01": {
            "month": "2014-01",
            "price": "22.18",
            "revenue": 260163
        },
        "2014-02": {
            "month": "2014-02",
            "price": "22.36",
            "revenue": 273663
        },
        "2014-03": {
            "month": "2014-03",
            "price": "22.22",
            "revenue": 297155
        },
        "2014-04": {
            "month": "2014-04",
            "price": "21.11",
            "revenue": 315183
        },
        "2014-05": {
            "month": "2014-05",
            "price": "19.36",
            "revenue": 311923
        },
        "2014-06": {
            "month": "2014-06",
            "price": "19.52",
            "revenue": 391522
        },
        "2014-07": {
            "month": "2014-07",
            "price": "20.39",
            "revenue": 395132
        },
        "2014-08": {
            "month": "2014-08",
            "price": "20.12",
            "revenue": 294854
        },
        "2014-09": {
            "month": "2014-09",
            "price": "19.23",
            "revenue": 360481
        },
        "2014-10": {
            "month": "2014-10",
            "price": "17.44",
            "revenue": 292354
        },
        "2014-11": {
            "month": "2014-11",
            "price": "16.81",
            "revenue": 308787
        },
        "2014-12": {
            "month": "2014-12",
            "price": "17.60",
            "revenue": 413848
        },
        "2015-01": {
            "month": "2015-01",
            "price": "18.40",
            "revenue": 198412
        },
        "2015-02": {
            "month": "2015-02",
            "price": "17.81",
            "revenue": 145905
        },
        "2015-03": {
            "month": "2015-03",
            "price": "17.13",
            "revenue": 285447
        },
        "2015-04": {
            "month": "2015-04",
            "price": "17.20",
            "revenue": 302359
        },
        "2015-05": {
            "month": "2015-05",
            "price": "17.39",
            "revenue": 361039
        },
        "2015-06": {
            "month": "2015-06",
            "price": "17.50",
            "revenue": 301961
        },
        "2015-07": {
            "month": "2015-07",
            "price": "16.40",
            "revenue": 252116
        },
        "2015-08": {
            "month": "2015-08",
            "price": "13.40",
            "revenue": 245131
        },
        "2015-09": {
            "month": "2015-09",
            "price": "12.91",
            "revenue": 265672
        },
        "2015-10": {
            "month": "2015-10",
            "price": "15.12",
            "revenue": 237556
        },
        "2015-11": {
            "month": "2015-11",
            "price": "15.03",
            "revenue": 205270
        },
        "2015-12": {
            "month": "2015-12",
            "price": "13.99",
            "revenue": 152497
        },
        "2016-01": {
            "month": "2016-01",
            "price": "13.19",
            "revenue": 220236
        },
        "2016-02": {
            "month": "2016-02",
            "price": "13.79",
            "revenue": 150184
        },
        "2016-03": {
            "month": "2016-03",
            "price": "14.28",
            "revenue": 266107
        },
        "2016-04": {
            "month": "2016-04",
            "price": "13.28",
            "revenue": 234800
        },
        "2016-05": {
            "month": "2016-05",
            "price": "13.21",
            "revenue": 328183
        },
        "2016-06": {
            "month": "2016-06",
            "price": "13.38",
            "revenue": 290634
        },
        "2016-07": {
            "month": "2016-07",
            "price": "15.26",
            "revenue": 243507
        },
        "2016-08": {
            "month": "2016-08",
            "price": "14.87",
            "revenue": 260029
        },
        "2016-09": {
            "month": "2016-09",
            "price": "14.69",
            "revenue": 284480
        },
        "2016-10": {
            "month": "2016-10",
            "price": "13.90",
            "revenue": 232421
        },
        "2016-11": {
            "month": "2016-11",
            "price": "13.73",
            "revenue": 259903
        },
        "2016-12": {
            "month": "2016-12",
            "price": "13.47",
            "revenue": 362106
        },
        "2017-01": {
            "month": "2017-01",
            "price": "14.26",
            "revenue": 261496
        },
        "2017-02": {
            "month": "2017-02",
            "price": "15.80",
            "revenue": 283044
        },
        "2017-03": {
            "month": "2017-03",
            "price": "16.53",
            "revenue": 281351
        },
        "2017-04": {
            "month": "2017-04",
            "price": "16.33",
            "revenue": 287197
        },
        "2017-05": {
            "month": "2017-05",
            "price": "15.01",
            "revenue": 309685
        },
        "2017-06": {
            "month": "2017-06",
            "price": "15.17",
            "revenue": 432931
        },
        "2017-07": {
            "month": "2017-07",
            "price": "15.37",
            "revenue": 330318
        },
        "2017-08": {
            "month": "2017-08",
            "price": "16.48",
            "revenue": 331474
        },
        "2017-09": {
            "month": "2017-09",
            "price": "18.68",
            "revenue": 350857
        },
        "2017-10": {
            "month": "2017-10",
            "price": "18.67",
            "revenue": 333988
        },
        "2017-11": {
            "month": "2017-11",
            "price": "17.65",
            "revenue": 374663
        },
        "2017-12": {
            "month": "2017-12",
            "price": "16.65",
            "revenue": 427235
        },
        "2018-01": {
            "month": "2018-01",
            "price": "20.20",
            "revenue": 378812
        },
        "2018-02": {
            "month": "2018-02",
            "price": "18.02",
            "revenue": 226046
        },
        "2018-03": {
            "month": "2018-03",
            "price": "17.73",
            "revenue": 384277
        },
        "2018-04": {
            "month": "2018-04",
            "price": "17.41",
            "revenue": 405239
        },
        "2018-05": {
            "month": "2018-05",
            "price": "17.84",
            "revenue": 328765
        },
        "2018-06": {
            "month": "2018-06",
            "price": "17.87",
            "revenue": 314689
        },
        "2018-07": {
            "month": "2018-07",
            "price": "16.86",
            "revenue": 241553
        },
        "2018-08": {
            "month": "2018-08",
            "price": "16.85",
            "revenue": 320015
        },
        "2018-09": {
            "month": "2018-09",
            "price": "16.57",
            "revenue": 340046
        },
        "2018-10": {
            "month": "2018-10",
            "price": "14.84",
            "revenue": 388412
        },
        "2018-11": {
            "month": "2018-11",
            "price": "13.92",
            "revenue": 415913
        },
        "2018-12": {
            "month": "2018-12",
            "price": "13.98",
            "revenue": 473874
        },
        "2019-01": {
            "month": "2019-01",
            "price": "14.52",
            "revenue": 310749
        },
        "2019-02": {
            "month": "2019-02",
            "price": "15.10",
            "revenue": 202719
        },
        "2019-03": {
            "month": "2019-03",
            "price": "14.84",
            "revenue": 281878
        },
        "2019-04": {
            "month": "2019-04",
            "price": "14.47",
            "revenue": 390075
        },
        "2019-05": {
            "month": "2019-05",
            "price": "14.47",
            "revenue": 280154
        },
        "2019-06": {
            "month": "2019-06",
            "price": "16.35",
            "revenue": 330365
        },
        "2019-07": {
            "month": "2019-07",
            "price": "16.63",
            "revenue": 300954
        },
        "2019-08": {
            "month": "2019-08",
            "price": "17.80",
            "revenue": 430718
        },
        "2019-09": {
            "month": "2019-09",
            "price": "18.88",
            "revenue": 405054
        },
        "2019-10": {
            "month": "2019-10",
            "price": "18.45",
            "revenue": 367373
        },
        "2019-11": {
            "month": "2019-11",
            "price": "18.53",
            "revenue": 291951
        },
        "2019-12": {
            "month": "2019-12",
            "price": "18.46",
            "revenue": 248807
        },
        "2020-01": {
            "month": "2020-01",
            "price": "19.15",
            "revenue": 324321
        },
        "2020-02": {
            "month": "2020-02",
            "price": "17.70",
            "revenue": 197283
        },
        "2020-03": {
            "month": "2020-03",
            "price": "15.55",
            "revenue": 237326
        },
        "2020-04": {
            "month": "2020-04",
            "price": "17.34",
            "revenue": 242793
        },
        "2020-05": {
            "month": "2020-05",
            "price": "18.15",
            "revenue": 215561
        },
        "2020-06": {
            "month": "2020-06",
            "price": "19.52",
            "revenue": 265147
        },
        "2020-07": {
            "month": "2020-07",
            "price": "27.86",
            "revenue": 310482
        },
        "2020-08": {
            "month": "2020-08",
            "price": "25.79",
            "revenue": 275506
        },
        "2020-09": {
            "month": "2020-09",
            "price": "23.16",
            "revenue": 301691
        },
        "2020-10": {
            "month": "2020-10",
            "price": "22.84",
            "revenue": 281768
        },
        "2020-11": {
            "month": "2020-11",
            "price": "24.17",
            "revenue": 315191
        },
        "2020-12": {
            "month": "2020-12",
            "price": "31.42",
            "revenue": 368467
        },
        "2021-01": {
            "month": "2021-01",
            "price": "30.81",
            "revenue": 302712
        },
        "2021-02": {
            "month": "2021-02",
            "price": "32.13",
            "revenue": 293381
        },
        "2021-03": {
            "month": "2021-03",
            "price": "33.88",
            "revenue": 421344
        },
        "2021-04": {
            "month": "2021-04",
            "price": "38.76",
            "revenue": 357597
        },
        "2021-05": {
            "month": "2021-05",
            "price": "42.07",
            "revenue": 302351
        },
        "2021-06": {
            "month": "2021-06",
            "price": "43.53",
            "revenue": 344068
        },
        "2021-07": {
            "month": "2021-07",
            "price": "41.37",
            "revenue": 336128
        },
        "2021-08": {
            "month": "2021-08",
            "price": "39.35",
            "revenue": 240936
        },
        "2021-09": {
            "month": "2021-09",
            "price": "37.08",
            "revenue": 275823
        },
        "2021-10": {
            "month": "2021-10",
            "price": "33.23",
            "revenue": 265537
        },
        "2021-11": {
            "month": "2021-11",
            "price": "34.25",
            "revenue": 296332
        },
        "2021-12": {
            "month": "2021-12",
            "price": "33.42",
            "revenue": 306871
        },
        "2022-01": {
            "month": "2022-01",
            "price": "32.83",
            "revenue": 251233
        },
        "2022-02": {
            "month": "2022-02",
            "price": "35.22",
            "revenue": 232181
        },
        "2022-03": {
            "month": "2022-03",
            "price": "36.36",
            "revenue": 346317
        },
        "2022-04": {
            "month": "2022-04",
            "price": "36.21",
            "revenue": 326728
        },
        "2022-05": {
            "month": "2022-05",
            "price": "32.60",
            "revenue": 326860
        },
        "2022-06": {
            "month": "2022-06",
            "price": "31.51",
            "revenue": 368661
        },
        "2022-07": {
            "month": "2022-07",
            "price": "28.78",
            "revenue": 261243
        },
        "2022-08": {
            "month": "2022-08",
            "price": "30.36",
            "revenue": 306743
        },
        "2022-09": {
            "month": "2022-09",
            "price": "29.79",
            "revenue": 324869
        },
        "2022-10": {
            "month": "2022-10",
            "price": "29.36",
            "revenue": 269843
        },
        "2022-11": {
            "month": "2022-11",
            "price": "32.59",
            "revenue": 364408
        },
        "2022-12": {
            "month": "2022-12",
            "price": "36.02",
            "revenue": 245057
        },
        "2023-01": {
            "month": "2023-01",
            "price": "36.97",
            "revenue": 268934
        },
        "2023-02": {
            "month": "2023-02",
            "price": "37.11",
            "revenue": 247612
        },
        "2023-03": {
            "month": "2023-03",
            "price": "38.62",
            "revenue": 376834
        },
        "2023-04": {
            "month": "2023-04",
            "price": "41.40",
            "revenue": 306099
        },
        "2023-05": {
            "month": "2023-05",
            "price": "43.88",
            "revenue": 320616
        },
        "2023-06": {
            "month": "2023-06",
            "price": "43.75",
            "revenue": 288266
        },
        "2023-07": {
            "month": "2023-07",
            "price": "45.75",
            "revenue": 325592
        },
        "2023-08": {
            "month": "2023-08",
            "price": "49.25",
            "revenue": 328056
        }
    }
}
