{
    "summary": {
        "stock_name": "白紗科",
        "stock_id": "8401",
        "category": "其他",
        "main_business": "包裝盒、標籤印刷產品之製造加工買賣。<br>名片、海報、書冊、信封等紙製品印刷之製造加工買賣。<br>桌月曆、手提袋及前各項有關之進出口貿易業務。",
        "website_url": "http://www.bsbs.com.tw",
        "ceo": "陳俊傑",
        "pe_ratio": 10,
        "report_year_from": 2007,
        "report_year_to": 2023,
        "age": 16,
        "eps_negative_percentage": 6,
        "eps_growth_avg": {
            "last_all": 0.91,
            "last_2y": 58.13,
            "last_4y": 17.33,
            "last_8y": 6.56,
            "last_12y": -7.35,
            "last_16y": null,
            "last_20y": null,
            "at_2006_last_3y": null,
            "at_2007_last_3y": null,
            "at_2008_last_3y": null,
            "at_2009_last_3y": null,
            "at_2010_last_3y": null,
            "at_2011_last_3y": null,
            "at_2012_last_3y": 14.81,
            "at_2013_last_3y": -35.19,
            "at_2014_last_3y": -50.6,
            "at_2015_last_3y": -56.18,
            "at_2016_last_3y": -78.05,
            "at_2017_last_3y": -11.38,
            "at_2018_last_3y": -17.58,
            "at_2019_last_3y": -15.52,
            "at_2020_last_3y": 18.49,
            "at_2021_last_3y": 18.49,
            "at_2022_last_3y": 30.71,
            "at_2023_last_3y": 30.71,
            "at_2006_last_all": null,
            "at_2007_last_all": null,
            "at_2008_last_all": null,
            "at_2009_last_all": null,
            "at_2010_last_all": 55.53,
            "at_2011_last_all": 22.67,
            "at_2012_last_all": 14.81,
            "at_2013_last_all": -8.15,
            "at_2014_last_all": -8.15,
            "at_2015_last_all": -16.76,
            "at_2016_last_all": -24.99,
            "at_2017_last_all": -9.36,
            "at_2018_last_all": -12.34,
            "at_2019_last_all": -16.26,
            "at_2020_last_all": -9.17,
            "at_2021_last_all": -0.08,
            "at_2022_last_all": 0.91,
            "at_2023_last_all": 0.91
        },
        "latest_eps": 2.01,
        "latest_price": 21,
        "latest_roe": 13.39,
        "latest_gross_margin": 22.35,
        "latest_equity": 901361,
        "latest_revenue": 322793,
        "latest_gross_profit": 72143,
        "latest_net_income": 7217,
        "latest_debt_ratio": 36.32,
        "latest_current_ratio": 189.48,
        "latest_account_receivable_turnover_ratio": 1.04,
        "latest_inventory_turnover_ratio": 3.74,
        "latest_reinvestment_rate": -60.28,
        "latest_research_to_sale_ratio": 0.23
    },
    "eps_dividends": {
        "2001": {
            "cash": 0,
            "stock": 0,
            "eps": 0
        },
        "2002": {
            "cash": 0,
            "stock": 0,
            "eps": 0
        },
        "2003": {
            "cash": 0,
            "stock": 0,
            "eps": 0
        },
        "2004": {
            "cash": 0,
            "stock": 0,
            "eps": 0
        },
        "2005": {
            "cash": 0,
            "stock": 0,
            "eps": 0
        },
        "2006": {
            "cash": 0,
            "stock": 0,
            "eps": 0
        },
        "2007": {
            "cash": 0,
            "stock": 0,
            "eps": 0
        },
        "2008": {
            "cash": 1,
            "stock": 1,
            "eps": 0.9
        },
        "2009": {
            "cash": 1,
            "stock": 0,
            "eps": 2.53
        },
        "2010": {
            "cash": 1,
            "stock": 1,
            "eps": 2.81
        },
        "2011": {
            "cash": 1.5,
            "stock": 1,
            "eps": 1.6
        },
        "2012": {
            "cash": 0.3,
            "stock": 1,
            "eps": 1.46
        },
        "2013": {
            "cash": 0.25,
            "stock": 1,
            "eps": -1.28
        },
        "2014": {
            "cash": 0,
            "stock": 0,
            "eps": 1.94
        },
        "2015": {
            "cash": 1.19,
            "stock": 0,
            "eps": 0.78
        },
        "2016": {
            "cash": 0.6,
            "stock": 0,
            "eps": 0.2
        },
        "2017": {
            "cash": 0.4,
            "stock": 0,
            "eps": 1.52
        },
        "2018": {
            "cash": 1.29,
            "stock": 0,
            "eps": 0.97
        },
        "2019": {
            "cash": 0.85,
            "stock": 0,
            "eps": 0.47
        },
        "2020": {
            "cash": 0.5,
            "stock": 0,
            "eps": 0.76
        },
        "2021": {
            "cash": 0.67,
            "stock": 0,
            "eps": 1.97
        },
        "2022": {
            "cash": 1.73,
            "stock": 0,
            "eps": 2.22
        },
        "2023": {
            "cash": 2,
            "stock": 0,
            "eps": 0.12
        }
    },
    "dividends": {
        "2008-04-18": {
            "cash": 1,
            "stock": 1
        },
        "2009-03-20": {
            "cash": 1,
            "stock": 0
        },
        "2010-04-27": {
            "cash": 1,
            "stock": 1
        },
        "2011-03-04": {
            "cash": 1.5,
            "stock": 1
        },
        "2012-06-06": {
            "cash": 0.3,
            "stock": 1
        },
        "2013-06-10": {
            "cash": 0.25,
            "stock": 1
        },
        "2015-07-28": {
            "cash": 1.19,
            "stock": 0
        },
        "2016-07-28": {
            "cash": 0.6,
            "stock": 0
        },
        "2017-07-13": {
            "cash": 0.4,
            "stock": 0
        },
        "2018-07-10": {
            "cash": 1.29,
            "stock": 0
        },
        "2019-07-12": {
            "cash": 0.85,
            "stock": 0
        },
        "2020-04-29": {
            "cash": 0.5,
            "stock": 0
        },
        "2021-04-29": {
            "cash": 0.67,
            "stock": 0
        },
        "2022-04-21": {
            "cash": 1.73,
            "stock": 0
        },
        "2023-04-27": {
            "cash": 2,
            "stock": 0
        }
    },
    "prices": {
        "200101": "無",
        "200102": "無",
        "200103": "無",
        "200104": "無",
        "200105": "無",
        "200106": "無",
        "200107": "無",
        "200108": "無",
        "200109": "無",
        "200110": "無",
        "200111": "無",
        "200112": "無",
        "200201": "無",
        "200202": "無",
        "200203": "無",
        "200204": "無",
        "200205": "無",
        "200206": "無",
        "200207": "無",
        "200208": "無",
        "200209": "無",
        "200210": "無",
        "200211": "無",
        "200212": "無",
        "200301": "無",
        "200302": "無",
        "200303": "無",
        "200304": "無",
        "200305": "無",
        "200306": "無",
        "200307": "無",
        "200308": "無",
        "200309": "無",
        "200310": "無",
        "200311": "無",
        "200312": "無",
        "200401": "無",
        "200402": "無",
        "200403": "無",
        "200404": "無",
        "200405": "無",
        "200406": "無",
        "200407": "無",
        "200408": "無",
        "200409": "無",
        "200410": "無",
        "200411": "無",
        "200412": "無",
        "200501": "無",
        "200502": "無",
        "200503": "無",
        "200504": "無",
        "200505": "無",
        "200506": "無",
        "200507": "無",
        "200508": "無",
        "200509": "無",
        "200510": "無",
        "200511": "無",
        "200512": "無",
        "200601": "無",
        "200602": "無",
        "200603": "無",
        "200604": "無",
        "200605": "無",
        "200606": "無",
        "200607": "無",
        "200608": "無",
        "200609": "無",
        "200610": "無",
        "200611": "無",
        "200612": "無",
        "200701": "無",
        "200702": "無",
        "200703": "無",
        "200704": "無",
        "200705": "無",
        "200706": "無",
        "200707": "無",
        "200708": "無",
        "200709": "無",
        "200710": "無",
        "200711": "無",
        "200712": "無",
        "200801": "無",
        "200802": "無",
        "200803": "無",
        "200804": "無",
        "200805": "無",
        "200806": "無",
        "200807": "24.25",
        "200808": "20.65",
        "200809": "19.77",
        "200810": "17.43",
        "200811": "17.80",
        "200812": "13.42",
        "200901": "12.89",
        "200902": "13.14",
        "200903": "13.13",
        "200904": "14.17",
        "200905": "16.23",
        "200906": "17.29",
        "200907": "18.96",
        "200908": "19.23",
        "200909": "21.56",
        "200910": "23.16",
        "200911": "22.64",
        "200912": "26.84",
        "201001": "29.45",
        "201002": "29.85",
        "201003": "32.02",
        "201004": "39.44",
        "201005": "51.05",
        "201006": "48.88",
        "201007": "45.88",
        "201008": "48.47",
        "201009": "47.54",
        "201010": "43.61",
        "201011": "36.87",
        "201012": "37.30",
        "201101": "34.48",
        "201102": "32.68",
        "201103": "33.09",
        "201104": "35.46",
        "201105": "31.76",
        "201106": "30.13",
        "201107": "27.39",
        "201108": "20.48",
        "201109": "19.51",
        "201110": "18.85",
        "201111": "17.44",
        "201112": "14.33",
        "201201": "14.39",
        "201202": "17.54",
        "201203": "18.95",
        "201204": "18.26",
        "201205": "18.54",
        "201206": "18.54",
        "201207": "18.20",
        "201208": "17.15",
        "201209": "17.28",
        "201210": "16.61",
        "201211": "15.33",
        "201212": "15.57",
        "201301": "16.33",
        "201302": "16.65",
        "201303": "16.84",
        "201304": "16.60",
        "201305": "15.18",
        "201306": "15.41",
        "201307": "15.21",
        "201308": "12.83",
        "201309": "12.69",
        "201310": "12.82",
        "201311": "12.75",
        "201312": "13.04",
        "201401": "14.74",
        "201402": "14.32",
        "201403": "15.16",
        "201404": "15.40",
        "201405": "15.38",
        "201406": "17.14",
        "201407": "16.90",
        "201408": "17.86",
        "201409": "18.94",
        "201410": "17.74",
        "201411": "16.36",
        "201412": "15.98",
        "201501": "15.91",
        "201502": "15.73",
        "201503": "16.72",
        "201504": "17.24",
        "201505": "15.55",
        "201506": "14.73",
        "201507": "13.45",
        "201508": "12.59",
        "201509": "12.10",
        "201510": "13.00",
        "201511": "12.15",
        "201512": "11.90",
        "201601": "11.90",
        "201602": "12.04",
        "201603": "12.20",
        "201604": "11.88",
        "201605": "11.38",
        "201606": "11.10",
        "201607": "10.70",
        "201608": "10.88",
        "201609": "10.93",
        "201610": "11.04",
        "201611": "10.38",
        "201612": "10.07",
        "201701": "10.09",
        "201702": "10.25",
        "201703": "11.29",
        "201704": "11.06",
        "201705": "11.25",
        "201706": "11.46",
        "201707": "11.33",
        "201708": "13.27",
        "201709": "13.95",
        "201710": "15.96",
        "201711": "17.49",
        "201712": "15.93",
        "201801": "15.41",
        "201802": "15.96",
        "201803": "18.62",
        "201804": "17.74",
        "201805": "16.72",
        "201806": "16.26",
        "201807": "14.63",
        "201808": "13.61",
        "201809": "13.42",
        "201810": "12.41",
        "201811": "12.17",
        "201812": "12.19",
        "201901": "11.93",
        "201902": "12.00",
        "201903": "13.04",
        "201904": "13.27",
        "201905": "12.53",
        "201906": "12.25",
        "201907": "12.01",
        "201908": "11.91",
        "201909": "11.94",
        "201910": "11.81",
        "201911": "11.67",
        "201912": "11.50",
        "202001": "11.30",
        "202002": "11.00",
        "202003": "10.59",
        "202004": "11.57",
        "202005": "11.89",
        "202006": "11.71",
        "202007": "11.39",
        "202008": "11.13",
        "202009": "11.23",
        "202010": "10.90",
        "202011": "10.94",
        "202012": "11.82",
        "202101": "11.91",
        "202102": "13.40",
        "202103": "14.37",
        "202104": "14.60",
        "202105": "14.54",
        "202106": "15.03",
        "202107": "14.22",
        "202108": "14.01",
        "202109": "14.00",
        "202110": "13.83",
        "202111": "14.01",
        "202112": "15.14",
        "202201": "15.85",
        "202202": "17.35",
        "202203": "19.32",
        "202204": "16.53",
        "202205": "16.01",
        "202206": "16.56",
        "202207": "16.90",
        "202208": "18.52",
        "202209": "20.75",
        "202210": "20.69",
        "202211": "21.33",
        "202212": "20.96",
        "202301": "20.99",
        "202302": "22.75",
        "202303": "23.81",
        "202304": "21.61",
        "202305": "21.06",
        "202306": "21.05"
    },
    "quarters": {
        "20011": {
            "year_quarter": 20011,
            "year": 2001,
            "quarter": 1,
            "eps": null,
            "eps_growth_year": null,
            "eps_4q": null,
            "eps_4q_growth_year": null,
            "roe": null,
            "roe_4q": 0,
            "gross_profit": null,
            "gross_margin": null,
            "gross_margin_4q_avg": 0,
            "net_income": null,
            "revenue": null,
            "common_shares": null,
            "book_valuer_per_share": null,
            "book_valuer_per_share_4q_avg": 0,
            "equity": null,
            "current_ratio": null,
            "debt_ratio": null,
            "inventory_turnover_ratio": null,
            "account_receivable_turnover_ratio": null,
            "reinvestment_rate": null,
            "research_to_sale_ratio": null,
            "price_fair": 0,
            "eps_avg_yearly": 0,
            "eps_latest_yearly": 0,
            "eps_growth_yearly": 0
        },
        "20012": {
            "year_quarter": 20012,
            "year": 2001,
            "quarter": 2,
            "eps": null,
            "eps_growth_year": null,
            "eps_4q": null,
            "eps_4q_growth_year": null,
            "roe": null,
            "roe_4q": 0,
            "gross_profit": null,
            "gross_margin": null,
            "gross_margin_4q_avg": 0,
            "net_income": null,
            "revenue": null,
            "common_shares": null,
            "book_valuer_per_share": null,
            "book_valuer_per_share_4q_avg": 0,
            "equity": null,
            "current_ratio": null,
            "debt_ratio": null,
            "inventory_turnover_ratio": null,
            "account_receivable_turnover_ratio": null,
            "reinvestment_rate": null,
            "research_to_sale_ratio": null,
            "price_fair": 0,
            "eps_avg_yearly": 0,
            "eps_latest_yearly": 0,
            "eps_growth_yearly": 0
        },
        "20013": {
            "year_quarter": 20013,
            "year": 2001,
            "quarter": 3,
            "eps": null,
            "eps_growth_year": null,
            "eps_4q": null,
            "eps_4q_growth_year": null,
            "roe": null,
            "roe_4q": 0,
            "gross_profit": null,
            "gross_margin": null,
            "gross_margin_4q_avg": 0,
            "net_income": null,
            "revenue": null,
            "common_shares": null,
            "book_valuer_per_share": null,
            "book_valuer_per_share_4q_avg": 0,
            "equity": null,
            "current_ratio": null,
            "debt_ratio": null,
            "inventory_turnover_ratio": null,
            "account_receivable_turnover_ratio": null,
            "reinvestment_rate": null,
            "research_to_sale_ratio": null,
            "price_fair": 0,
            "eps_avg_yearly": 0,
            "eps_latest_yearly": 0,
            "eps_growth_yearly": 0
        },
        "20014": {
            "year_quarter": 20014,
            "year": 2001,
            "quarter": 4,
            "eps": null,
            "eps_growth_year": null,
            "eps_4q": null,
            "eps_4q_growth_year": null,
            "roe": null,
            "roe_4q": 0,
            "gross_profit": null,
            "gross_margin": null,
            "gross_margin_4q_avg": 0,
            "net_income": null,
            "revenue": null,
            "common_shares": null,
            "book_valuer_per_share": null,
            "book_valuer_per_share_4q_avg": 0,
            "equity": null,
            "current_ratio": null,
            "debt_ratio": null,
            "inventory_turnover_ratio": null,
            "account_receivable_turnover_ratio": null,
            "reinvestment_rate": null,
            "research_to_sale_ratio": null,
            "price_fair": 0,
            "eps_avg_yearly": 0,
            "eps_latest_yearly": 0,
            "eps_growth_yearly": 0
        },
        "20021": {
            "year_quarter": 20021,
            "year": 2002,
            "quarter": 1,
            "eps": null,
            "eps_growth_year": null,
            "eps_4q": null,
            "eps_4q_growth_year": null,
            "roe": null,
            "roe_4q": 0,
            "gross_profit": null,
            "gross_margin": null,
            "gross_margin_4q_avg": 0,
            "net_income": null,
            "revenue": null,
            "common_shares": null,
            "book_valuer_per_share": null,
            "book_valuer_per_share_4q_avg": 0,
            "equity": null,
            "current_ratio": null,
            "debt_ratio": null,
            "inventory_turnover_ratio": null,
            "account_receivable_turnover_ratio": null,
            "reinvestment_rate": null,
            "research_to_sale_ratio": null,
            "price_fair": 0,
            "eps_avg_yearly": 0,
            "eps_latest_yearly": 0,
            "eps_growth_yearly": 0
        },
        "20022": {
            "year_quarter": 20022,
            "year": 2002,
            "quarter": 2,
            "eps": null,
            "eps_growth_year": null,
            "eps_4q": null,
            "eps_4q_growth_year": null,
            "roe": null,
            "roe_4q": 0,
            "gross_profit": null,
            "gross_margin": null,
            "gross_margin_4q_avg": 0,
            "net_income": null,
            "revenue": null,
            "common_shares": null,
            "book_valuer_per_share": null,
            "book_valuer_per_share_4q_avg": 0,
            "equity": null,
            "current_ratio": null,
            "debt_ratio": null,
            "inventory_turnover_ratio": null,
            "account_receivable_turnover_ratio": null,
            "reinvestment_rate": null,
            "research_to_sale_ratio": null,
            "price_fair": 0,
            "eps_avg_yearly": 0,
            "eps_latest_yearly": 0,
            "eps_growth_yearly": 0
        },
        "20023": {
            "year_quarter": 20023,
            "year": 2002,
            "quarter": 3,
            "eps": null,
            "eps_growth_year": null,
            "eps_4q": null,
            "eps_4q_growth_year": null,
            "roe": null,
            "roe_4q": 0,
            "gross_profit": null,
            "gross_margin": null,
            "gross_margin_4q_avg": 0,
            "net_income": null,
            "revenue": null,
            "common_shares": null,
            "book_valuer_per_share": null,
            "book_valuer_per_share_4q_avg": 0,
            "equity": null,
            "current_ratio": null,
            "debt_ratio": null,
            "inventory_turnover_ratio": null,
            "account_receivable_turnover_ratio": null,
            "reinvestment_rate": null,
            "research_to_sale_ratio": null,
            "price_fair": 0,
            "eps_avg_yearly": 0,
            "eps_latest_yearly": 0,
            "eps_growth_yearly": 0
        },
        "20024": {
            "year_quarter": 20024,
            "year": 2002,
            "quarter": 4,
            "eps": null,
            "eps_growth_year": null,
            "eps_4q": null,
            "eps_4q_growth_year": null,
            "roe": null,
            "roe_4q": 0,
            "gross_profit": null,
            "gross_margin": null,
            "gross_margin_4q_avg": 0,
            "net_income": null,
            "revenue": null,
            "common_shares": 15000,
            "book_valuer_per_share": 11.07,
            "book_valuer_per_share_4q_avg": 2.77,
            "equity": 16604,
            "current_ratio": 68.41,
            "debt_ratio": 92.1,
            "inventory_turnover_ratio": null,
            "account_receivable_turnover_ratio": null,
            "reinvestment_rate": null,
            "research_to_sale_ratio": null,
            "price_fair": 0,
            "eps_avg_yearly": 0,
            "eps_latest_yearly": 0,
            "eps_growth_yearly": 0
        },
        "20031": {
            "year_quarter": 20031,
            "year": 2003,
            "quarter": 1,
            "eps": null,
            "eps_growth_year": null,
            "eps_4q": null,
            "eps_4q_growth_year": null,
            "roe": null,
            "roe_4q": 0,
            "gross_profit": null,
            "gross_margin": null,
            "gross_margin_4q_avg": 0,
            "net_income": null,
            "revenue": null,
            "common_shares": null,
            "book_valuer_per_share": null,
            "book_valuer_per_share_4q_avg": 2.77,
            "equity": null,
            "current_ratio": null,
            "debt_ratio": null,
            "inventory_turnover_ratio": null,
            "account_receivable_turnover_ratio": null,
            "reinvestment_rate": null,
            "research_to_sale_ratio": null,
            "price_fair": 0,
            "eps_avg_yearly": 0,
            "eps_latest_yearly": 0,
            "eps_growth_yearly": 0
        },
        "20032": {
            "year_quarter": 20032,
            "year": 2003,
            "quarter": 2,
            "eps": null,
            "eps_growth_year": null,
            "eps_4q": null,
            "eps_4q_growth_year": null,
            "roe": null,
            "roe_4q": 0,
            "gross_profit": null,
            "gross_margin": null,
            "gross_margin_4q_avg": 0,
            "net_income": null,
            "revenue": null,
            "common_shares": null,
            "book_valuer_per_share": null,
            "book_valuer_per_share_4q_avg": 2.77,
            "equity": null,
            "current_ratio": null,
            "debt_ratio": null,
            "inventory_turnover_ratio": null,
            "account_receivable_turnover_ratio": null,
            "reinvestment_rate": null,
            "research_to_sale_ratio": null,
            "price_fair": 0,
            "eps_avg_yearly": 0,
            "eps_latest_yearly": 0,
            "eps_growth_yearly": 0
        },
        "20033": {
            "year_quarter": 20033,
            "year": 2003,
            "quarter": 3,
            "eps": null,
            "eps_growth_year": null,
            "eps_4q": null,
            "eps_4q_growth_year": null,
            "roe": null,
            "roe_4q": 0,
            "gross_profit": null,
            "gross_margin": null,
            "gross_margin_4q_avg": 0,
            "net_income": null,
            "revenue": null,
            "common_shares": null,
            "book_valuer_per_share": null,
            "book_valuer_per_share_4q_avg": 2.77,
            "equity": null,
            "current_ratio": null,
            "debt_ratio": null,
            "inventory_turnover_ratio": null,
            "account_receivable_turnover_ratio": null,
            "reinvestment_rate": null,
            "research_to_sale_ratio": null,
            "price_fair": 0,
            "eps_avg_yearly": 0,
            "eps_latest_yearly": 0,
            "eps_growth_yearly": 0
        },
        "20034": {
            "year_quarter": 20034,
            "year": 2003,
            "quarter": 4,
            "eps": null,
            "eps_growth_year": null,
            "eps_4q": null,
            "eps_4q_growth_year": null,
            "roe": null,
            "roe_4q": 0,
            "gross_profit": null,
            "gross_margin": null,
            "gross_margin_4q_avg": 0,
            "net_income": null,
            "revenue": null,
            "common_shares": 50000,
            "book_valuer_per_share": 9.56,
            "book_valuer_per_share_4q_avg": 2.39,
            "equity": 47782,
            "current_ratio": 58.16,
            "debt_ratio": 84.86,
            "inventory_turnover_ratio": null,
            "account_receivable_turnover_ratio": null,
            "reinvestment_rate": null,
            "research_to_sale_ratio": null,
            "price_fair": 0,
            "eps_avg_yearly": 0,
            "eps_latest_yearly": 0,
            "eps_growth_yearly": 0
        },
        "20041": {
            "year_quarter": 20041,
            "year": 2004,
            "quarter": 1,
            "eps": null,
            "eps_growth_year": null,
            "eps_4q": null,
            "eps_4q_growth_year": null,
            "roe": null,
            "roe_4q": 0,
            "gross_profit": null,
            "gross_margin": null,
            "gross_margin_4q_avg": 0,
            "net_income": null,
            "revenue": null,
            "common_shares": null,
            "book_valuer_per_share": null,
            "book_valuer_per_share_4q_avg": 2.39,
            "equity": null,
            "current_ratio": null,
            "debt_ratio": null,
            "inventory_turnover_ratio": null,
            "account_receivable_turnover_ratio": null,
            "reinvestment_rate": null,
            "research_to_sale_ratio": null,
            "price_fair": 0,
            "eps_avg_yearly": 0,
            "eps_latest_yearly": 0,
            "eps_growth_yearly": 0
        },
        "20042": {
            "year_quarter": 20042,
            "year": 2004,
            "quarter": 2,
            "eps": null,
            "eps_growth_year": null,
            "eps_4q": null,
            "eps_4q_growth_year": null,
            "roe": null,
            "roe_4q": 0,
            "gross_profit": null,
            "gross_margin": null,
            "gross_margin_4q_avg": 0,
            "net_income": null,
            "revenue": null,
            "common_shares": null,
            "book_valuer_per_share": null,
            "book_valuer_per_share_4q_avg": 2.39,
            "equity": null,
            "current_ratio": null,
            "debt_ratio": null,
            "inventory_turnover_ratio": null,
            "account_receivable_turnover_ratio": null,
            "reinvestment_rate": null,
            "research_to_sale_ratio": null,
            "price_fair": 0,
            "eps_avg_yearly": 0,
            "eps_latest_yearly": 0,
            "eps_growth_yearly": 0
        },
        "20043": {
            "year_quarter": 20043,
            "year": 2004,
            "quarter": 3,
            "eps": null,
            "eps_growth_year": null,
            "eps_4q": null,
            "eps_4q_growth_year": null,
            "roe": null,
            "roe_4q": 0,
            "gross_profit": null,
            "gross_margin": null,
            "gross_margin_4q_avg": 0,
            "net_income": null,
            "revenue": null,
            "common_shares": null,
            "book_valuer_per_share": null,
            "book_valuer_per_share_4q_avg": 2.39,
            "equity": null,
            "current_ratio": null,
            "debt_ratio": null,
            "inventory_turnover_ratio": null,
            "account_receivable_turnover_ratio": null,
            "reinvestment_rate": null,
            "research_to_sale_ratio": null,
            "price_fair": 0,
            "eps_avg_yearly": 0,
            "eps_latest_yearly": 0,
            "eps_growth_yearly": 0
        },
        "20044": {
            "year_quarter": 20044,
            "year": 2004,
            "quarter": 4,
            "eps": null,
            "eps_growth_year": null,
            "eps_4q": null,
            "eps_4q_growth_year": null,
            "roe": null,
            "roe_4q": 0,
            "gross_profit": null,
            "gross_margin": null,
            "gross_margin_4q_avg": 0,
            "net_income": null,
            "revenue": null,
            "common_shares": 100000,
            "book_valuer_per_share": 12.1,
            "book_valuer_per_share_4q_avg": 3.03,
            "equity": 121011,
            "current_ratio": 99.49,
            "debt_ratio": 71.41,
            "inventory_turnover_ratio": null,
            "account_receivable_turnover_ratio": null,
            "reinvestment_rate": null,
            "research_to_sale_ratio": null,
            "price_fair": 0,
            "eps_avg_yearly": 0,
            "eps_latest_yearly": 0,
            "eps_growth_yearly": 0
        },
        "20051": {
            "year_quarter": 20051,
            "year": 2005,
            "quarter": 1,
            "eps": null,
            "eps_growth_year": null,
            "eps_4q": null,
            "eps_4q_growth_year": null,
            "roe": null,
            "roe_4q": 0,
            "gross_profit": null,
            "gross_margin": null,
            "gross_margin_4q_avg": 0,
            "net_income": null,
            "revenue": null,
            "common_shares": null,
            "book_valuer_per_share": null,
            "book_valuer_per_share_4q_avg": 3.03,
            "equity": null,
            "current_ratio": null,
            "debt_ratio": null,
            "inventory_turnover_ratio": null,
            "account_receivable_turnover_ratio": null,
            "reinvestment_rate": null,
            "research_to_sale_ratio": null,
            "price_fair": 0,
            "eps_avg_yearly": 0,
            "eps_latest_yearly": 0,
            "eps_growth_yearly": 0
        },
        "20052": {
            "year_quarter": 20052,
            "year": 2005,
            "quarter": 2,
            "eps": null,
            "eps_growth_year": null,
            "eps_4q": null,
            "eps_4q_growth_year": null,
            "roe": null,
            "roe_4q": 0,
            "gross_profit": null,
            "gross_margin": null,
            "gross_margin_4q_avg": 0,
            "net_income": null,
            "revenue": null,
            "common_shares": null,
            "book_valuer_per_share": null,
            "book_valuer_per_share_4q_avg": 3.03,
            "equity": null,
            "current_ratio": null,
            "debt_ratio": null,
            "inventory_turnover_ratio": null,
            "account_receivable_turnover_ratio": null,
            "reinvestment_rate": null,
            "research_to_sale_ratio": null,
            "price_fair": 0,
            "eps_avg_yearly": 0,
            "eps_latest_yearly": 0,
            "eps_growth_yearly": 0
        },
        "20053": {
            "year_quarter": 20053,
            "year": 2005,
            "quarter": 3,
            "eps": null,
            "eps_growth_year": null,
            "eps_4q": null,
            "eps_4q_growth_year": null,
            "roe": null,
            "roe_4q": 0,
            "gross_profit": null,
            "gross_margin": null,
            "gross_margin_4q_avg": 0,
            "net_income": null,
            "revenue": null,
            "common_shares": null,
            "book_valuer_per_share": null,
            "book_valuer_per_share_4q_avg": 3.03,
            "equity": null,
            "current_ratio": null,
            "debt_ratio": null,
            "inventory_turnover_ratio": null,
            "account_receivable_turnover_ratio": null,
            "reinvestment_rate": null,
            "research_to_sale_ratio": null,
            "price_fair": 0,
            "eps_avg_yearly": 0,
            "eps_latest_yearly": 0,
            "eps_growth_yearly": 0
        },
        "20054": {
            "year_quarter": 20054,
            "year": 2005,
            "quarter": 4,
            "eps": null,
            "eps_growth_year": null,
            "eps_4q": null,
            "eps_4q_growth_year": null,
            "roe": null,
            "roe_4q": 0,
            "gross_profit": null,
            "gross_margin": null,
            "gross_margin_4q_avg": 0,
            "net_income": null,
            "revenue": null,
            "common_shares": 134000,
            "book_valuer_per_share": 16.33,
            "book_valuer_per_share_4q_avg": 4.08,
            "equity": 218790,
            "current_ratio": 118.41,
            "debt_ratio": 61.72,
            "inventory_turnover_ratio": null,
            "account_receivable_turnover_ratio": null,
            "reinvestment_rate": null,
            "research_to_sale_ratio": null,
            "price_fair": 0,
            "eps_avg_yearly": 0,
            "eps_latest_yearly": 0,
            "eps_growth_yearly": 0
        },
        "20061": {
            "year_quarter": 20061,
            "year": 2006,
            "quarter": 1,
            "eps": null,
            "eps_growth_year": null,
            "eps_4q": null,
            "eps_4q_growth_year": null,
            "roe": null,
            "roe_4q": 0,
            "gross_profit": null,
            "gross_margin": null,
            "gross_margin_4q_avg": 0,
            "net_income": null,
            "revenue": null,
            "common_shares": null,
            "book_valuer_per_share": null,
            "book_valuer_per_share_4q_avg": 4.08,
            "equity": null,
            "current_ratio": null,
            "debt_ratio": null,
            "inventory_turnover_ratio": null,
            "account_receivable_turnover_ratio": null,
            "reinvestment_rate": null,
            "research_to_sale_ratio": null,
            "price_fair": 0,
            "eps_avg_yearly": 0,
            "eps_latest_yearly": 0,
            "eps_growth_yearly": 0
        },
        "20062": {
            "year_quarter": 20062,
            "year": 2006,
            "quarter": 2,
            "eps": null,
            "eps_growth_year": null,
            "eps_4q": null,
            "eps_4q_growth_year": null,
            "roe": null,
            "roe_4q": 0,
            "gross_profit": null,
            "gross_margin": null,
            "gross_margin_4q_avg": 0,
            "net_income": null,
            "revenue": null,
            "common_shares": null,
            "book_valuer_per_share": null,
            "book_valuer_per_share_4q_avg": 4.08,
            "equity": null,
            "current_ratio": null,
            "debt_ratio": null,
            "inventory_turnover_ratio": null,
            "account_receivable_turnover_ratio": null,
            "reinvestment_rate": null,
            "research_to_sale_ratio": null,
            "price_fair": 0,
            "eps_avg_yearly": 0,
            "eps_latest_yearly": 0,
            "eps_growth_yearly": 0
        },
        "20063": {
            "year_quarter": 20063,
            "year": 2006,
            "quarter": 3,
            "eps": null,
            "eps_growth_year": null,
            "eps_4q": null,
            "eps_4q_growth_year": null,
            "roe": null,
            "roe_4q": 0,
            "gross_profit": null,
            "gross_margin": null,
            "gross_margin_4q_avg": 0,
            "net_income": null,
            "revenue": null,
            "common_shares": null,
            "book_valuer_per_share": null,
            "book_valuer_per_share_4q_avg": 4.08,
            "equity": null,
            "current_ratio": null,
            "debt_ratio": null,
            "inventory_turnover_ratio": null,
            "account_receivable_turnover_ratio": null,
            "reinvestment_rate": null,
            "research_to_sale_ratio": null,
            "price_fair": 0,
            "eps_avg_yearly": 0,
            "eps_latest_yearly": 0,
            "eps_growth_yearly": 0
        },
        "20064": {
            "year_quarter": 20064,
            "year": 2006,
            "quarter": 4,
            "eps": null,
            "eps_growth_year": null,
            "eps_4q": null,
            "eps_4q_growth_year": null,
            "roe": null,
            "roe_4q": 0,
            "gross_profit": null,
            "gross_margin": null,
            "gross_margin_4q_avg": 0,
            "net_income": null,
            "revenue": null,
            "common_shares": 174240,
            "book_valuer_per_share": 14.43,
            "book_valuer_per_share_4q_avg": 3.61,
            "equity": 251400,
            "current_ratio": 121.42,
            "debt_ratio": 57.13,
            "inventory_turnover_ratio": null,
            "account_receivable_turnover_ratio": null,
            "reinvestment_rate": null,
            "research_to_sale_ratio": null,
            "price_fair": 0,
            "eps_avg_yearly": 0,
            "eps_latest_yearly": 0,
            "eps_growth_yearly": 0
        },
        "20071": {
            "year_quarter": 20071,
            "year": 2007,
            "quarter": 1,
            "eps": null,
            "eps_growth_year": null,
            "eps_4q": null,
            "eps_4q_growth_year": null,
            "roe": null,
            "roe_4q": 0,
            "gross_profit": null,
            "gross_margin": null,
            "gross_margin_4q_avg": 0,
            "net_income": null,
            "revenue": null,
            "common_shares": null,
            "book_valuer_per_share": null,
            "book_valuer_per_share_4q_avg": 3.61,
            "equity": null,
            "current_ratio": null,
            "debt_ratio": null,
            "inventory_turnover_ratio": null,
            "account_receivable_turnover_ratio": null,
            "reinvestment_rate": null,
            "research_to_sale_ratio": null,
            "price_fair": 0,
            "eps_avg_yearly": 0,
            "eps_latest_yearly": 0,
            "eps_growth_yearly": 0
        },
        "20072": {
            "year_quarter": 20072,
            "year": 2007,
            "quarter": 2,
            "eps": null,
            "eps_growth_year": null,
            "eps_4q": null,
            "eps_4q_growth_year": null,
            "roe": null,
            "roe_4q": 0,
            "gross_profit": null,
            "gross_margin": null,
            "gross_margin_4q_avg": 0,
            "net_income": null,
            "revenue": null,
            "common_shares": null,
            "book_valuer_per_share": null,
            "book_valuer_per_share_4q_avg": 3.61,
            "equity": null,
            "current_ratio": null,
            "debt_ratio": null,
            "inventory_turnover_ratio": null,
            "account_receivable_turnover_ratio": null,
            "reinvestment_rate": null,
            "research_to_sale_ratio": null,
            "price_fair": 0,
            "eps_avg_yearly": 0,
            "eps_latest_yearly": 0,
            "eps_growth_yearly": 0
        },
        "20073": {
            "year_quarter": 20073,
            "year": 2007,
            "quarter": 3,
            "eps": null,
            "eps_growth_year": null,
            "eps_4q": null,
            "eps_4q_growth_year": null,
            "roe": null,
            "roe_4q": 0,
            "gross_profit": null,
            "gross_margin": null,
            "gross_margin_4q_avg": 0,
            "net_income": null,
            "revenue": null,
            "common_shares": null,
            "book_valuer_per_share": null,
            "book_valuer_per_share_4q_avg": 3.61,
            "equity": null,
            "current_ratio": null,
            "debt_ratio": null,
            "inventory_turnover_ratio": null,
            "account_receivable_turnover_ratio": null,
            "reinvestment_rate": null,
            "research_to_sale_ratio": null,
            "price_fair": 0,
            "eps_avg_yearly": 0,
            "eps_latest_yearly": 0,
            "eps_growth_yearly": 0
        },
        "20074": {
            "year_quarter": 20074,
            "year": 2007,
            "quarter": 4,
            "eps": null,
            "eps_growth_year": null,
            "eps_4q": null,
            "eps_4q_growth_year": null,
            "roe": null,
            "roe_4q": 0,
            "gross_profit": null,
            "gross_margin": null,
            "gross_margin_4q_avg": 0,
            "net_income": null,
            "revenue": null,
            "common_shares": 230000,
            "book_valuer_per_share": 14.42,
            "book_valuer_per_share_4q_avg": 3.61,
            "equity": 339144,
            "current_ratio": 120.42,
            "debt_ratio": 53.64,
            "inventory_turnover_ratio": null,
            "account_receivable_turnover_ratio": null,
            "reinvestment_rate": null,
            "research_to_sale_ratio": null,
            "price_fair": 0,
            "eps_avg_yearly": 0,
            "eps_latest_yearly": 0,
            "eps_growth_yearly": 0
        },
        "20081": {
            "year_quarter": 20081,
            "year": 2008,
            "quarter": 1,
            "eps": null,
            "eps_growth_year": null,
            "eps_4q": null,
            "eps_4q_growth_year": null,
            "roe": null,
            "roe_4q": 0,
            "gross_profit": null,
            "gross_margin": null,
            "gross_margin_4q_avg": 0,
            "net_income": null,
            "revenue": null,
            "common_shares": null,
            "book_valuer_per_share": null,
            "book_valuer_per_share_4q_avg": 3.61,
            "equity": null,
            "current_ratio": null,
            "debt_ratio": null,
            "inventory_turnover_ratio": null,
            "account_receivable_turnover_ratio": null,
            "reinvestment_rate": null,
            "research_to_sale_ratio": null,
            "price_fair": 0,
            "eps_avg_yearly": 0,
            "eps_latest_yearly": 0,
            "eps_growth_yearly": 0
        },
        "20082": {
            "year_quarter": 20082,
            "year": 2008,
            "quarter": 2,
            "eps": null,
            "eps_growth_year": null,
            "eps_4q": null,
            "eps_4q_growth_year": null,
            "roe": null,
            "roe_4q": 0,
            "gross_profit": null,
            "gross_margin": null,
            "gross_margin_4q_avg": 0,
            "net_income": null,
            "revenue": null,
            "common_shares": null,
            "book_valuer_per_share": null,
            "book_valuer_per_share_4q_avg": 3.61,
            "equity": null,
            "current_ratio": null,
            "debt_ratio": null,
            "inventory_turnover_ratio": null,
            "account_receivable_turnover_ratio": null,
            "reinvestment_rate": null,
            "research_to_sale_ratio": null,
            "price_fair": 0,
            "eps_avg_yearly": 0,
            "eps_latest_yearly": 0,
            "eps_growth_yearly": 0
        },
        "20083": {
            "year_quarter": 20083,
            "year": 2008,
            "quarter": 3,
            "eps": 0.09,
            "eps_growth_year": null,
            "eps_4q": null,
            "eps_4q_growth_year": null,
            "roe": 0.57,
            "roe_4q": 0.57,
            "gross_profit": 46762,
            "gross_margin": 22.05,
            "gross_margin_4q_avg": 5.51,
            "net_income": 2479,
            "revenue": 212104,
            "common_shares": 306900,
            "book_valuer_per_share": 14.11,
            "book_valuer_per_share_4q_avg": 7.13,
            "equity": 433096,
            "current_ratio": 131.12,
            "debt_ratio": 48.14,
            "inventory_turnover_ratio": 3.6,
            "account_receivable_turnover_ratio": null,
            "reinvestment_rate": null,
            "research_to_sale_ratio": null,
            "price_fair": 0,
            "eps_avg_yearly": 0,
            "eps_latest_yearly": 0,
            "eps_growth_yearly": 0
        },
        "20084": {
            "year_quarter": 20084,
            "year": 2008,
            "quarter": 4,
            "eps": 0.81,
            "eps_growth_year": null,
            "eps_4q": null,
            "eps_4q_growth_year": null,
            "roe": 5.14,
            "roe_4q": 5.71,
            "gross_profit": 65167,
            "gross_margin": 27.31,
            "gross_margin_4q_avg": 12.34,
            "net_income": 23259,
            "revenue": 238577,
            "common_shares": 306900,
            "book_valuer_per_share": 15.12,
            "book_valuer_per_share_4q_avg": 7.31,
            "equity": 472355,
            "current_ratio": 149.03,
            "debt_ratio": 55.98,
            "inventory_turnover_ratio": 4.32,
            "account_receivable_turnover_ratio": 2.99,
            "reinvestment_rate": null,
            "research_to_sale_ratio": null,
            "price_fair": 113.4,
            "eps_avg_yearly": 3.24,
            "eps_latest_yearly": 3.24,
            "eps_growth_yearly": 3200
        },
        "20091": {
            "year_quarter": 20091,
            "year": 2009,
            "quarter": 1,
            "eps": 0.13,
            "eps_growth_year": null,
            "eps_4q": null,
            "eps_4q_growth_year": null,
            "roe": 0.88,
            "roe_4q": 6.59,
            "gross_profit": 39484,
            "gross_margin": 21.97,
            "gross_margin_4q_avg": 17.83,
            "net_income": 4142,
            "revenue": 179749,
            "common_shares": 306900,
            "book_valuer_per_share": 15.26,
            "book_valuer_per_share_4q_avg": 11.12,
            "equity": 468322,
            "current_ratio": 105.24,
            "debt_ratio": 49.65,
            "inventory_turnover_ratio": 4.33,
            "account_receivable_turnover_ratio": 1.23,
            "reinvestment_rate": null,
            "research_to_sale_ratio": null,
            "price_fair": 65.8,
            "eps_avg_yearly": 1.88,
            "eps_latest_yearly": 0.52,
            "eps_growth_yearly": 1432.1
        },
        "20092": {
            "year_quarter": 20092,
            "year": 2009,
            "quarter": 2,
            "eps": 0.89,
            "eps_growth_year": null,
            "eps_4q": 1.87,
            "eps_4q_growth_year": null,
            "roe": 5.83,
            "roe_4q": 12.42,
            "gross_profit": 63797,
            "gross_margin": 25.19,
            "gross_margin_4q_avg": 24.13,
            "net_income": 27162,
            "revenue": 253217,
            "common_shares": 306900,
            "book_valuer_per_share": 15.12,
            "book_valuer_per_share_4q_avg": 14.9,
            "equity": 464099,
            "current_ratio": 97.86,
            "debt_ratio": 52.99,
            "inventory_turnover_ratio": 6.43,
            "account_receivable_turnover_ratio": 1.59,
            "reinvestment_rate": null,
            "research_to_sale_ratio": null,
            "price_fair": 85.4,
            "eps_avg_yearly": 2.44,
            "eps_latest_yearly": 3.56,
            "eps_growth_yearly": 1734.22
        },
        "20093": {
            "year_quarter": 20093,
            "year": 2009,
            "quarter": 3,
            "eps": 0.34,
            "eps_growth_year": 277.78,
            "eps_4q": 2.14,
            "eps_4q_growth_year": null,
            "roe": 2.19,
            "roe_4q": 14.04,
            "gross_profit": 78300,
            "gross_margin": 24.19,
            "gross_margin_4q_avg": 24.67,
            "net_income": 10308,
            "revenue": 323622,
            "common_shares": 306900,
            "book_valuer_per_share": 15.42,
            "book_valuer_per_share_4q_avg": 15.23,
            "equity": 478514,
            "current_ratio": 115.34,
            "debt_ratio": 55.52,
            "inventory_turnover_ratio": 5.97,
            "account_receivable_turnover_ratio": 1.78,
            "reinvestment_rate": null,
            "research_to_sale_ratio": null,
            "price_fair": 75.95,
            "eps_avg_yearly": 2.17,
            "eps_latest_yearly": 1.36,
            "eps_growth_yearly": 1238.87
        },
        "20094": {
            "year_quarter": 20094,
            "year": 2009,
            "quarter": 4,
            "eps": 1.17,
            "eps_growth_year": 44.44,
            "eps_4q": 2.53,
            "eps_4q_growth_year": null,
            "roe": 7.23,
            "roe_4q": 16.13,
            "gross_profit": 101564,
            "gross_margin": 24.73,
            "gross_margin_4q_avg": 24.02,
            "net_income": 35890,
            "revenue": 410759,
            "common_shares": 306900,
            "book_valuer_per_share": 16.58,
            "book_valuer_per_share_4q_avg": 15.6,
            "equity": 513946,
            "current_ratio": 128.99,
            "debt_ratio": 53.27,
            "inventory_turnover_ratio": 6.75,
            "account_receivable_turnover_ratio": 3.59,
            "reinvestment_rate": null,
            "research_to_sale_ratio": null,
            "price_fair": 93.52,
            "eps_avg_yearly": 2.67,
            "eps_latest_yearly": 4.68,
            "eps_growth_yearly": 1186.39
        },
        "20101": {
            "year_quarter": 20101,
            "year": 2010,
            "quarter": 1,
            "eps": 0.26,
            "eps_growth_year": 100,
            "eps_4q": 2.43,
            "eps_4q_growth_year": null,
            "roe": 1.46,
            "roe_4q": 16.71,
            "gross_profit": 73728,
            "gross_margin": 22.82,
            "gross_margin_4q_avg": 24.23,
            "net_income": 8046,
            "revenue": 323072,
            "common_shares": 334800,
            "book_valuer_per_share": 17.31,
            "book_valuer_per_share_4q_avg": 16.11,
            "equity": 584613,
            "current_ratio": 150.52,
            "debt_ratio": 52.11,
            "inventory_turnover_ratio": 5.49,
            "account_receivable_turnover_ratio": 1.57,
            "reinvestment_rate": null,
            "research_to_sale_ratio": 0.14,
            "price_fair": 84,
            "eps_avg_yearly": 2.4,
            "eps_latest_yearly": 1.04,
            "eps_growth_yearly": 936.8
        },
        "20102": {
            "year_quarter": 20102,
            "year": 2010,
            "quarter": 2,
            "eps": 1.05,
            "eps_growth_year": 17.49,
            "eps_4q": 2.52,
            "eps_4q_growth_year": 34.75,
            "roe": 6.54,
            "roe_4q": 17.42,
            "gross_profit": 115983,
            "gross_margin": 25.29,
            "gross_margin_4q_avg": 24.26,
            "net_income": 38511,
            "revenue": 458666,
            "common_shares": 334800,
            "book_valuer_per_share": 17.54,
            "book_valuer_per_share_4q_avg": 16.71,
            "equity": 592379,
            "current_ratio": 122.13,
            "debt_ratio": 55.12,
            "inventory_turnover_ratio": 6.32,
            "account_receivable_turnover_ratio": 2.15,
            "reinvestment_rate": null,
            "research_to_sale_ratio": 0.09,
            "price_fair": 93,
            "eps_avg_yearly": 2.66,
            "eps_latest_yearly": 4.2,
            "eps_growth_yearly": 976.6
        },
        "20103": {
            "year_quarter": 20103,
            "year": 2010,
            "quarter": 3,
            "eps": 0.51,
            "eps_growth_year": 49.05,
            "eps_4q": 2.75,
            "eps_4q_growth_year": 28.31,
            "roe": 3.12,
            "roe_4q": 18.35,
            "gross_profit": 92634,
            "gross_margin": 23.33,
            "gross_margin_4q_avg": 24.04,
            "net_income": 18663,
            "revenue": 397133,
            "common_shares": 368280,
            "book_valuer_per_share": 16.24,
            "book_valuer_per_share_4q_avg": 16.92,
            "equity": 603408,
            "current_ratio": 139.33,
            "debt_ratio": 54.35,
            "inventory_turnover_ratio": 5.62,
            "account_receivable_turnover_ratio": 1.75,
            "reinvestment_rate": null,
            "research_to_sale_ratio": 0.15,
            "price_fair": 90.3,
            "eps_avg_yearly": 2.58,
            "eps_latest_yearly": 2.04,
            "eps_growth_yearly": 828.81
        },
        "20104": {
            "year_quarter": 20104,
            "year": 2010,
            "quarter": 4,
            "eps": 0.99,
            "eps_growth_year": -15.1,
            "eps_4q": 2.76,
            "eps_4q_growth_year": 9.46,
            "roe": 6,
            "roe_4q": 17.12,
            "gross_profit": 124592,
            "gross_margin": 26.51,
            "gross_margin_4q_avg": 24.49,
            "net_income": 36582,
            "revenue": 469964,
            "common_shares": 368280,
            "book_valuer_per_share": 16.66,
            "book_valuer_per_share_4q_avg": 16.94,
            "equity": 616384,
            "current_ratio": 127.87,
            "debt_ratio": 56.85,
            "inventory_turnover_ratio": 6.07,
            "account_receivable_turnover_ratio": 2,
            "reinvestment_rate": null,
            "research_to_sale_ratio": 0.08,
            "price_fair": 95.67,
            "eps_avg_yearly": 2.73,
            "eps_latest_yearly": 3.96,
            "eps_growth_yearly": 778.55
        },
        "20111": {
            "year_quarter": 20111,
            "year": 2011,
            "quarter": 1,
            "eps": -0.03,
            "eps_growth_year": -111.54,
            "eps_4q": 2.52,
            "eps_4q_growth_year": 3.58,
            "roe": -0.16,
            "roe_4q": 15.5,
            "gross_profit": 71236,
            "gross_margin": 19.9,
            "gross_margin_4q_avg": 23.76,
            "net_income": -1002,
            "revenue": 358040,
            "common_shares": 368280,
            "book_valuer_per_share": 16.65,
            "book_valuer_per_share_4q_avg": 16.77,
            "equity": 618068,
            "current_ratio": 106.54,
            "debt_ratio": 58.13,
            "inventory_turnover_ratio": 4.74,
            "account_receivable_turnover_ratio": 1.54,
            "reinvestment_rate": null,
            "research_to_sale_ratio": 0.04,
            "price_fair": 95.67,
            "eps_avg_yearly": 2.73,
            "eps_latest_yearly": 3.96,
            "eps_growth_yearly": 778.55
        },
        "20112": {
            "year_quarter": 20112,
            "year": 2011,
            "quarter": 2,
            "eps": 0.45,
            "eps_growth_year": -56.68,
            "eps_4q": 1.79,
            "eps_4q_growth_year": -28.85,
            "roe": 3.07,
            "roe_4q": 12.030000000000001,
            "gross_profit": 106309,
            "gross_margin": 23.32,
            "gross_margin_4q_avg": 23.27,
            "net_income": 18352,
            "revenue": 455875,
            "common_shares": 368280,
            "book_valuer_per_share": 15.57,
            "book_valuer_per_share_4q_avg": 16.28,
            "equity": 576149,
            "current_ratio": 97.25,
            "debt_ratio": 61.77,
            "inventory_turnover_ratio": 6.08,
            "account_receivable_turnover_ratio": 2.01,
            "reinvestment_rate": null,
            "research_to_sale_ratio": 0.04,
            "price_fair": 95.67,
            "eps_avg_yearly": 2.73,
            "eps_latest_yearly": 3.96,
            "eps_growth_yearly": 778.55
        },
        "20113": {
            "year_quarter": 20113,
            "year": 2011,
            "quarter": 3,
            "eps": 0.21,
            "eps_growth_year": -58.24,
            "eps_4q": 1.54,
            "eps_4q_growth_year": -43.8,
            "roe": 1.45,
            "roe_4q": 10.36,
            "gross_profit": 91998,
            "gross_margin": 22.26,
            "gross_margin_4q_avg": 23,
            "net_income": 8572,
            "revenue": 413260,
            "common_shares": 405108,
            "book_valuer_per_share": 14.88,
            "book_valuer_per_share_4q_avg": 15.94,
            "equity": 605769,
            "current_ratio": 114.11,
            "debt_ratio": 61.96,
            "inventory_turnover_ratio": 5.38,
            "account_receivable_turnover_ratio": 1.75,
            "reinvestment_rate": null,
            "research_to_sale_ratio": 0.03,
            "price_fair": 89.04,
            "eps_avg_yearly": 2.54,
            "eps_latest_yearly": 0.84,
            "eps_growth_yearly": 679.36
        },
        "20114": {
            "year_quarter": 20114,
            "year": 2011,
            "quarter": 4,
            "eps": 0.97,
            "eps_growth_year": -2.32,
            "eps_4q": 1.61,
            "eps_4q_growth_year": -41.59,
            "roe": 6.24,
            "roe_4q": 10.6,
            "gross_profit": 118272,
            "gross_margin": 25.22,
            "gross_margin_4q_avg": 22.68,
            "net_income": 39035,
            "revenue": 468971,
            "common_shares": 405108,
            "book_valuer_per_share": 15.96,
            "book_valuer_per_share_4q_avg": 15.77,
            "equity": 645150,
            "current_ratio": 121.18,
            "debt_ratio": 59.99,
            "inventory_turnover_ratio": 5.49,
            "account_receivable_turnover_ratio": 1.81,
            "reinvestment_rate": null,
            "research_to_sale_ratio": 0.14,
            "price_fair": 93.29,
            "eps_avg_yearly": 2.67,
            "eps_latest_yearly": 3.88,
            "eps_growth_yearly": 749.2
        },
        "20121": {
            "year_quarter": 20121,
            "year": 2012,
            "quarter": 1,
            "eps": 0.23,
            "eps_growth_year": null,
            "eps_4q": 1.87,
            "eps_4q_growth_year": -25.77,
            "roe": 1.43,
            "roe_4q": 12.19,
            "gross_profit": 83643,
            "gross_margin": 23.95,
            "gross_margin_4q_avg": 23.69,
            "net_income": 9259,
            "revenue": 349234,
            "common_shares": 405108,
            "book_valuer_per_share": 15.99,
            "book_valuer_per_share_4q_avg": 15.6,
            "equity": 646274,
            "current_ratio": 126.33,
            "debt_ratio": 56.37,
            "inventory_turnover_ratio": 3.98,
            "account_receivable_turnover_ratio": 1.34,
            "reinvestment_rate": null,
            "research_to_sale_ratio": 0.3,
            "price_fair": 88.2,
            "eps_avg_yearly": 2.52,
            "eps_latest_yearly": 0.92,
            "eps_growth_yearly": 661.34
        },
        "20122": {
            "year_quarter": 20122,
            "year": 2012,
            "quarter": 2,
            "eps": 0.62,
            "eps_growth_year": 37.62,
            "eps_4q": 1.91,
            "eps_4q_growth_year": 6.5,
            "roe": 4.21,
            "roe_4q": 13.329999999999998,
            "gross_profit": 112140,
            "gross_margin": 26.17,
            "gross_margin_4q_avg": 24.4,
            "net_income": 27592,
            "revenue": 428583,
            "common_shares": 405108,
            "book_valuer_per_share": 16.44,
            "book_valuer_per_share_4q_avg": 15.82,
            "equity": 664052,
            "current_ratio": 125.57,
            "debt_ratio": 55.58,
            "inventory_turnover_ratio": 4.58,
            "account_receivable_turnover_ratio": 1.73,
            "reinvestment_rate": 411.08,
            "research_to_sale_ratio": 0.54,
            "price_fair": 88.09,
            "eps_avg_yearly": 2.52,
            "eps_latest_yearly": 2.48,
            "eps_growth_yearly": 662.64
        },
        "20123": {
            "year_quarter": 20123,
            "year": 2012,
            "quarter": 3,
            "eps": 0.05,
            "eps_growth_year": -75.2,
            "eps_4q": 1.77,
            "eps_4q_growth_year": 14.54,
            "roe": 0.35,
            "roe_4q": 12.23,
            "gross_profit": 83963,
            "gross_margin": 22.6,
            "gross_margin_4q_avg": 24.49,
            "net_income": 2322,
            "revenue": 371550,
            "common_shares": 445341,
            "book_valuer_per_share": 14.97,
            "book_valuer_per_share_4q_avg": 15.84,
            "equity": 665487,
            "current_ratio": 124.03,
            "debt_ratio": 52.83,
            "inventory_turnover_ratio": 4.5,
            "account_receivable_turnover_ratio": 1.48,
            "reinvestment_rate": 265.98,
            "research_to_sale_ratio": 0.45,
            "price_fair": 82.3,
            "eps_avg_yearly": 2.35,
            "eps_latest_yearly": 0.2,
            "eps_growth_yearly": 589.04
        },
        "20124": {
            "year_quarter": 20124,
            "year": 2012,
            "quarter": 4,
            "eps": 0.56,
            "eps_growth_year": -42.32,
            "eps_4q": 1.44,
            "eps_4q_growth_year": -10.51,
            "roe": 3.66,
            "roe_4q": 9.649999999999999,
            "gross_profit": 111988,
            "gross_margin": 26.77,
            "gross_margin_4q_avg": 24.87,
            "net_income": 24767,
            "revenue": 418279,
            "common_shares": 445341,
            "book_valuer_per_share": 15.5,
            "book_valuer_per_share_4q_avg": 15.73,
            "equity": 688936,
            "current_ratio": 129.24,
            "debt_ratio": 51.73,
            "inventory_turnover_ratio": 5.88,
            "account_receivable_turnover_ratio": 1.62,
            "reinvestment_rate": 192.48,
            "research_to_sale_ratio": 0.43,
            "price_fair": 79.8,
            "eps_avg_yearly": 2.28,
            "eps_latest_yearly": 2.24,
            "eps_growth_yearly": 651.9
        },
        "20131": {
            "year_quarter": 20131,
            "year": 2013,
            "quarter": 1,
            "eps": -1.24,
            "eps_growth_year": -639.13,
            "eps_4q": -0,
            "eps_4q_growth_year": -100.22,
            "roe": -8.31,
            "roe_4q": -0.09000000000000075,
            "gross_profit": 65643,
            "gross_margin": 20.11,
            "gross_margin_4q_avg": 23.91,
            "net_income": -54864,
            "revenue": 326491,
            "common_shares": 445341,
            "book_valuer_per_share": 14.21,
            "book_valuer_per_share_4q_avg": 15.28,
            "equity": 631776,
            "current_ratio": 108.45,
            "debt_ratio": 56.88,
            "inventory_turnover_ratio": 5.84,
            "account_receivable_turnover_ratio": 1.3,
            "reinvestment_rate": 157.29,
            "research_to_sale_ratio": 0.71,
            "price_fair": 84.54,
            "eps_avg_yearly": 2.42,
            "eps_latest_yearly": 2.24,
            "eps_growth_yearly": 727.88
        },
        "20132": {
            "year_quarter": 20132,
            "year": 2013,
            "quarter": 2,
            "eps": -0.57,
            "eps_growth_year": -191.42,
            "eps_4q": -1.14,
            "eps_4q_growth_year": -159.65,
            "roe": -4.47,
            "roe_4q": -8.770000000000001,
            "gross_profit": 90342,
            "gross_margin": 25.91,
            "gross_margin_4q_avg": 23.85,
            "net_income": -27638,
            "revenue": 348645,
            "common_shares": 445341,
            "book_valuer_per_share": 13.58,
            "book_valuer_per_share_4q_avg": 14.57,
            "equity": 603848,
            "current_ratio": 170.25,
            "debt_ratio": 59.08,
            "inventory_turnover_ratio": 6.53,
            "account_receivable_turnover_ratio": 1.44,
            "reinvestment_rate": 192.53,
            "research_to_sale_ratio": 0.99,
            "price_fair": 81.2,
            "eps_avg_yearly": 2.32,
            "eps_latest_yearly": 2.24,
            "eps_growth_yearly": 593.66
        },
        "20133": {
            "year_quarter": 20133,
            "year": 2013,
            "quarter": 3,
            "eps": 0.09,
            "eps_growth_year": 71.54,
            "eps_4q": -1.1,
            "eps_4q_growth_year": -162.26,
            "roe": 0.69,
            "roe_4q": -8.43,
            "gross_profit": 75299,
            "gross_margin": 26.53,
            "gross_margin_4q_avg": 24.83,
            "net_income": 4172,
            "revenue": 283789,
            "common_shares": 489597,
            "book_valuer_per_share": 12.46,
            "book_valuer_per_share_4q_avg": 13.94,
            "equity": 609357,
            "current_ratio": 209.88,
            "debt_ratio": 56.03,
            "inventory_turnover_ratio": 5.75,
            "account_receivable_turnover_ratio": 1.2,
            "reinvestment_rate": 65.56,
            "research_to_sale_ratio": 0.65,
            "price_fair": 84.25,
            "eps_avg_yearly": 2.41,
            "eps_latest_yearly": 2.24,
            "eps_growth_yearly": 670.1
        },
        "20134": {
            "year_quarter": 20134,
            "year": 2013,
            "quarter": 4,
            "eps": 0.44,
            "eps_growth_year": -20.7,
            "eps_4q": -1.17,
            "eps_4q_growth_year": -180.65,
            "roe": 3.46,
            "roe_4q": -8.629999999999999,
            "gross_profit": 103539,
            "gross_margin": 27.18,
            "gross_margin_4q_avg": 24.93,
            "net_income": 21605,
            "revenue": 380955,
            "common_shares": 489597,
            "book_valuer_per_share": 13.1,
            "book_valuer_per_share_4q_avg": 13.34,
            "equity": 640042,
            "current_ratio": 215.48,
            "debt_ratio": 55.62,
            "inventory_turnover_ratio": 7.76,
            "account_receivable_turnover_ratio": 1.57,
            "reinvestment_rate": -71.17,
            "research_to_sale_ratio": 0.76,
            "price_fair": 74.96,
            "eps_avg_yearly": 2.14,
            "eps_latest_yearly": 1.76,
            "eps_growth_yearly": 722.75
        },
        "20141": {
            "year_quarter": 20141,
            "year": 2014,
            "quarter": 1,
            "eps": 0.39,
            "eps_growth_year": null,
            "eps_4q": 0.36,
            "eps_4q_growth_year": null,
            "roe": 2.95,
            "roe_4q": 2.63,
            "gross_profit": 72964,
            "gross_margin": 24.9,
            "gross_margin_4q_avg": 26.13,
            "net_income": 19176,
            "revenue": 293080,
            "common_shares": 486817,
            "book_valuer_per_share": 13.53,
            "book_valuer_per_share_4q_avg": 13.17,
            "equity": 658890,
            "current_ratio": 229.03,
            "debt_ratio": 52.68,
            "inventory_turnover_ratio": 5.91,
            "account_receivable_turnover_ratio": 1.2,
            "reinvestment_rate": -113.48,
            "research_to_sale_ratio": 0.83,
            "price_fair": 76.62,
            "eps_avg_yearly": 2.19,
            "eps_latest_yearly": 1.56,
            "eps_growth_yearly": 746.9
        },
        "20142": {
            "year_quarter": 20142,
            "year": 2014,
            "quarter": 2,
            "eps": 0.61,
            "eps_growth_year": null,
            "eps_4q": 1.45,
            "eps_4q_growth_year": null,
            "roe": 4.31,
            "roe_4q": 11.409999999999998,
            "gross_profit": 93135,
            "gross_margin": 26.51,
            "gross_margin_4q_avg": 26.28,
            "net_income": 29895,
            "revenue": 351271,
            "common_shares": 486817,
            "book_valuer_per_share": 14.09,
            "book_valuer_per_share_4q_avg": 13.3,
            "equity": 729517,
            "current_ratio": 218.09,
            "debt_ratio": 50.21,
            "inventory_turnover_ratio": 6.08,
            "account_receivable_turnover_ratio": 1.47,
            "reinvestment_rate": -167.44,
            "research_to_sale_ratio": 1.03,
            "price_fair": 71.02,
            "eps_avg_yearly": 2.03,
            "eps_latest_yearly": 2.44,
            "eps_growth_yearly": 656.92
        },
        "20143": {
            "year_quarter": 20143,
            "year": 2014,
            "quarter": 3,
            "eps": 0.14,
            "eps_growth_year": 55.56,
            "eps_4q": 1.39,
            "eps_4q_growth_year": null,
            "roe": 1.02,
            "roe_4q": 11.740000000000002,
            "gross_profit": 88104,
            "gross_margin": 26.09,
            "gross_margin_4q_avg": 26.17,
            "net_income": 7787,
            "revenue": 337746,
            "common_shares": 524415,
            "book_valuer_per_share": 14.27,
            "book_valuer_per_share_4q_avg": 13.75,
            "equity": 803040,
            "current_ratio": 158.83,
            "debt_ratio": 45.57,
            "inventory_turnover_ratio": 6.08,
            "account_receivable_turnover_ratio": 1.32,
            "reinvestment_rate": -195.22,
            "research_to_sale_ratio": 0.92,
            "price_fair": 66.31,
            "eps_avg_yearly": 1.89,
            "eps_latest_yearly": 0.56,
            "eps_growth_yearly": 647.61
        },
        "20144": {
            "year_quarter": 20144,
            "year": 2014,
            "quarter": 4,
            "eps": 0.8,
            "eps_growth_year": 81.26,
            "eps_4q": 1.8,
            "eps_4q_growth_year": null,
            "roe": 5.48,
            "roe_4q": 13.759999999999998,
            "gross_profit": 124349,
            "gross_margin": 28.37,
            "gross_margin_4q_avg": 26.47,
            "net_income": 45795,
            "revenue": 438343,
            "common_shares": 562604,
            "book_valuer_per_share": 15.25,
            "book_valuer_per_share_4q_avg": 14.29,
            "equity": 868241,
            "current_ratio": 160.82,
            "debt_ratio": 45.25,
            "inventory_turnover_ratio": 7.58,
            "account_receivable_turnover_ratio": 1.55,
            "reinvestment_rate": -212.07,
            "research_to_sale_ratio": 0.72,
            "price_fair": 63.89,
            "eps_avg_yearly": 1.83,
            "eps_latest_yearly": 3.2,
            "eps_growth_yearly": 784.81
        },
        "20151": {
            "year_quarter": 20151,
            "year": 2015,
            "quarter": 1,
            "eps": -0.01,
            "eps_growth_year": -102.56,
            "eps_4q": 1.41,
            "eps_4q_growth_year": 295.49,
            "roe": -0.1,
            "roe_4q": 10.71,
            "gross_profit": 66985,
            "gross_margin": 22.07,
            "gross_margin_4q_avg": 25.76,
            "net_income": -859,
            "revenue": 303467,
            "common_shares": 569288,
            "book_valuer_per_share": 15.17,
            "book_valuer_per_share_4q_avg": 14.7,
            "equity": 890853,
            "current_ratio": 187.6,
            "debt_ratio": 42.44,
            "inventory_turnover_ratio": 4.5,
            "account_receivable_turnover_ratio": 1.11,
            "reinvestment_rate": -218.29,
            "research_to_sale_ratio": 0.74,
            "price_fair": 63.89,
            "eps_avg_yearly": 1.83,
            "eps_latest_yearly": 3.2,
            "eps_growth_yearly": 784.81
        },
        "20152": {
            "year_quarter": 20152,
            "year": 2015,
            "quarter": 2,
            "eps": 0.4,
            "eps_growth_year": -34.43,
            "eps_4q": 1.27,
            "eps_4q_growth_year": -12,
            "roe": 2.7,
            "roe_4q": 9.1,
            "gross_profit": 86648,
            "gross_margin": 24.88,
            "gross_margin_4q_avg": 25.35,
            "net_income": 23717,
            "revenue": 348328,
            "common_shares": 587329,
            "book_valuer_per_share": 14.38,
            "book_valuer_per_share_4q_avg": 14.77,
            "equity": 863674,
            "current_ratio": 161.14,
            "debt_ratio": 45.16,
            "inventory_turnover_ratio": 4.55,
            "account_receivable_turnover_ratio": 1.42,
            "reinvestment_rate": -200.4,
            "research_to_sale_ratio": 0.58,
            "price_fair": 63.89,
            "eps_avg_yearly": 1.83,
            "eps_latest_yearly": 3.2,
            "eps_growth_yearly": 784.81
        },
        "20153": {
            "year_quarter": 20153,
            "year": 2015,
            "quarter": 3,
            "eps": -0.04,
            "eps_growth_year": -128.57,
            "eps_4q": 1.1,
            "eps_4q_growth_year": -20.86,
            "roe": -0.27,
            "roe_4q": 7.8100000000000005,
            "gross_profit": 69475,
            "gross_margin": 22.04,
            "gross_margin_4q_avg": 24.34,
            "net_income": -2338,
            "revenue": 315283,
            "common_shares": 600799,
            "book_valuer_per_share": 14.42,
            "book_valuer_per_share_4q_avg": 14.81,
            "equity": 866179,
            "current_ratio": 188.54,
            "debt_ratio": 42.64,
            "inventory_turnover_ratio": 4.68,
            "account_receivable_turnover_ratio": 1.22,
            "reinvestment_rate": -300.83,
            "research_to_sale_ratio": 0.49,
            "price_fair": 67.34,
            "eps_avg_yearly": 1.92,
            "eps_latest_yearly": 3.2,
            "eps_growth_yearly": 884.62
        },
        "20154": {
            "year_quarter": 20154,
            "year": 2015,
            "quarter": 4,
            "eps": 0.43,
            "eps_growth_year": -47.16,
            "eps_4q": 0.77,
            "eps_4q_growth_year": -57.5,
            "roe": 2.91,
            "roe_4q": 5.24,
            "gross_profit": 106735,
            "gross_margin": 26.68,
            "gross_margin_4q_avg": 23.92,
            "net_income": 25550,
            "revenue": 400107,
            "common_shares": 600799,
            "book_valuer_per_share": 14.82,
            "book_valuer_per_share_4q_avg": 14.7,
            "equity": 891099,
            "current_ratio": 181.69,
            "debt_ratio": 43.46,
            "inventory_turnover_ratio": 5.89,
            "account_receivable_turnover_ratio": 1.44,
            "reinvestment_rate": -336.6,
            "research_to_sale_ratio": 0.31,
            "price_fair": 59.73,
            "eps_avg_yearly": 1.71,
            "eps_latest_yearly": 3.2,
            "eps_growth_yearly": 822.07
        },
        "20161": {
            "year_quarter": 20161,
            "year": 2016,
            "quarter": 1,
            "eps": -0.12,
            "eps_growth_year": null,
            "eps_4q": 0.66,
            "eps_4q_growth_year": -52.93,
            "roe": -0.8,
            "roe_4q": 4.540000000000001,
            "gross_profit": 62092,
            "gross_margin": 20.38,
            "gross_margin_4q_avg": 23.5,
            "net_income": -7125,
            "revenue": 304736,
            "common_shares": 601117,
            "book_valuer_per_share": 14.7,
            "book_valuer_per_share_4q_avg": 14.58,
            "equity": 883726,
            "current_ratio": 179.03,
            "debt_ratio": 41.54,
            "inventory_turnover_ratio": 4.89,
            "account_receivable_turnover_ratio": 1.16,
            "reinvestment_rate": -355.55,
            "research_to_sale_ratio": 0.41,
            "price_fair": 63.18,
            "eps_avg_yearly": 1.81,
            "eps_latest_yearly": 3.2,
            "eps_growth_yearly": 962.97
        },
        "20162": {
            "year_quarter": 20162,
            "year": 2016,
            "quarter": 2,
            "eps": 0.28,
            "eps_growth_year": -30,
            "eps_4q": 0.55,
            "eps_4q_growth_year": -57.05,
            "roe": 1.92,
            "roe_4q": 3.7600000000000002,
            "gross_profit": 87074,
            "gross_margin": 24.32,
            "gross_margin_4q_avg": 23.36,
            "net_income": 16760,
            "revenue": 358080,
            "common_shares": 601117,
            "book_valuer_per_share": 14.35,
            "book_valuer_per_share_4q_avg": 14.57,
            "equity": 862648,
            "current_ratio": 186.56,
            "debt_ratio": 41.7,
            "inventory_turnover_ratio": 5.47,
            "account_receivable_turnover_ratio": 1.47,
            "reinvestment_rate": -353.35,
            "research_to_sale_ratio": 0.33,
            "price_fair": 59.8,
            "eps_avg_yearly": 1.71,
            "eps_latest_yearly": 3.2,
            "eps_growth_yearly": 1003.65
        },
        "20163": {
            "year_quarter": 20163,
            "year": 2016,
            "quarter": 3,
            "eps": -0.58,
            "eps_growth_year": null,
            "eps_4q": 0.01,
            "eps_4q_growth_year": -99.27,
            "roe": -4.11,
            "roe_4q": -0.08000000000000007,
            "gross_profit": 68315,
            "gross_margin": 20.93,
            "gross_margin_4q_avg": 23.08,
            "net_income": -34698,
            "revenue": 326359,
            "common_shares": 601117,
            "book_valuer_per_share": 13.76,
            "book_valuer_per_share_4q_avg": 14.41,
            "equity": 827156,
            "current_ratio": 187.94,
            "debt_ratio": 40.64,
            "inventory_turnover_ratio": 5.48,
            "account_receivable_turnover_ratio": 1.28,
            "reinvestment_rate": -524.05,
            "research_to_sale_ratio": 0.34,
            "price_fair": 68.6,
            "eps_avg_yearly": 1.96,
            "eps_latest_yearly": 3.2,
            "eps_growth_yearly": 1232.21
        },
        "20164": {
            "year_quarter": 20164,
            "year": 2016,
            "quarter": 4,
            "eps": 0.62,
            "eps_growth_year": 45.88,
            "eps_4q": 0.2,
            "eps_4q_growth_year": -73.5,
            "roe": 4.42,
            "roe_4q": 1.4299999999999995,
            "gross_profit": 108434,
            "gross_margin": 26.7,
            "gross_margin_4q_avg": 23.08,
            "net_income": 37273,
            "revenue": 406194,
            "common_shares": 601117,
            "book_valuer_per_share": 14.33,
            "book_valuer_per_share_4q_avg": 14.29,
            "equity": 861253,
            "current_ratio": 192.53,
            "debt_ratio": 42.44,
            "inventory_turnover_ratio": 6.49,
            "account_receivable_turnover_ratio": 1.43,
            "reinvestment_rate": -411.05,
            "research_to_sale_ratio": 0.25,
            "price_fair": 66.64,
            "eps_avg_yearly": 1.9,
            "eps_latest_yearly": 3.2,
            "eps_growth_yearly": 662.65
        },
        "20171": {
            "year_quarter": 20171,
            "year": 2017,
            "quarter": 1,
            "eps": 0.06,
            "eps_growth_year": null,
            "eps_4q": 0.38,
            "eps_4q_growth_year": -41.92,
            "roe": 0.44,
            "roe_4q": 2.67,
            "gross_profit": 74431,
            "gross_margin": 23.63,
            "gross_margin_4q_avg": 23.9,
            "net_income": 3785,
            "revenue": 314965,
            "common_shares": 601117,
            "book_valuer_per_share": 14.36,
            "book_valuer_per_share_4q_avg": 14.2,
            "equity": 863131,
            "current_ratio": 221.1,
            "debt_ratio": 38.3,
            "inventory_turnover_ratio": 5.09,
            "account_receivable_turnover_ratio": 1.13,
            "reinvestment_rate": -96.78,
            "research_to_sale_ratio": 0.11,
            "price_fair": 56.93,
            "eps_avg_yearly": 1.63,
            "eps_latest_yearly": 0.24,
            "eps_growth_yearly": 491.99
        },
        "20172": {
            "year_quarter": 20172,
            "year": 2017,
            "quarter": 2,
            "eps": 0.43,
            "eps_growth_year": 53.57,
            "eps_4q": 0.54,
            "eps_4q_growth_year": -2.05,
            "roe": 2.99,
            "roe_4q": 3.7399999999999993,
            "gross_profit": 94598,
            "gross_margin": 25.6,
            "gross_margin_4q_avg": 24.22,
            "net_income": 25814,
            "revenue": 369585,
            "common_shares": 601117,
            "book_valuer_per_share": 14.4,
            "book_valuer_per_share_4q_avg": 14.21,
            "equity": 865699,
            "current_ratio": 199.39,
            "debt_ratio": 39.67,
            "inventory_turnover_ratio": 5.53,
            "account_receivable_turnover_ratio": 1.42,
            "reinvestment_rate": -72.89,
            "research_to_sale_ratio": 0.12,
            "price_fair": 57.4,
            "eps_avg_yearly": 1.64,
            "eps_latest_yearly": 1.72,
            "eps_growth_yearly": 774.09
        },
        "20173": {
            "year_quarter": 20173,
            "year": 2017,
            "quarter": 3,
            "eps": 0.54,
            "eps_growth_year": null,
            "eps_4q": 1.64,
            "eps_4q_growth_year": 20188.1,
            "roe": 3.69,
            "roe_4q": 11.54,
            "gross_profit": 89284,
            "gross_margin": 25.66,
            "gross_margin_4q_avg": 25.4,
            "net_income": 32684,
            "revenue": 347967,
            "common_shares": 601117,
            "book_valuer_per_share": 14.94,
            "book_valuer_per_share_4q_avg": 14.51,
            "equity": 904968,
            "current_ratio": 193.67,
            "debt_ratio": 36.41,
            "inventory_turnover_ratio": 5.11,
            "account_receivable_turnover_ratio": 1.27,
            "reinvestment_rate": -32.33,
            "research_to_sale_ratio": 0.13,
            "price_fair": 59.68,
            "eps_avg_yearly": 1.71,
            "eps_latest_yearly": 2.16,
            "eps_growth_yearly": 690.12
        },
        "20174": {
            "year_quarter": 20174,
            "year": 2017,
            "quarter": 4,
            "eps": 0.49,
            "eps_growth_year": -21.58,
            "eps_4q": 1.49,
            "eps_4q_growth_year": 634.48,
            "roe": 3.24,
            "roe_4q": 10.36,
            "gross_profit": 110330,
            "gross_margin": 27.63,
            "gross_margin_4q_avg": 25.63,
            "net_income": 30114,
            "revenue": 399309,
            "common_shares": 605667,
            "book_valuer_per_share": 15.38,
            "book_valuer_per_share_4q_avg": 14.77,
            "equity": 952827,
            "current_ratio": 201.56,
            "debt_ratio": 38.78,
            "inventory_turnover_ratio": 5.21,
            "account_receivable_turnover_ratio": 1.33,
            "reinvestment_rate": 11.83,
            "research_to_sale_ratio": 0.14,
            "price_fair": 60.55,
            "eps_avg_yearly": 1.73,
            "eps_latest_yearly": 1.96,
            "eps_growth_yearly": 491.05
        },
        "20181": {
            "year_quarter": 20181,
            "year": 2018,
            "quarter": 1,
            "eps": 0.08,
            "eps_growth_year": 33.33,
            "eps_4q": 1.49,
            "eps_4q_growth_year": 288.69,
            "roe": 0.52,
            "roe_4q": 10.440000000000001,
            "gross_profit": 71089,
            "gross_margin": 22.06,
            "gross_margin_4q_avg": 25.24,
            "net_income": 4975,
            "revenue": 322275,
            "common_shares": 619327,
            "book_valuer_per_share": 15.47,
            "book_valuer_per_share_4q_avg": 15.05,
            "equity": 968197,
            "current_ratio": 247.74,
            "debt_ratio": 33.6,
            "inventory_turnover_ratio": 3.9,
            "account_receivable_turnover_ratio": 1.14,
            "reinvestment_rate": 18,
            "research_to_sale_ratio": 0.25,
            "price_fair": 55.13,
            "eps_avg_yearly": 1.58,
            "eps_latest_yearly": 0.32,
            "eps_growth_yearly": 454.89
        },
        "20182": {
            "year_quarter": 20182,
            "year": 2018,
            "quarter": 2,
            "eps": 0.19,
            "eps_growth_year": -55.81,
            "eps_4q": 1.27,
            "eps_4q_growth_year": 138.17,
            "roe": 1.29,
            "roe_4q": 8.74,
            "gross_profit": 79477,
            "gross_margin": 22.31,
            "gross_margin_4q_avg": 24.42,
            "net_income": 12031,
            "revenue": 356214,
            "common_shares": 626012,
            "book_valuer_per_share": 14.36,
            "book_valuer_per_share_4q_avg": 15.04,
            "equity": 899083,
            "current_ratio": 172.68,
            "debt_ratio": 42.14,
            "inventory_turnover_ratio": 4,
            "account_receivable_turnover_ratio": 1.38,
            "reinvestment_rate": -9.22,
            "research_to_sale_ratio": 0.26,
            "price_fair": 47.78,
            "eps_avg_yearly": 1.37,
            "eps_latest_yearly": 0.76,
            "eps_growth_yearly": 495.44
        },
        "20183": {
            "year_quarter": 20183,
            "year": 2018,
            "quarter": 3,
            "eps": 0.19,
            "eps_growth_year": -64.81,
            "eps_4q": 0.94,
            "eps_4q_growth_year": -42.95,
            "roe": 1.29,
            "roe_4q": 6.34,
            "gross_profit": 77770,
            "gross_margin": 22.13,
            "gross_margin_4q_avg": 23.53,
            "net_income": 11685,
            "revenue": 351470,
            "common_shares": 626012,
            "book_valuer_per_share": 14.49,
            "book_valuer_per_share_4q_avg": 14.93,
            "equity": 908581,
            "current_ratio": 222.57,
            "debt_ratio": 38.4,
            "inventory_turnover_ratio": 4.06,
            "account_receivable_turnover_ratio": 1.23,
            "reinvestment_rate": 10.11,
            "research_to_sale_ratio": 0.24,
            "price_fair": 48.65,
            "eps_avg_yearly": 1.39,
            "eps_latest_yearly": 0.76,
            "eps_growth_yearly": 533.96
        },
        "20184": {
            "year_quarter": 20184,
            "year": 2018,
            "quarter": 4,
            "eps": 0.51,
            "eps_growth_year": 4.12,
            "eps_4q": 0.96,
            "eps_4q_growth_year": -35.4,
            "roe": 3.43,
            "roe_4q": 6.530000000000001,
            "gross_profit": 108085,
            "gross_margin": 25.39,
            "gross_margin_4q_avg": 22.97,
            "net_income": 31749,
            "revenue": 425729,
            "common_shares": 627097,
            "book_valuer_per_share": 15,
            "book_valuer_per_share_4q_avg": 14.83,
            "equity": 940622,
            "current_ratio": 215.06,
            "debt_ratio": 38.5,
            "inventory_turnover_ratio": 5.24,
            "account_receivable_turnover_ratio": 1.36,
            "reinvestment_rate": 7.82,
            "research_to_sale_ratio": 0.31,
            "price_fair": 43.58,
            "eps_avg_yearly": 1.25,
            "eps_latest_yearly": 2.04,
            "eps_growth_yearly": 382.46
        },
        "20191": {
            "year_quarter": 20191,
            "year": 2019,
            "quarter": 1,
            "eps": -0.23,
            "eps_growth_year": -387.5,
            "eps_4q": 0.66,
            "eps_4q_growth_year": -56.11,
            "roe": -1.53,
            "roe_4q": 4.48,
            "gross_profit": 57358,
            "gross_margin": 18.73,
            "gross_margin_4q_avg": 22.14,
            "net_income": -14322,
            "revenue": 306237,
            "common_shares": 627097,
            "book_valuer_per_share": 14.81,
            "book_valuer_per_share_4q_avg": 14.67,
            "equity": 928560,
            "current_ratio": 225.21,
            "debt_ratio": 38.85,
            "inventory_turnover_ratio": 4.23,
            "account_receivable_turnover_ratio": 1.04,
            "reinvestment_rate": -30.59,
            "research_to_sale_ratio": 0.39,
            "price_fair": 43.58,
            "eps_avg_yearly": 1.25,
            "eps_latest_yearly": 2.04,
            "eps_growth_yearly": 382.46
        },
        "20192": {
            "year_quarter": 20192,
            "year": 2019,
            "quarter": 2,
            "eps": 0.13,
            "eps_growth_year": -31.58,
            "eps_4q": 0.59,
            "eps_4q_growth_year": -53.74,
            "roe": 0.87,
            "roe_4q": 4.0600000000000005,
            "gross_profit": 71686,
            "gross_margin": 21.36,
            "gross_margin_4q_avg": 21.9,
            "net_income": 7871,
            "revenue": 335547,
            "common_shares": 627097,
            "book_valuer_per_share": 14.07,
            "book_valuer_per_share_4q_avg": 14.59,
            "equity": 882373,
            "current_ratio": 188.36,
            "debt_ratio": 41.91,
            "inventory_turnover_ratio": 4.83,
            "account_receivable_turnover_ratio": 1.3,
            "reinvestment_rate": -52.03,
            "research_to_sale_ratio": 0.17,
            "price_fair": 43.58,
            "eps_avg_yearly": 1.25,
            "eps_latest_yearly": 2.04,
            "eps_growth_yearly": 382.46
        },
        "20193": {
            "year_quarter": 20193,
            "year": 2019,
            "quarter": 3,
            "eps": 0.08,
            "eps_growth_year": -57.89,
            "eps_4q": 0.48,
            "eps_4q_growth_year": -48.53,
            "roe": 0.56,
            "roe_4q": 3.33,
            "gross_profit": 64574,
            "gross_margin": 20.8,
            "gross_margin_4q_avg": 21.57,
            "net_income": 4980,
            "revenue": 310402,
            "common_shares": 627097,
            "book_valuer_per_share": 14.1,
            "book_valuer_per_share_4q_avg": 14.5,
            "equity": 884394,
            "current_ratio": 217.98,
            "debt_ratio": 37.75,
            "inventory_turnover_ratio": 5.12,
            "account_receivable_turnover_ratio": 1.22,
            "reinvestment_rate": -52.14,
            "research_to_sale_ratio": 0.14,
            "price_fair": 39.98,
            "eps_avg_yearly": 1.14,
            "eps_latest_yearly": 0.32,
            "eps_growth_yearly": 322.87
        },
        "20194": {
            "year_quarter": 20194,
            "year": 2019,
            "quarter": 4,
            "eps": 0.49,
            "eps_growth_year": -3.82,
            "eps_4q": 0.46,
            "eps_4q_growth_year": -51.91,
            "roe": 3.39,
            "roe_4q": 3.29,
            "gross_profit": 96123,
            "gross_margin": 26.27,
            "gross_margin_4q_avg": 21.79,
            "net_income": 30545,
            "revenue": 365890,
            "common_shares": 627297,
            "book_valuer_per_share": 14.61,
            "book_valuer_per_share_4q_avg": 14.4,
            "equity": 916636,
            "current_ratio": 216.15,
            "debt_ratio": 37.33,
            "inventory_turnover_ratio": 5.84,
            "account_receivable_turnover_ratio": 1.42,
            "reinvestment_rate": -45.87,
            "research_to_sale_ratio": 0.1,
            "price_fair": 42.84,
            "eps_avg_yearly": 1.22,
            "eps_latest_yearly": 1.96,
            "eps_growth_yearly": 495.58
        },
        "20201": {
            "year_quarter": 20201,
            "year": 2020,
            "quarter": 1,
            "eps": -0.11,
            "eps_growth_year": null,
            "eps_4q": 0.59,
            "eps_4q_growth_year": -10.59,
            "roe": -0.74,
            "roe_4q": 4.08,
            "gross_profit": 50443,
            "gross_margin": 19.1,
            "gross_margin_4q_avg": 21.88,
            "net_income": -6599,
            "revenue": 264075,
            "common_shares": 627297,
            "book_valuer_per_share": 13.99,
            "book_valuer_per_share_4q_avg": 14.19,
            "equity": 877753,
            "current_ratio": 211.53,
            "debt_ratio": 36.57,
            "inventory_turnover_ratio": 4.19,
            "account_receivable_turnover_ratio": 1.11,
            "reinvestment_rate": -44.11,
            "research_to_sale_ratio": 0.16,
            "price_fair": 42.84,
            "eps_avg_yearly": 1.22,
            "eps_latest_yearly": 1.96,
            "eps_growth_yearly": 495.58
        },
        "20202": {
            "year_quarter": 20202,
            "year": 2020,
            "quarter": 2,
            "eps": -0.03,
            "eps_growth_year": -123.08,
            "eps_4q": 0.46,
            "eps_4q_growth_year": -22.82,
            "roe": -0.19,
            "roe_4q": 3.02,
            "gross_profit": 52985,
            "gross_margin": 19.34,
            "gross_margin_4q_avg": 21.38,
            "net_income": -1598,
            "revenue": 273995,
            "common_shares": 627297,
            "book_valuer_per_share": 14.05,
            "book_valuer_per_share_4q_avg": 14.19,
            "equity": 843588,
            "current_ratio": 228.82,
            "debt_ratio": 39.12,
            "inventory_turnover_ratio": 4.21,
            "account_receivable_turnover_ratio": 1.32,
            "reinvestment_rate": -63.9,
            "research_to_sale_ratio": 0.14,
            "price_fair": 42.84,
            "eps_avg_yearly": 1.22,
            "eps_latest_yearly": 1.96,
            "eps_growth_yearly": 495.58
        },
        "20203": {
            "year_quarter": 20203,
            "year": 2020,
            "quarter": 3,
            "eps": 0.26,
            "eps_growth_year": 225,
            "eps_4q": 0.63,
            "eps_4q_growth_year": 30.8,
            "roe": 1.83,
            "roe_4q": 4.29,
            "gross_profit": 82610,
            "gross_margin": 24.48,
            "gross_margin_4q_avg": 22.3,
            "net_income": 15560,
            "revenue": 337450,
            "common_shares": 600417,
            "book_valuer_per_share": 14.33,
            "book_valuer_per_share_4q_avg": 14.25,
            "equity": 860521,
            "current_ratio": 220.45,
            "debt_ratio": 39.07,
            "inventory_turnover_ratio": 5.36,
            "account_receivable_turnover_ratio": 1.44,
            "reinvestment_rate": -28.52,
            "research_to_sale_ratio": 0.12,
            "price_fair": 42.84,
            "eps_avg_yearly": 1.22,
            "eps_latest_yearly": 1.96,
            "eps_growth_yearly": 495.58
        },
        "20204": {
            "year_quarter": 20204,
            "year": 2020,
            "quarter": 4,
            "eps": 0.64,
            "eps_growth_year": 32.45,
            "eps_4q": 0.77,
            "eps_4q_growth_year": 65.61,
            "roe": 4.4,
            "roe_4q": 5.3,
            "gross_profit": 106677,
            "gross_margin": 28.24,
            "gross_margin_4q_avg": 22.79,
            "net_income": 38722,
            "revenue": 377771,
            "common_shares": 600417,
            "book_valuer_per_share": 14.99,
            "book_valuer_per_share_4q_avg": 14.34,
            "equity": 899788,
            "current_ratio": 216,
            "debt_ratio": 39.07,
            "inventory_turnover_ratio": 5.62,
            "account_receivable_turnover_ratio": 1.4,
            "reinvestment_rate": -36.49,
            "research_to_sale_ratio": 0.11,
            "price_fair": 47.09,
            "eps_avg_yearly": 1.35,
            "eps_latest_yearly": 2.56,
            "eps_growth_yearly": 503.67
        },
        "20211": {
            "year_quarter": 20211,
            "year": 2021,
            "quarter": 1,
            "eps": 0.25,
            "eps_growth_year": null,
            "eps_4q": 1.12,
            "eps_4q_growth_year": 91.71,
            "roe": 1.67,
            "roe_4q": 7.71,
            "gross_profit": 76988,
            "gross_margin": 24.71,
            "gross_margin_4q_avg": 24.19,
            "net_income": 14836,
            "revenue": 311626,
            "common_shares": 600417,
            "book_valuer_per_share": 14.56,
            "book_valuer_per_share_4q_avg": 14.48,
            "equity": 874064,
            "current_ratio": 216.14,
            "debt_ratio": 37.95,
            "inventory_turnover_ratio": 4.64,
            "account_receivable_turnover_ratio": 1.2,
            "reinvestment_rate": -28.67,
            "research_to_sale_ratio": 0.13,
            "price_fair": 49.51,
            "eps_avg_yearly": 1.41,
            "eps_latest_yearly": 1,
            "eps_growth_yearly": 514.36
        },
        "20212": {
            "year_quarter": 20212,
            "year": 2021,
            "quarter": 2,
            "eps": 0.27,
            "eps_growth_year": null,
            "eps_4q": 1.42,
            "eps_4q_growth_year": 211.68,
            "roe": 1.82,
            "roe_4q": 9.72,
            "gross_profit": 83055,
            "gross_margin": 25.3,
            "gross_margin_4q_avg": 25.68,
            "net_income": 16057,
            "revenue": 328272,
            "common_shares": 600417,
            "book_valuer_per_share": 14.82,
            "book_valuer_per_share_4q_avg": 14.68,
            "equity": 889535,
            "current_ratio": 224.56,
            "debt_ratio": 36.15,
            "inventory_turnover_ratio": 3.97,
            "account_receivable_turnover_ratio": 1.36,
            "reinvestment_rate": -28.24,
            "research_to_sale_ratio": 0.12,
            "price_fair": 47.47,
            "eps_avg_yearly": 1.36,
            "eps_latest_yearly": 1.08,
            "eps_growth_yearly": 293.03
        },
        "20213": {
            "year_quarter": 20213,
            "year": 2021,
            "quarter": 3,
            "eps": 0.24,
            "eps_growth_year": -7.69,
            "eps_4q": 1.4,
            "eps_4q_growth_year": 121.9,
            "roe": 1.62,
            "roe_4q": 9.510000000000002,
            "gross_profit": 77001,
            "gross_margin": 23.95,
            "gross_margin_4q_avg": 25.55,
            "net_income": 14502,
            "revenue": 321456,
            "common_shares": 600417,
            "book_valuer_per_share": 15.06,
            "book_valuer_per_share_4q_avg": 14.86,
            "equity": 903967,
            "current_ratio": 235.15,
            "debt_ratio": 34.15,
            "inventory_turnover_ratio": 3.72,
            "account_receivable_turnover_ratio": 1.29,
            "reinvestment_rate": -44.19,
            "research_to_sale_ratio": 0.15,
            "price_fair": 43.65,
            "eps_avg_yearly": 1.25,
            "eps_latest_yearly": 0.96,
            "eps_growth_yearly": 279.68
        },
        "20214": {
            "year_quarter": 20214,
            "year": 2021,
            "quarter": 4,
            "eps": 1.21,
            "eps_growth_year": 87.27,
            "eps_4q": 1.96,
            "eps_4q_growth_year": 155.85,
            "roe": 7.69,
            "roe_4q": 12.8,
            "gross_profit": 109162,
            "gross_margin": 28.41,
            "gross_margin_4q_avg": 25.59,
            "net_income": 72514,
            "revenue": 384241,
            "common_shares": 600417,
            "book_valuer_per_share": 16.35,
            "book_valuer_per_share_4q_avg": 15.2,
            "equity": 981459,
            "current_ratio": 235.86,
            "debt_ratio": 33,
            "inventory_turnover_ratio": 4.49,
            "account_receivable_turnover_ratio": 1.38,
            "reinvestment_rate": -74.47,
            "research_to_sale_ratio": 0.1,
            "price_fair": 52.82,
            "eps_avg_yearly": 1.51,
            "eps_latest_yearly": 4.84,
            "eps_growth_yearly": 430.02
        },
        "20221": {
            "year_quarter": 20221,
            "year": 2022,
            "quarter": 1,
            "eps": 0.33,
            "eps_growth_year": 32,
            "eps_4q": 2.05,
            "eps_4q_growth_year": 82.03,
            "roe": 2.11,
            "roe_4q": 13.240000000000002,
            "gross_profit": 82452,
            "gross_margin": 25.24,
            "gross_margin_4q_avg": 25.73,
            "net_income": 19834,
            "revenue": 326661,
            "common_shares": 600417,
            "book_valuer_per_share": 14.94,
            "book_valuer_per_share_4q_avg": 15.29,
            "equity": 897293,
            "current_ratio": 198.38,
            "debt_ratio": 36.43,
            "inventory_turnover_ratio": 3.86,
            "account_receivable_turnover_ratio": 1.18,
            "reinvestment_rate": -72.7,
            "research_to_sale_ratio": 0.13,
            "price_fair": 56,
            "eps_avg_yearly": 1.6,
            "eps_latest_yearly": 1.32,
            "eps_growth_yearly": 434
        },
        "20222": {
            "year_quarter": 20222,
            "year": 2022,
            "quarter": 2,
            "eps": 0.51,
            "eps_growth_year": 88.89,
            "eps_4q": 2.29,
            "eps_4q_growth_year": 61.38,
            "roe": 3.35,
            "roe_4q": 14.77,
            "gross_profit": 99541,
            "gross_margin": 26.9,
            "gross_margin_4q_avg": 26.13,
            "net_income": 30607,
            "revenue": 370038,
            "common_shares": 600417,
            "book_valuer_per_share": 15.45,
            "book_valuer_per_share_4q_avg": 15.45,
            "equity": 927900,
            "current_ratio": 242.49,
            "debt_ratio": 30.73,
            "inventory_turnover_ratio": 4.29,
            "account_receivable_turnover_ratio": 1.41,
            "reinvestment_rate": -67.96,
            "research_to_sale_ratio": 0.12,
            "price_fair": 60.07,
            "eps_avg_yearly": 1.72,
            "eps_latest_yearly": 2.04,
            "eps_growth_yearly": 403.84
        },
        "20223": {
            "year_quarter": 20223,
            "year": 2022,
            "quarter": 3,
            "eps": 0.65,
            "eps_growth_year": 170.83,
            "eps_4q": 2.7,
            "eps_4q_growth_year": 92.47,
            "roe": 4.11,
            "roe_4q": 17.26,
            "gross_profit": 103411,
            "gross_margin": 26.69,
            "gross_margin_4q_avg": 26.81,
            "net_income": 38944,
            "revenue": 387522,
            "common_shares": 600417,
            "book_valuer_per_share": 16.1,
            "book_valuer_per_share_4q_avg": 15.71,
            "equity": 966844,
            "current_ratio": 246.64,
            "debt_ratio": 30.1,
            "inventory_turnover_ratio": 4.58,
            "account_receivable_turnover_ratio": 1.33,
            "reinvestment_rate": -76.05,
            "research_to_sale_ratio": 0.13,
            "price_fair": 65.93,
            "eps_avg_yearly": 1.88,
            "eps_latest_yearly": 2.6,
            "eps_growth_yearly": 413.82
        },
        "20224": {
            "year_quarter": 20224,
            "year": 2022,
            "quarter": 4,
            "eps": 0.73,
            "eps_growth_year": -39.76,
            "eps_4q": 2.22,
            "eps_4q_growth_year": 12.86,
            "roe": 4.41,
            "roe_4q": 13.979999999999999,
            "gross_profit": 123556,
            "gross_margin": 27.34,
            "gross_margin_4q_avg": 26.54,
            "net_income": 43685,
            "revenue": 451954,
            "common_shares": 600417,
            "book_valuer_per_share": 16.89,
            "book_valuer_per_share_4q_avg": 15.85,
            "equity": 1014144,
            "current_ratio": 241.17,
            "debt_ratio": 31.53,
            "inventory_turnover_ratio": 5.22,
            "account_receivable_turnover_ratio": 1.37,
            "reinvestment_rate": -66.56,
            "research_to_sale_ratio": 0.22,
            "price_fair": 68.73,
            "eps_avg_yearly": 1.96,
            "eps_latest_yearly": 2.92,
            "eps_growth_yearly": 357.05
        },
        "20231": {
            "year_quarter": 20231,
            "year": 2023,
            "quarter": 1,
            "eps": 0.12,
            "eps_growth_year": -63.64,
            "eps_4q": 2.01,
            "eps_4q_growth_year": -2,
            "roe": 0.75,
            "roe_4q": 12.62,
            "gross_profit": 72143,
            "gross_margin": 22.35,
            "gross_margin_4q_avg": 25.82,
            "net_income": 7217,
            "revenue": 322793,
            "common_shares": 600417,
            "book_valuer_per_share": 15.01,
            "book_valuer_per_share_4q_avg": 15.86,
            "equity": 901361,
            "current_ratio": 189.48,
            "debt_ratio": 36.32,
            "inventory_turnover_ratio": 3.74,
            "account_receivable_turnover_ratio": 1.04,
            "reinvestment_rate": -60.28,
            "research_to_sale_ratio": 0.23,
            "price_fair": 64.4,
            "eps_avg_yearly": 1.84,
            "eps_latest_yearly": 0.48,
            "eps_growth_yearly": 299.44
        }
    },
    "months": {
        "2008-07": {
            "month": "2008-07",
            "price": "24.25",
            "revenue": 73497
        },
        "2008-08": {
            "month": "2008-08",
            "price": "20.65",
            "revenue": 73138
        },
        "2008-09": {
            "month": "2008-09",
            "price": "19.77",
            "revenue": 65469
        },
        "2008-10": {
            "month": "2008-10",
            "price": "17.43",
            "revenue": 76674
        },
        "2008-11": {
            "month": "2008-11",
            "price": "17.80",
            "revenue": 74665
        },
        "2008-12": {
            "month": "2008-12",
            "price": "13.42",
            "revenue": 87238
        },
        "2009-01": {
            "month": "2009-01",
            "price": "12.89",
            "revenue": 50922
        },
        "2009-02": {
            "month": "2009-02",
            "price": "13.14",
            "revenue": 60185
        },
        "2009-03": {
            "month": "2009-03",
            "price": "13.13",
            "revenue": 68643
        },
        "2009-04": {
            "month": "2009-04",
            "price": "14.17",
            "revenue": 79418
        },
        "2009-05": {
            "month": "2009-05",
            "price": "16.23",
            "revenue": 81850
        },
        "2009-06": {
            "month": "2009-06",
            "price": "17.29",
            "revenue": 91949
        },
        "2009-07": {
            "month": "2009-07",
            "price": "18.96",
            "revenue": 84927
        },
        "2009-08": {
            "month": "2009-08",
            "price": "19.23",
            "revenue": 70440
        },
        "2009-09": {
            "month": "2009-09",
            "price": "21.56",
            "revenue": 78782
        },
        "2009-10": {
            "month": "2009-10",
            "price": "23.16",
            "revenue": 93381
        },
        "2009-11": {
            "month": "2009-11",
            "price": "22.64",
            "revenue": 99271
        },
        "2009-12": {
            "month": "2009-12",
            "price": "26.84",
            "revenue": 113565
        },
        "2010-01": {
            "month": "2010-01",
            "price": "29.45",
            "revenue": 85275
        },
        "2010-02": {
            "month": "2010-02",
            "price": "29.85",
            "revenue": 55393
        },
        "2010-03": {
            "month": "2010-03",
            "price": "32.02",
            "revenue": 91940
        },
        "2010-04": {
            "month": "2010-04",
            "price": "39.44",
            "revenue": 103278
        },
        "2010-05": {
            "month": "2010-05",
            "price": "51.05",
            "revenue": 110314
        },
        "2010-06": {
            "month": "2010-06",
            "price": "48.88",
            "revenue": 120102
        },
        "2010-07": {
            "month": "2010-07",
            "price": "45.88",
            "revenue": 92481
        },
        "2010-08": {
            "month": "2010-08",
            "price": "48.47",
            "revenue": 89784
        },
        "2010-09": {
            "month": "2010-09",
            "price": "47.54",
            "revenue": 96034
        },
        "2010-10": {
            "month": "2010-10",
            "price": "43.61",
            "revenue": 111733
        },
        "2010-11": {
            "month": "2010-11",
            "price": "36.87",
            "revenue": 120867
        },
        "2010-12": {
            "month": "2010-12",
            "price": "37.30",
            "revenue": 126478
        },
        "2011-01": {
            "month": "2011-01",
            "price": "34.48",
            "revenue": 94452
        },
        "2011-02": {
            "month": "2011-02",
            "price": "32.68",
            "revenue": 59964
        },
        "2011-03": {
            "month": "2011-03",
            "price": "33.09",
            "revenue": 103378
        },
        "2011-04": {
            "month": "2011-04",
            "price": "35.46",
            "revenue": 101274
        },
        "2011-05": {
            "month": "2011-05",
            "price": "31.76",
            "revenue": 105153
        },
        "2011-06": {
            "month": "2011-06",
            "price": "30.13",
            "revenue": 114267
        },
        "2011-07": {
            "month": "2011-07",
            "price": "27.39",
            "revenue": 94653
        },
        "2011-08": {
            "month": "2011-08",
            "price": "20.48",
            "revenue": 98250
        },
        "2011-09": {
            "month": "2011-09",
            "price": "19.51",
            "revenue": 96530
        },
        "2011-10": {
            "month": "2011-10",
            "price": "18.85",
            "revenue": 103384
        },
        "2011-11": {
            "month": "2011-11",
            "price": "17.44",
            "revenue": 118506
        },
        "2011-12": {
            "month": "2011-12",
            "price": "14.33",
            "revenue": 138873
        },
        "2012-01": {
            "month": "2012-01",
            "price": "14.39",
            "revenue": 74740
        },
        "2012-02": {
            "month": "2012-02",
            "price": "17.54",
            "revenue": 82919
        },
        "2012-03": {
            "month": "2012-03",
            "price": "18.95",
            "revenue": 107249
        },
        "2012-04": {
            "month": "2012-04",
            "price": "18.26",
            "revenue": 98010
        },
        "2012-05": {
            "month": "2012-05",
            "price": "18.54",
            "revenue": 112466
        },
        "2012-06": {
            "month": "2012-06",
            "price": "18.54",
            "revenue": 121660
        },
        "2012-07": {
            "month": "2012-07",
            "price": "18.20",
            "revenue": 92769
        },
        "2012-08": {
            "month": "2012-08",
            "price": "17.15",
            "revenue": 97168
        },
        "2012-09": {
            "month": "2012-09",
            "price": "17.28",
            "revenue": 98698
        },
        "2012-10": {
            "month": "2012-10",
            "price": "16.61",
            "revenue": 105599
        },
        "2012-11": {
            "month": "2012-11",
            "price": "15.33",
            "revenue": 117888
        },
        "2012-12": {
            "month": "2012-12",
            "price": "15.57",
            "revenue": 122178
        },
        "2013-01": {
            "month": "2013-01",
            "price": "16.33",
            "revenue": 130167
        },
        "2013-02": {
            "month": "2013-02",
            "price": "16.65",
            "revenue": 71461
        },
        "2013-03": {
            "month": "2013-03",
            "price": "16.84",
            "revenue": 125099
        },
        "2013-04": {
            "month": "2013-04",
            "price": "16.60",
            "revenue": 109367
        },
        "2013-05": {
            "month": "2013-05",
            "price": "15.18",
            "revenue": 109375
        },
        "2013-06": {
            "month": "2013-06",
            "price": "15.41",
            "revenue": 120952
        },
        "2013-07": {
            "month": "2013-07",
            "price": "15.21",
            "revenue": 99146
        },
        "2013-08": {
            "month": "2013-08",
            "price": "12.83",
            "revenue": 97248
        },
        "2013-09": {
            "month": "2013-09",
            "price": "12.69",
            "revenue": 97155
        },
        "2013-10": {
            "month": "2013-10",
            "price": "12.82",
            "revenue": 113145
        },
        "2013-11": {
            "month": "2013-11",
            "price": "12.75",
            "revenue": 124727
        },
        "2013-12": {
            "month": "2013-12",
            "price": "13.04",
            "revenue": 131081
        },
        "2014-01": {
            "month": "2014-01",
            "price": "14.74",
            "revenue": 100381
        },
        "2014-02": {
            "month": "2014-02",
            "price": "14.32",
            "revenue": 82106
        },
        "2014-03": {
            "month": "2014-03",
            "price": "15.16",
            "revenue": 110555
        },
        "2014-04": {
            "month": "2014-04",
            "price": "15.40",
            "revenue": 115753
        },
        "2014-05": {
            "month": "2014-05",
            "price": "15.38",
            "revenue": 120161
        },
        "2014-06": {
            "month": "2014-06",
            "price": "17.14",
            "revenue": 115367
        },
        "2014-07": {
            "month": "2014-07",
            "price": "16.90",
            "revenue": 107690
        },
        "2014-08": {
            "month": "2014-08",
            "price": "17.86",
            "revenue": 112066
        },
        "2014-09": {
            "month": "2014-09",
            "price": "18.94",
            "revenue": 117993
        },
        "2014-10": {
            "month": "2014-10",
            "price": "17.74",
            "revenue": 150929
        },
        "2014-11": {
            "month": "2014-11",
            "price": "16.36",
            "revenue": 152627
        },
        "2014-12": {
            "month": "2014-12",
            "price": "15.98",
            "revenue": 134770
        },
        "2015-01": {
            "month": "2015-01",
            "price": "15.91",
            "revenue": 113568
        },
        "2015-02": {
            "month": "2015-02",
            "price": "15.73",
            "revenue": 77401
        },
        "2015-03": {
            "month": "2015-03",
            "price": "16.72",
            "revenue": 112499
        },
        "2015-04": {
            "month": "2015-04",
            "price": "17.24",
            "revenue": 109507
        },
        "2015-05": {
            "month": "2015-05",
            "price": "15.55",
            "revenue": 106901
        },
        "2015-06": {
            "month": "2015-06",
            "price": "14.73",
            "revenue": 131927
        },
        "2015-07": {
            "month": "2015-07",
            "price": "13.45",
            "revenue": 109147
        },
        "2015-08": {
            "month": "2015-08",
            "price": "12.59",
            "revenue": 102576
        },
        "2015-09": {
            "month": "2015-09",
            "price": "12.10",
            "revenue": 103550
        },
        "2015-10": {
            "month": "2015-10",
            "price": "13.00",
            "revenue": 122398
        },
        "2015-11": {
            "month": "2015-11",
            "price": "12.15",
            "revenue": 130112
        },
        "2015-12": {
            "month": "2015-12",
            "price": "11.90",
            "revenue": 147636
        },
        "2016-01": {
            "month": "2016-01",
            "price": "11.90",
            "revenue": 124021
        },
        "2016-02": {
            "month": "2016-02",
            "price": "12.04",
            "revenue": 65248
        },
        "2016-03": {
            "month": "2016-03",
            "price": "12.20",
            "revenue": 115471
        },
        "2016-04": {
            "month": "2016-04",
            "price": "11.88",
            "revenue": 108982
        },
        "2016-05": {
            "month": "2016-05",
            "price": "11.38",
            "revenue": 113885
        },
        "2016-06": {
            "month": "2016-06",
            "price": "11.10",
            "revenue": 135373
        },
        "2016-07": {
            "month": "2016-07",
            "price": "10.70",
            "revenue": 108247
        },
        "2016-08": {
            "month": "2016-08",
            "price": "10.88",
            "revenue": 116039
        },
        "2016-09": {
            "month": "2016-09",
            "price": "10.93",
            "revenue": 102540
        },
        "2016-10": {
            "month": "2016-10",
            "price": "11.04",
            "revenue": 120191
        },
        "2016-11": {
            "month": "2016-11",
            "price": "10.38",
            "revenue": 143756
        },
        "2016-12": {
            "month": "2016-12",
            "price": "10.07",
            "revenue": 142822
        },
        "2017-01": {
            "month": "2017-01",
            "price": "10.09",
            "revenue": 94951
        },
        "2017-02": {
            "month": "2017-02",
            "price": "10.25",
            "revenue": 87707
        },
        "2017-03": {
            "month": "2017-03",
            "price": "11.29",
            "revenue": 132547
        },
        "2017-04": {
            "month": "2017-04",
            "price": "11.06",
            "revenue": 113284
        },
        "2017-05": {
            "month": "2017-05",
            "price": "11.25",
            "revenue": 118801
        },
        "2017-06": {
            "month": "2017-06",
            "price": "11.46",
            "revenue": 137822
        },
        "2017-07": {
            "month": "2017-07",
            "price": "11.33",
            "revenue": 109087
        },
        "2017-08": {
            "month": "2017-08",
            "price": "13.27",
            "revenue": 113267
        },
        "2017-09": {
            "month": "2017-09",
            "price": "13.95",
            "revenue": 125298
        },
        "2017-10": {
            "month": "2017-10",
            "price": "15.96",
            "revenue": 113716
        },
        "2017-11": {
            "month": "2017-11",
            "price": "17.49",
            "revenue": 146148
        },
        "2017-12": {
            "month": "2017-12",
            "price": "15.93",
            "revenue": 139151
        },
        "2018-01": {
            "month": "2018-01",
            "price": "15.41",
            "revenue": 128312
        },
        "2018-02": {
            "month": "2018-02",
            "price": "15.96",
            "revenue": 68640
        },
        "2018-03": {
            "month": "2018-03",
            "price": "18.62",
            "revenue": 125241
        },
        "2018-04": {
            "month": "2018-04",
            "price": "17.74",
            "revenue": 104091
        },
        "2018-05": {
            "month": "2018-05",
            "price": "16.72",
            "revenue": 121992
        },
        "2018-06": {
            "month": "2018-06",
            "price": "16.26",
            "revenue": 129984
        },
        "2018-07": {
            "month": "2018-07",
            "price": "14.63",
            "revenue": 110466
        },
        "2018-08": {
            "month": "2018-08",
            "price": "13.61",
            "revenue": 117198
        },
        "2018-09": {
            "month": "2018-09",
            "price": "13.42",
            "revenue": 124186
        },
        "2018-10": {
            "month": "2018-10",
            "price": "12.41",
            "revenue": 148890
        },
        "2018-11": {
            "month": "2018-11",
            "price": "12.17",
            "revenue": 147790
        },
        "2018-12": {
            "month": "2018-12",
            "price": "12.19",
            "revenue": 129493
        },
        "2019-01": {
            "month": "2019-01",
            "price": "11.93",
            "revenue": 114463
        },
        "2019-02": {
            "month": "2019-02",
            "price": "12.00",
            "revenue": 82955
        },
        "2019-03": {
            "month": "2019-03",
            "price": "13.04",
            "revenue": 108746
        },
        "2019-04": {
            "month": "2019-04",
            "price": "13.27",
            "revenue": 103678
        },
        "2019-05": {
            "month": "2019-05",
            "price": "12.53",
            "revenue": 113193
        },
        "2019-06": {
            "month": "2019-06",
            "price": "12.25",
            "revenue": 117799
        },
        "2019-07": {
            "month": "2019-07",
            "price": "12.01",
            "revenue": 108593
        },
        "2019-08": {
            "month": "2019-08",
            "price": "11.91",
            "revenue": 103871
        },
        "2019-09": {
            "month": "2019-09",
            "price": "11.94",
            "revenue": 98096
        },
        "2019-10": {
            "month": "2019-10",
            "price": "11.81",
            "revenue": 115518
        },
        "2019-11": {
            "month": "2019-11",
            "price": "11.67",
            "revenue": 120134
        },
        "2019-12": {
            "month": "2019-12",
            "price": "11.50",
            "revenue": 130433
        },
        "2020-01": {
            "month": "2020-01",
            "price": "11.30",
            "revenue": 74868
        },
        "2020-02": {
            "month": "2020-02",
            "price": "11.00",
            "revenue": 92861
        },
        "2020-03": {
            "month": "2020-03",
            "price": "10.59",
            "revenue": 96346
        },
        "2020-04": {
            "month": "2020-04",
            "price": "11.57",
            "revenue": 83767
        },
        "2020-05": {
            "month": "2020-05",
            "price": "11.89",
            "revenue": 83510
        },
        "2020-06": {
            "month": "2020-06",
            "price": "11.71",
            "revenue": 106719
        },
        "2020-07": {
            "month": "2020-07",
            "price": "11.39",
            "revenue": 112322
        },
        "2020-08": {
            "month": "2020-08",
            "price": "11.13",
            "revenue": 107868
        },
        "2020-09": {
            "month": "2020-09",
            "price": "11.23",
            "revenue": 117259
        },
        "2020-10": {
            "month": "2020-10",
            "price": "10.90",
            "revenue": 109403
        },
        "2020-11": {
            "month": "2020-11",
            "price": "10.94",
            "revenue": 129316
        },
        "2020-12": {
            "month": "2020-12",
            "price": "11.82",
            "revenue": 139052
        },
        "2021-01": {
            "month": "2021-01",
            "price": "11.91",
            "revenue": 120424
        },
        "2021-02": {
            "month": "2021-02",
            "price": "13.40",
            "revenue": 76620
        },
        "2021-03": {
            "month": "2021-03",
            "price": "14.37",
            "revenue": 114582
        },
        "2021-04": {
            "month": "2021-04",
            "price": "14.60",
            "revenue": 115493
        },
        "2021-05": {
            "month": "2021-05",
            "price": "14.54",
            "revenue": 102485
        },
        "2021-06": {
            "month": "2021-06",
            "price": "15.03",
            "revenue": 110295
        },
        "2021-07": {
            "month": "2021-07",
            "price": "14.22",
            "revenue": 106551
        },
        "2021-08": {
            "month": "2021-08",
            "price": "14.01",
            "revenue": 111218
        },
        "2021-09": {
            "month": "2021-09",
            "price": "14.00",
            "revenue": 103687
        },
        "2021-10": {
            "month": "2021-10",
            "price": "13.83",
            "revenue": 115617
        },
        "2021-11": {
            "month": "2021-11",
            "price": "14.01",
            "revenue": 131209
        },
        "2021-12": {
            "month": "2021-12",
            "price": "15.14",
            "revenue": 137415
        },
        "2022-01": {
            "month": "2022-01",
            "price": "15.85",
            "revenue": 116694
        },
        "2022-02": {
            "month": "2022-02",
            "price": "17.35",
            "revenue": 87750
        },
        "2022-03": {
            "month": "2022-03",
            "price": "19.32",
            "revenue": 122216
        },
        "2022-04": {
            "month": "2022-04",
            "price": "16.53",
            "revenue": 112131
        },
        "2022-05": {
            "month": "2022-05",
            "price": "16.01",
            "revenue": 124946
        },
        "2022-06": {
            "month": "2022-06",
            "price": "16.56",
            "revenue": 132962
        },
        "2022-07": {
            "month": "2022-07",
            "price": "16.90",
            "revenue": 121097
        },
        "2022-08": {
            "month": "2022-08",
            "price": "18.52",
            "revenue": 131957
        },
        "2022-09": {
            "month": "2022-09",
            "price": "20.75",
            "revenue": 134469
        },
        "2022-10": {
            "month": "2022-10",
            "price": "20.69",
            "revenue": 152723
        },
        "2022-11": {
            "month": "2022-11",
            "price": "21.33",
            "revenue": 159795
        },
        "2022-12": {
            "month": "2022-12",
            "price": "20.96",
            "revenue": 139436
        },
        "2023-01": {
            "month": "2023-01",
            "price": "20.99",
            "revenue": 85294
        },
        "2023-02": {
            "month": "2023-02",
            "price": "22.75",
            "revenue": 110385
        },
        "2023-03": {
            "month": "2023-03",
            "price": "23.81",
            "revenue": 127114
        },
        "2023-04": {
            "month": "2023-04",
            "price": "21.61",
            "revenue": 113915
        },
        "2023-05": {
            "month": "2023-05",
            "price": "21.06",
            "revenue": 130246
        }
    }
}
