{
    "summary": {
        "stock_name": "盛弘",
        "stock_id": "8403",
        "category": "生技醫療",
        "main_business": "西藥批發業<br>租賃業<br>管理顧問業",
        "website_url": "http://www.share-hope.com",
        "ceo": "劉慶文",
        "pe_ratio": 100,
        "report_year_from": 2008,
        "report_year_to": 2023,
        "age": 16,
        "eps_negative_percentage": 0,
        "eps_growth_avg": {
            "last_all": 5.33,
            "last_2y": -20.36,
            "last_4y": -3.4,
            "last_8y": 2.04,
            "last_12y": 1.79,
            "last_16y": null,
            "last_20y": null,
            "at_2006_last_3y": null,
            "at_2007_last_3y": null,
            "at_2008_last_3y": null,
            "at_2009_last_3y": null,
            "at_2010_last_3y": null,
            "at_2011_last_3y": null,
            "at_2012_last_3y": null,
            "at_2013_last_3y": 10.9,
            "at_2014_last_3y": 1.23,
            "at_2015_last_3y": 36.66,
            "at_2016_last_3y": 16.49,
            "at_2017_last_3y": 13.54,
            "at_2018_last_3y": 8.83,
            "at_2019_last_3y": -8.97,
            "at_2020_last_3y": 9.04,
            "at_2021_last_3y": 7.2,
            "at_2022_last_3y": 14.25,
            "at_2023_last_3y": -10.91,
            "at_2024_last_3y": -10.91,
            "at_2006_last_all": null,
            "at_2007_last_all": null,
            "at_2008_last_all": null,
            "at_2009_last_all": null,
            "at_2010_last_all": null,
            "at_2011_last_all": 3.78,
            "at_2012_last_all": 11.2,
            "at_2013_last_all": 10.9,
            "at_2014_last_all": 11.27,
            "at_2015_last_all": 25.7,
            "at_2016_last_all": 14.22,
            "at_2017_last_all": 12.22,
            "at_2018_last_all": 10.19,
            "at_2019_last_all": 11.83,
            "at_2020_last_all": 12.34,
            "at_2021_last_all": 10.55,
            "at_2022_last_all": 11.44,
            "at_2023_last_all": 5.33,
            "at_2024_last_all": 5.33
        },
        "latest_eps": 0.32,
        "latest_price": 32.75,
        "latest_roe": -1.33,
        "latest_gross_margin": 15.2,
        "latest_equity": 3990552,
        "latest_revenue": 969074,
        "latest_gross_profit": 147292,
        "latest_net_income": -6113,
        "latest_debt_ratio": 46.15,
        "latest_current_ratio": 168.9,
        "latest_account_receivable_turnover_ratio": 0.81,
        "latest_inventory_turnover_ratio": 2.64,
        "latest_reinvestment_rate": 154.6,
        "latest_research_to_sale_ratio": 0.42
    },
    "eps_dividends": {
        "2001": {
            "cash": 0,
            "stock": 0,
            "eps": 0
        },
        "2002": {
            "cash": 0,
            "stock": 0,
            "eps": 0
        },
        "2003": {
            "cash": 0,
            "stock": 0,
            "eps": 0
        },
        "2004": {
            "cash": 0,
            "stock": 0,
            "eps": 0
        },
        "2005": {
            "cash": 0,
            "stock": 0,
            "eps": 0
        },
        "2006": {
            "cash": 0,
            "stock": 0,
            "eps": 0
        },
        "2007": {
            "cash": 0,
            "stock": 0,
            "eps": 0
        },
        "2008": {
            "cash": 0,
            "stock": 0,
            "eps": 0
        },
        "2009": {
            "cash": 1,
            "stock": 0.8,
            "eps": 1.4
        },
        "2010": {
            "cash": 1,
            "stock": 0.8,
            "eps": 2.12
        },
        "2011": {
            "cash": 1.5,
            "stock": 0.3,
            "eps": 1.19
        },
        "2012": {
            "cash": 0.5,
            "stock": 0.5,
            "eps": 1.5
        },
        "2013": {
            "cash": 0.5,
            "stock": 0.5,
            "eps": 1.65
        },
        "2014": {
            "cash": 0.5,
            "stock": 0.5,
            "eps": 1.86
        },
        "2015": {
            "cash": 0.5,
            "stock": 0.5,
            "eps": 3.68
        },
        "2016": {
            "cash": 1.5,
            "stock": 0,
            "eps": 1.67
        },
        "2017": {
            "cash": 0.5,
            "stock": 0.5,
            "eps": 1.64
        },
        "2018": {
            "cash": 0.5,
            "stock": 0.5,
            "eps": 1.54
        },
        "2019": {
            "cash": 0.5,
            "stock": 0.5,
            "eps": 1.95
        },
        "2020": {
            "cash": 0,
            "stock": 0.5,
            "eps": 2.29
        },
        "2021": {
            "cash": 0.5,
            "stock": 0.5,
            "eps": 2.08
        },
        "2022": {
            "cash": 0.5,
            "stock": 0.5,
            "eps": 2.54
        },
        "2023": {
            "cash": 0.5,
            "stock": 0.5,
            "eps": 0.66
        }
    },
    "dividends": {
        "2009-04-22": {
            "cash": 1,
            "stock": 0.8
        },
        "2010-04-21": {
            "cash": 1,
            "stock": 0.8
        },
        "2011-03-31": {
            "cash": 1.5,
            "stock": 0.3
        },
        "2012-06-29": {
            "cash": 0.5,
            "stock": 0.5
        },
        "2013-06-20": {
            "cash": 0.5,
            "stock": 0.5
        },
        "2014-10-21": {
            "cash": 0.5,
            "stock": 0.5
        },
        "2015-10-21": {
            "cash": 0.5,
            "stock": 0.5
        },
        "2016-09-23": {
            "cash": 1.5,
            "stock": 0
        },
        "2017-10-18": {
            "cash": 0.5,
            "stock": 0.5
        },
        "2018-10-26": {
            "cash": 0.5,
            "stock": 0.5
        },
        "2019-10-08": {
            "cash": 0.5,
            "stock": 0.5
        },
        "2020-05-08": {
            "cash": 0,
            "stock": 0.5
        },
        "2021-10-25": {
            "cash": 0.5,
            "stock": 0.5
        },
        "2022-10-04": {
            "cash": 0.5,
            "stock": 0.5
        },
        "2023-10-03": {
            "cash": 0.5,
            "stock": 0.5
        }
    },
    "prices": {
        "200101": "無",
        "200102": "無",
        "200103": "無",
        "200104": "無",
        "200105": "無",
        "200106": "無",
        "200107": "無",
        "200108": "無",
        "200109": "無",
        "200110": "無",
        "200111": "無",
        "200112": "無",
        "200201": "無",
        "200202": "無",
        "200203": "無",
        "200204": "無",
        "200205": "無",
        "200206": "無",
        "200207": "無",
        "200208": "無",
        "200209": "無",
        "200210": "無",
        "200211": "無",
        "200212": "無",
        "200301": "無",
        "200302": "無",
        "200303": "無",
        "200304": "無",
        "200305": "無",
        "200306": "無",
        "200307": "無",
        "200308": "無",
        "200309": "無",
        "200310": "無",
        "200311": "無",
        "200312": "無",
        "200401": "無",
        "200402": "無",
        "200403": "無",
        "200404": "無",
        "200405": "無",
        "200406": "無",
        "200407": "無",
        "200408": "無",
        "200409": "無",
        "200410": "無",
        "200411": "無",
        "200412": "無",
        "200501": "無",
        "200502": "無",
        "200503": "無",
        "200504": "無",
        "200505": "無",
        "200506": "無",
        "200507": "無",
        "200508": "無",
        "200509": "無",
        "200510": "無",
        "200511": "無",
        "200512": "無",
        "200601": "無",
        "200602": "無",
        "200603": "無",
        "200604": "無",
        "200605": "無",
        "200606": "無",
        "200607": "無",
        "200608": "無",
        "200609": "無",
        "200610": "無",
        "200611": "無",
        "200612": "無",
        "200701": "無",
        "200702": "無",
        "200703": "無",
        "200704": "無",
        "200705": "無",
        "200706": "無",
        "200707": "無",
        "200708": "無",
        "200709": "無",
        "200710": "無",
        "200711": "無",
        "200712": "無",
        "200801": "無",
        "200802": "無",
        "200803": "無",
        "200804": "無",
        "200805": "無",
        "200806": "無",
        "200807": "無",
        "200808": "無",
        "200809": "無",
        "200810": "無",
        "200811": "無",
        "200812": "21.35",
        "200901": "22.55",
        "200902": "23.05",
        "200903": "26.79",
        "200904": "32.74",
        "200905": "35.85",
        "200906": "37.94",
        "200907": "45.18",
        "200908": "43.40",
        "200909": "38.11",
        "200910": "38.01",
        "200911": "36.88",
        "200912": "39.25",
        "201001": "38.92",
        "201002": "38.42",
        "201003": "38.54",
        "201004": "36.81",
        "201005": "38.61",
        "201006": "38.62",
        "201007": "37.94",
        "201008": "37.99",
        "201009": "40.75",
        "201010": "45.66",
        "201011": "49.85",
        "201012": "53.53",
        "201101": "49.00",
        "201102": "52.21",
        "201103": "54.28",
        "201104": "56.83",
        "201105": "54.45",
        "201106": "48.39",
        "201107": "48.13",
        "201108": "39.73",
        "201109": "36.63",
        "201110": "31.57",
        "201111": "28.14",
        "201112": "24.69",
        "201201": "25.56",
        "201202": "30.82",
        "201203": "30.43",
        "201204": "26.08",
        "201205": "24.66",
        "201206": "28.93",
        "201207": "32.77",
        "201208": "33.20",
        "201209": "32.45",
        "201210": "29.05",
        "201211": "25.84",
        "201212": "31.33",
        "201301": "32.91",
        "201302": "34.63",
        "201303": "42.56",
        "201304": "41.50",
        "201305": "41.22",
        "201306": "42.30",
        "201307": "41.33",
        "201308": "41.35",
        "201309": "41.72",
        "201310": "44.10",
        "201311": "43.58",
        "201312": "42.25",
        "201401": "40.49",
        "201402": "41.24",
        "201403": "40.51",
        "201404": "38.31",
        "201405": "37.12",
        "201406": "39.65",
        "201407": "39.52",
        "201408": "38.98",
        "201409": "37.91",
        "201410": "32.61",
        "201411": "31.26",
        "201412": "34.53",
        "201501": "36.34",
        "201502": "39.03",
        "201503": "38.90",
        "201504": "40.32",
        "201505": "40.08",
        "201506": "40.34",
        "201507": "39.60",
        "201508": "36.90",
        "201509": "39.37",
        "201510": "41.14",
        "201511": "45.11",
        "201512": "47.91",
        "201601": "45.19",
        "201602": "48.19",
        "201603": "47.52",
        "201604": "45.72",
        "201605": "41.46",
        "201606": "40.94",
        "201607": "40.32",
        "201608": "38.97",
        "201609": "35.67",
        "201610": "35.88",
        "201611": "34.51",
        "201612": "34.47",
        "201701": "34.65",
        "201702": "36.60",
        "201703": "38.28",
        "201704": "35.82",
        "201705": "34.92",
        "201706": "35.40",
        "201707": "36.10",
        "201708": "37.10",
        "201709": "37.20",
        "201710": "38.06",
        "201711": "37.98",
        "201712": "37.43",
        "201801": "37.04",
        "201802": "34.18",
        "201803": "34.37",
        "201804": "35.95",
        "201805": "35.38",
        "201806": "34.47",
        "201807": "33.37",
        "201808": "32.01",
        "201809": "29.60",
        "201810": "27.81",
        "201811": "26.08",
        "201812": "26.51",
        "201901": "26.87",
        "201902": "28.13",
        "201903": "28.29",
        "201904": "28.72",
        "201905": "27.79",
        "201906": "27.80",
        "201907": "29.02",
        "201908": "29.10",
        "201909": "28.93",
        "201910": "28.84",
        "201911": "29.76",
        "201912": "30.23",
        "202001": "29.89",
        "202002": "31.51",
        "202003": "29.91",
        "202004": "34.19",
        "202005": "44.46",
        "202006": "40.44",
        "202007": "40.11",
        "202008": "39.95",
        "202009": "37.75",
        "202010": "36.78",
        "202011": "35.47",
        "202012": "35.05",
        "202101": "32.96",
        "202102": "31.80",
        "202103": "32.20",
        "202104": "33.26",
        "202105": "31.31",
        "202106": "31.43",
        "202107": "30.83",
        "202108": "28.50",
        "202109": "28.46",
        "202110": "26.16",
        "202111": "26.76",
        "202112": "26.68",
        "202201": "27.39",
        "202202": "27.56",
        "202203": "27.55",
        "202204": "29.81",
        "202205": "30.46",
        "202206": "32.07",
        "202207": "32.69",
        "202208": "35.45",
        "202209": "36.19",
        "202210": "30.24",
        "202211": "31.58",
        "202212": "33.99",
        "202301": "32.86",
        "202302": "34.42",
        "202303": "34.19",
        "202304": "35.45",
        "202305": "38.90",
        "202306": "38.46",
        "202307": "39.15",
        "202308": "35.64",
        "202309": "32.77",
        "202310": "32.74",
        "202311": "32.80",
        "202312": "33.11"
    },
    "quarters": {
        "20011": {
            "year_quarter": 20011,
            "year": 2001,
            "quarter": 1,
            "eps": null,
            "eps_growth_year": null,
            "eps_4q": null,
            "eps_4q_growth_year": null,
            "roe": null,
            "roe_4q": 0,
            "gross_profit": null,
            "gross_margin": null,
            "gross_margin_4q_avg": 0,
            "net_income": null,
            "net_income_4q": null,
            "revenue": null,
            "revenue_4q": null,
            "common_shares": null,
            "book_valuer_per_share": null,
            "book_valuer_per_share_4q_avg": 0,
            "equity": null,
            "current_ratio": null,
            "debt_ratio": null,
            "inventory_turnover_ratio": null,
            "account_receivable_turnover_ratio": null,
            "reinvestment_rate": null,
            "research_to_sale_ratio": null,
            "price_fair": 0,
            "eps_avg_yearly": 0,
            "eps_latest_yearly": 0,
            "eps_growth_yearly": 0
        },
        "20012": {
            "year_quarter": 20012,
            "year": 2001,
            "quarter": 2,
            "eps": null,
            "eps_growth_year": null,
            "eps_4q": null,
            "eps_4q_growth_year": null,
            "roe": null,
            "roe_4q": 0,
            "gross_profit": null,
            "gross_margin": null,
            "gross_margin_4q_avg": 0,
            "net_income": null,
            "net_income_4q": null,
            "revenue": null,
            "revenue_4q": null,
            "common_shares": null,
            "book_valuer_per_share": null,
            "book_valuer_per_share_4q_avg": 0,
            "equity": null,
            "current_ratio": null,
            "debt_ratio": null,
            "inventory_turnover_ratio": null,
            "account_receivable_turnover_ratio": null,
            "reinvestment_rate": null,
            "research_to_sale_ratio": null,
            "price_fair": 0,
            "eps_avg_yearly": 0,
            "eps_latest_yearly": 0,
            "eps_growth_yearly": 0
        },
        "20013": {
            "year_quarter": 20013,
            "year": 2001,
            "quarter": 3,
            "eps": null,
            "eps_growth_year": null,
            "eps_4q": null,
            "eps_4q_growth_year": null,
            "roe": null,
            "roe_4q": 0,
            "gross_profit": null,
            "gross_margin": null,
            "gross_margin_4q_avg": 0,
            "net_income": null,
            "net_income_4q": null,
            "revenue": null,
            "revenue_4q": null,
            "common_shares": null,
            "book_valuer_per_share": null,
            "book_valuer_per_share_4q_avg": 0,
            "equity": null,
            "current_ratio": null,
            "debt_ratio": null,
            "inventory_turnover_ratio": null,
            "account_receivable_turnover_ratio": null,
            "reinvestment_rate": null,
            "research_to_sale_ratio": null,
            "price_fair": 0,
            "eps_avg_yearly": 0,
            "eps_latest_yearly": 0,
            "eps_growth_yearly": 0
        },
        "20014": {
            "year_quarter": 20014,
            "year": 2001,
            "quarter": 4,
            "eps": null,
            "eps_growth_year": null,
            "eps_4q": null,
            "eps_4q_growth_year": null,
            "roe": null,
            "roe_4q": 0,
            "gross_profit": null,
            "gross_margin": null,
            "gross_margin_4q_avg": 0,
            "net_income": null,
            "net_income_4q": null,
            "revenue": null,
            "revenue_4q": null,
            "common_shares": null,
            "book_valuer_per_share": null,
            "book_valuer_per_share_4q_avg": 0,
            "equity": null,
            "current_ratio": null,
            "debt_ratio": null,
            "inventory_turnover_ratio": null,
            "account_receivable_turnover_ratio": null,
            "reinvestment_rate": null,
            "research_to_sale_ratio": null,
            "price_fair": 0,
            "eps_avg_yearly": 0,
            "eps_latest_yearly": 0,
            "eps_growth_yearly": 0
        },
        "20021": {
            "year_quarter": 20021,
            "year": 2002,
            "quarter": 1,
            "eps": null,
            "eps_growth_year": null,
            "eps_4q": null,
            "eps_4q_growth_year": null,
            "roe": null,
            "roe_4q": 0,
            "gross_profit": null,
            "gross_margin": null,
            "gross_margin_4q_avg": 0,
            "net_income": null,
            "net_income_4q": null,
            "revenue": null,
            "revenue_4q": null,
            "common_shares": null,
            "book_valuer_per_share": null,
            "book_valuer_per_share_4q_avg": 0,
            "equity": null,
            "current_ratio": null,
            "debt_ratio": null,
            "inventory_turnover_ratio": null,
            "account_receivable_turnover_ratio": null,
            "reinvestment_rate": null,
            "research_to_sale_ratio": null,
            "price_fair": 0,
            "eps_avg_yearly": 0,
            "eps_latest_yearly": 0,
            "eps_growth_yearly": 0
        },
        "20022": {
            "year_quarter": 20022,
            "year": 2002,
            "quarter": 2,
            "eps": null,
            "eps_growth_year": null,
            "eps_4q": null,
            "eps_4q_growth_year": null,
            "roe": null,
            "roe_4q": 0,
            "gross_profit": null,
            "gross_margin": null,
            "gross_margin_4q_avg": 0,
            "net_income": null,
            "net_income_4q": null,
            "revenue": null,
            "revenue_4q": null,
            "common_shares": null,
            "book_valuer_per_share": null,
            "book_valuer_per_share_4q_avg": 0,
            "equity": null,
            "current_ratio": null,
            "debt_ratio": null,
            "inventory_turnover_ratio": null,
            "account_receivable_turnover_ratio": null,
            "reinvestment_rate": null,
            "research_to_sale_ratio": null,
            "price_fair": 0,
            "eps_avg_yearly": 0,
            "eps_latest_yearly": 0,
            "eps_growth_yearly": 0
        },
        "20023": {
            "year_quarter": 20023,
            "year": 2002,
            "quarter": 3,
            "eps": null,
            "eps_growth_year": null,
            "eps_4q": null,
            "eps_4q_growth_year": null,
            "roe": null,
            "roe_4q": 0,
            "gross_profit": null,
            "gross_margin": null,
            "gross_margin_4q_avg": 0,
            "net_income": null,
            "net_income_4q": null,
            "revenue": null,
            "revenue_4q": null,
            "common_shares": null,
            "book_valuer_per_share": null,
            "book_valuer_per_share_4q_avg": 0,
            "equity": null,
            "current_ratio": null,
            "debt_ratio": null,
            "inventory_turnover_ratio": null,
            "account_receivable_turnover_ratio": null,
            "reinvestment_rate": null,
            "research_to_sale_ratio": null,
            "price_fair": 0,
            "eps_avg_yearly": 0,
            "eps_latest_yearly": 0,
            "eps_growth_yearly": 0
        },
        "20024": {
            "year_quarter": 20024,
            "year": 2002,
            "quarter": 4,
            "eps": null,
            "eps_growth_year": null,
            "eps_4q": null,
            "eps_4q_growth_year": null,
            "roe": null,
            "roe_4q": 0,
            "gross_profit": null,
            "gross_margin": null,
            "gross_margin_4q_avg": 0,
            "net_income": null,
            "net_income_4q": null,
            "revenue": null,
            "revenue_4q": null,
            "common_shares": null,
            "book_valuer_per_share": null,
            "book_valuer_per_share_4q_avg": 0,
            "equity": null,
            "current_ratio": null,
            "debt_ratio": null,
            "inventory_turnover_ratio": null,
            "account_receivable_turnover_ratio": null,
            "reinvestment_rate": null,
            "research_to_sale_ratio": null,
            "price_fair": 0,
            "eps_avg_yearly": 0,
            "eps_latest_yearly": 0,
            "eps_growth_yearly": 0
        },
        "20031": {
            "year_quarter": 20031,
            "year": 2003,
            "quarter": 1,
            "eps": null,
            "eps_growth_year": null,
            "eps_4q": null,
            "eps_4q_growth_year": null,
            "roe": null,
            "roe_4q": 0,
            "gross_profit": null,
            "gross_margin": null,
            "gross_margin_4q_avg": 0,
            "net_income": null,
            "net_income_4q": null,
            "revenue": null,
            "revenue_4q": null,
            "common_shares": null,
            "book_valuer_per_share": null,
            "book_valuer_per_share_4q_avg": 0,
            "equity": null,
            "current_ratio": null,
            "debt_ratio": null,
            "inventory_turnover_ratio": null,
            "account_receivable_turnover_ratio": null,
            "reinvestment_rate": null,
            "research_to_sale_ratio": null,
            "price_fair": 0,
            "eps_avg_yearly": 0,
            "eps_latest_yearly": 0,
            "eps_growth_yearly": 0
        },
        "20032": {
            "year_quarter": 20032,
            "year": 2003,
            "quarter": 2,
            "eps": null,
            "eps_growth_year": null,
            "eps_4q": null,
            "eps_4q_growth_year": null,
            "roe": null,
            "roe_4q": 0,
            "gross_profit": null,
            "gross_margin": null,
            "gross_margin_4q_avg": 0,
            "net_income": null,
            "net_income_4q": null,
            "revenue": null,
            "revenue_4q": null,
            "common_shares": null,
            "book_valuer_per_share": null,
            "book_valuer_per_share_4q_avg": 0,
            "equity": null,
            "current_ratio": null,
            "debt_ratio": null,
            "inventory_turnover_ratio": null,
            "account_receivable_turnover_ratio": null,
            "reinvestment_rate": null,
            "research_to_sale_ratio": null,
            "price_fair": 0,
            "eps_avg_yearly": 0,
            "eps_latest_yearly": 0,
            "eps_growth_yearly": 0
        },
        "20033": {
            "year_quarter": 20033,
            "year": 2003,
            "quarter": 3,
            "eps": null,
            "eps_growth_year": null,
            "eps_4q": null,
            "eps_4q_growth_year": null,
            "roe": null,
            "roe_4q": 0,
            "gross_profit": null,
            "gross_margin": null,
            "gross_margin_4q_avg": 0,
            "net_income": null,
            "net_income_4q": null,
            "revenue": null,
            "revenue_4q": null,
            "common_shares": null,
            "book_valuer_per_share": null,
            "book_valuer_per_share_4q_avg": 0,
            "equity": null,
            "current_ratio": null,
            "debt_ratio": null,
            "inventory_turnover_ratio": null,
            "account_receivable_turnover_ratio": null,
            "reinvestment_rate": null,
            "research_to_sale_ratio": null,
            "price_fair": 0,
            "eps_avg_yearly": 0,
            "eps_latest_yearly": 0,
            "eps_growth_yearly": 0
        },
        "20034": {
            "year_quarter": 20034,
            "year": 2003,
            "quarter": 4,
            "eps": null,
            "eps_growth_year": null,
            "eps_4q": null,
            "eps_4q_growth_year": null,
            "roe": null,
            "roe_4q": 0,
            "gross_profit": null,
            "gross_margin": null,
            "gross_margin_4q_avg": 0,
            "net_income": null,
            "net_income_4q": null,
            "revenue": null,
            "revenue_4q": null,
            "common_shares": 10000,
            "book_valuer_per_share": 9.04,
            "book_valuer_per_share_4q_avg": 2.26,
            "equity": 9040,
            "current_ratio": 30.4,
            "debt_ratio": 7.22,
            "inventory_turnover_ratio": null,
            "account_receivable_turnover_ratio": null,
            "reinvestment_rate": null,
            "research_to_sale_ratio": null,
            "price_fair": 0,
            "eps_avg_yearly": 0,
            "eps_latest_yearly": 0,
            "eps_growth_yearly": 0
        },
        "20041": {
            "year_quarter": 20041,
            "year": 2004,
            "quarter": 1,
            "eps": null,
            "eps_growth_year": null,
            "eps_4q": null,
            "eps_4q_growth_year": null,
            "roe": null,
            "roe_4q": 0,
            "gross_profit": null,
            "gross_margin": null,
            "gross_margin_4q_avg": 0,
            "net_income": null,
            "net_income_4q": null,
            "revenue": null,
            "revenue_4q": null,
            "common_shares": null,
            "book_valuer_per_share": null,
            "book_valuer_per_share_4q_avg": 2.26,
            "equity": null,
            "current_ratio": null,
            "debt_ratio": null,
            "inventory_turnover_ratio": null,
            "account_receivable_turnover_ratio": null,
            "reinvestment_rate": null,
            "research_to_sale_ratio": null,
            "price_fair": 0,
            "eps_avg_yearly": 0,
            "eps_latest_yearly": 0,
            "eps_growth_yearly": 0
        },
        "20042": {
            "year_quarter": 20042,
            "year": 2004,
            "quarter": 2,
            "eps": null,
            "eps_growth_year": null,
            "eps_4q": null,
            "eps_4q_growth_year": null,
            "roe": null,
            "roe_4q": 0,
            "gross_profit": null,
            "gross_margin": null,
            "gross_margin_4q_avg": 0,
            "net_income": null,
            "net_income_4q": null,
            "revenue": null,
            "revenue_4q": null,
            "common_shares": null,
            "book_valuer_per_share": null,
            "book_valuer_per_share_4q_avg": 2.26,
            "equity": null,
            "current_ratio": null,
            "debt_ratio": null,
            "inventory_turnover_ratio": null,
            "account_receivable_turnover_ratio": null,
            "reinvestment_rate": null,
            "research_to_sale_ratio": null,
            "price_fair": 0,
            "eps_avg_yearly": 0,
            "eps_latest_yearly": 0,
            "eps_growth_yearly": 0
        },
        "20043": {
            "year_quarter": 20043,
            "year": 2004,
            "quarter": 3,
            "eps": null,
            "eps_growth_year": null,
            "eps_4q": null,
            "eps_4q_growth_year": null,
            "roe": null,
            "roe_4q": 0,
            "gross_profit": null,
            "gross_margin": null,
            "gross_margin_4q_avg": 0,
            "net_income": null,
            "net_income_4q": null,
            "revenue": null,
            "revenue_4q": null,
            "common_shares": null,
            "book_valuer_per_share": null,
            "book_valuer_per_share_4q_avg": 2.26,
            "equity": null,
            "current_ratio": null,
            "debt_ratio": null,
            "inventory_turnover_ratio": null,
            "account_receivable_turnover_ratio": null,
            "reinvestment_rate": null,
            "research_to_sale_ratio": null,
            "price_fair": 0,
            "eps_avg_yearly": 0,
            "eps_latest_yearly": 0,
            "eps_growth_yearly": 0
        },
        "20044": {
            "year_quarter": 20044,
            "year": 2004,
            "quarter": 4,
            "eps": null,
            "eps_growth_year": null,
            "eps_4q": null,
            "eps_4q_growth_year": null,
            "roe": null,
            "roe_4q": 0,
            "gross_profit": null,
            "gross_margin": null,
            "gross_margin_4q_avg": 0,
            "net_income": null,
            "net_income_4q": null,
            "revenue": null,
            "revenue_4q": null,
            "common_shares": 10000,
            "book_valuer_per_share": 4.76,
            "book_valuer_per_share_4q_avg": 1.19,
            "equity": 4762,
            "current_ratio": 219.6,
            "debt_ratio": 44.69,
            "inventory_turnover_ratio": null,
            "account_receivable_turnover_ratio": null,
            "reinvestment_rate": null,
            "research_to_sale_ratio": null,
            "price_fair": 0,
            "eps_avg_yearly": 0,
            "eps_latest_yearly": 0,
            "eps_growth_yearly": 0
        },
        "20051": {
            "year_quarter": 20051,
            "year": 2005,
            "quarter": 1,
            "eps": null,
            "eps_growth_year": null,
            "eps_4q": null,
            "eps_4q_growth_year": null,
            "roe": null,
            "roe_4q": 0,
            "gross_profit": null,
            "gross_margin": null,
            "gross_margin_4q_avg": 0,
            "net_income": null,
            "net_income_4q": null,
            "revenue": null,
            "revenue_4q": null,
            "common_shares": null,
            "book_valuer_per_share": null,
            "book_valuer_per_share_4q_avg": 1.19,
            "equity": null,
            "current_ratio": null,
            "debt_ratio": null,
            "inventory_turnover_ratio": null,
            "account_receivable_turnover_ratio": null,
            "reinvestment_rate": null,
            "research_to_sale_ratio": null,
            "price_fair": 0,
            "eps_avg_yearly": 0,
            "eps_latest_yearly": 0,
            "eps_growth_yearly": 0
        },
        "20052": {
            "year_quarter": 20052,
            "year": 2005,
            "quarter": 2,
            "eps": null,
            "eps_growth_year": null,
            "eps_4q": null,
            "eps_4q_growth_year": null,
            "roe": null,
            "roe_4q": 0,
            "gross_profit": null,
            "gross_margin": null,
            "gross_margin_4q_avg": 0,
            "net_income": null,
            "net_income_4q": null,
            "revenue": null,
            "revenue_4q": null,
            "common_shares": null,
            "book_valuer_per_share": null,
            "book_valuer_per_share_4q_avg": 1.19,
            "equity": null,
            "current_ratio": null,
            "debt_ratio": null,
            "inventory_turnover_ratio": null,
            "account_receivable_turnover_ratio": null,
            "reinvestment_rate": null,
            "research_to_sale_ratio": null,
            "price_fair": 0,
            "eps_avg_yearly": 0,
            "eps_latest_yearly": 0,
            "eps_growth_yearly": 0
        },
        "20053": {
            "year_quarter": 20053,
            "year": 2005,
            "quarter": 3,
            "eps": null,
            "eps_growth_year": null,
            "eps_4q": null,
            "eps_4q_growth_year": null,
            "roe": null,
            "roe_4q": 0,
            "gross_profit": null,
            "gross_margin": null,
            "gross_margin_4q_avg": 0,
            "net_income": null,
            "net_income_4q": null,
            "revenue": null,
            "revenue_4q": null,
            "common_shares": null,
            "book_valuer_per_share": null,
            "book_valuer_per_share_4q_avg": 1.19,
            "equity": null,
            "current_ratio": null,
            "debt_ratio": null,
            "inventory_turnover_ratio": null,
            "account_receivable_turnover_ratio": null,
            "reinvestment_rate": null,
            "research_to_sale_ratio": null,
            "price_fair": 0,
            "eps_avg_yearly": 0,
            "eps_latest_yearly": 0,
            "eps_growth_yearly": 0
        },
        "20054": {
            "year_quarter": 20054,
            "year": 2005,
            "quarter": 4,
            "eps": null,
            "eps_growth_year": null,
            "eps_4q": null,
            "eps_4q_growth_year": null,
            "roe": null,
            "roe_4q": 0,
            "gross_profit": null,
            "gross_margin": null,
            "gross_margin_4q_avg": 0,
            "net_income": null,
            "net_income_4q": null,
            "revenue": null,
            "revenue_4q": null,
            "common_shares": 10000,
            "book_valuer_per_share": 26.1,
            "book_valuer_per_share_4q_avg": 6.53,
            "equity": 26104,
            "current_ratio": 237.42,
            "debt_ratio": 39.96,
            "inventory_turnover_ratio": null,
            "account_receivable_turnover_ratio": null,
            "reinvestment_rate": null,
            "research_to_sale_ratio": null,
            "price_fair": 0,
            "eps_avg_yearly": 0,
            "eps_latest_yearly": 0,
            "eps_growth_yearly": 0
        },
        "20061": {
            "year_quarter": 20061,
            "year": 2006,
            "quarter": 1,
            "eps": null,
            "eps_growth_year": null,
            "eps_4q": null,
            "eps_4q_growth_year": null,
            "roe": null,
            "roe_4q": 0,
            "gross_profit": null,
            "gross_margin": null,
            "gross_margin_4q_avg": 0,
            "net_income": null,
            "net_income_4q": null,
            "revenue": null,
            "revenue_4q": null,
            "common_shares": null,
            "book_valuer_per_share": null,
            "book_valuer_per_share_4q_avg": 6.53,
            "equity": null,
            "current_ratio": null,
            "debt_ratio": null,
            "inventory_turnover_ratio": null,
            "account_receivable_turnover_ratio": null,
            "reinvestment_rate": null,
            "research_to_sale_ratio": null,
            "price_fair": 0,
            "eps_avg_yearly": 0,
            "eps_latest_yearly": 0,
            "eps_growth_yearly": 0
        },
        "20062": {
            "year_quarter": 20062,
            "year": 2006,
            "quarter": 2,
            "eps": null,
            "eps_growth_year": null,
            "eps_4q": null,
            "eps_4q_growth_year": null,
            "roe": null,
            "roe_4q": 0,
            "gross_profit": null,
            "gross_margin": null,
            "gross_margin_4q_avg": 0,
            "net_income": null,
            "net_income_4q": null,
            "revenue": null,
            "revenue_4q": null,
            "common_shares": null,
            "book_valuer_per_share": null,
            "book_valuer_per_share_4q_avg": 6.53,
            "equity": null,
            "current_ratio": null,
            "debt_ratio": null,
            "inventory_turnover_ratio": null,
            "account_receivable_turnover_ratio": null,
            "reinvestment_rate": null,
            "research_to_sale_ratio": null,
            "price_fair": 0,
            "eps_avg_yearly": 0,
            "eps_latest_yearly": 0,
            "eps_growth_yearly": 0
        },
        "20063": {
            "year_quarter": 20063,
            "year": 2006,
            "quarter": 3,
            "eps": null,
            "eps_growth_year": null,
            "eps_4q": null,
            "eps_4q_growth_year": null,
            "roe": null,
            "roe_4q": 0,
            "gross_profit": null,
            "gross_margin": null,
            "gross_margin_4q_avg": 0,
            "net_income": null,
            "net_income_4q": null,
            "revenue": null,
            "revenue_4q": null,
            "common_shares": null,
            "book_valuer_per_share": null,
            "book_valuer_per_share_4q_avg": 6.53,
            "equity": null,
            "current_ratio": null,
            "debt_ratio": null,
            "inventory_turnover_ratio": null,
            "account_receivable_turnover_ratio": null,
            "reinvestment_rate": null,
            "research_to_sale_ratio": null,
            "price_fair": 0,
            "eps_avg_yearly": 0,
            "eps_latest_yearly": 0,
            "eps_growth_yearly": 0
        },
        "20064": {
            "year_quarter": 20064,
            "year": 2006,
            "quarter": 4,
            "eps": null,
            "eps_growth_year": null,
            "eps_4q": null,
            "eps_4q_growth_year": null,
            "roe": null,
            "roe_4q": 0,
            "gross_profit": null,
            "gross_margin": null,
            "gross_margin_4q_avg": 0,
            "net_income": null,
            "net_income_4q": null,
            "revenue": null,
            "revenue_4q": null,
            "common_shares": 10000,
            "book_valuer_per_share": 32.27,
            "book_valuer_per_share_4q_avg": 8.07,
            "equity": 32273,
            "current_ratio": 224.58,
            "debt_ratio": 43.16,
            "inventory_turnover_ratio": null,
            "account_receivable_turnover_ratio": null,
            "reinvestment_rate": null,
            "research_to_sale_ratio": null,
            "price_fair": 0,
            "eps_avg_yearly": 0,
            "eps_latest_yearly": 0,
            "eps_growth_yearly": 0
        },
        "20071": {
            "year_quarter": 20071,
            "year": 2007,
            "quarter": 1,
            "eps": null,
            "eps_growth_year": null,
            "eps_4q": null,
            "eps_4q_growth_year": null,
            "roe": null,
            "roe_4q": 0,
            "gross_profit": null,
            "gross_margin": null,
            "gross_margin_4q_avg": 0,
            "net_income": null,
            "net_income_4q": null,
            "revenue": null,
            "revenue_4q": null,
            "common_shares": null,
            "book_valuer_per_share": null,
            "book_valuer_per_share_4q_avg": 8.07,
            "equity": null,
            "current_ratio": null,
            "debt_ratio": null,
            "inventory_turnover_ratio": null,
            "account_receivable_turnover_ratio": null,
            "reinvestment_rate": null,
            "research_to_sale_ratio": null,
            "price_fair": 0,
            "eps_avg_yearly": 0,
            "eps_latest_yearly": 0,
            "eps_growth_yearly": 0
        },
        "20072": {
            "year_quarter": 20072,
            "year": 2007,
            "quarter": 2,
            "eps": null,
            "eps_growth_year": null,
            "eps_4q": null,
            "eps_4q_growth_year": null,
            "roe": null,
            "roe_4q": 0,
            "gross_profit": null,
            "gross_margin": null,
            "gross_margin_4q_avg": 0,
            "net_income": null,
            "net_income_4q": null,
            "revenue": null,
            "revenue_4q": null,
            "common_shares": null,
            "book_valuer_per_share": null,
            "book_valuer_per_share_4q_avg": 8.07,
            "equity": null,
            "current_ratio": null,
            "debt_ratio": null,
            "inventory_turnover_ratio": null,
            "account_receivable_turnover_ratio": null,
            "reinvestment_rate": null,
            "research_to_sale_ratio": null,
            "price_fair": 0,
            "eps_avg_yearly": 0,
            "eps_latest_yearly": 0,
            "eps_growth_yearly": 0
        },
        "20073": {
            "year_quarter": 20073,
            "year": 2007,
            "quarter": 3,
            "eps": null,
            "eps_growth_year": null,
            "eps_4q": null,
            "eps_4q_growth_year": null,
            "roe": null,
            "roe_4q": 0,
            "gross_profit": null,
            "gross_margin": null,
            "gross_margin_4q_avg": 0,
            "net_income": null,
            "net_income_4q": null,
            "revenue": null,
            "revenue_4q": null,
            "common_shares": null,
            "book_valuer_per_share": null,
            "book_valuer_per_share_4q_avg": 8.07,
            "equity": null,
            "current_ratio": null,
            "debt_ratio": null,
            "inventory_turnover_ratio": null,
            "account_receivable_turnover_ratio": null,
            "reinvestment_rate": null,
            "research_to_sale_ratio": null,
            "price_fair": 0,
            "eps_avg_yearly": 0,
            "eps_latest_yearly": 0,
            "eps_growth_yearly": 0
        },
        "20074": {
            "year_quarter": 20074,
            "year": 2007,
            "quarter": 4,
            "eps": null,
            "eps_growth_year": null,
            "eps_4q": null,
            "eps_4q_growth_year": null,
            "roe": null,
            "roe_4q": 0,
            "gross_profit": null,
            "gross_margin": null,
            "gross_margin_4q_avg": 0,
            "net_income": null,
            "net_income_4q": null,
            "revenue": null,
            "revenue_4q": null,
            "common_shares": 210000,
            "book_valuer_per_share": 12.04,
            "book_valuer_per_share_4q_avg": 3.01,
            "equity": 258024,
            "current_ratio": 116.95,
            "debt_ratio": 47.93,
            "inventory_turnover_ratio": null,
            "account_receivable_turnover_ratio": null,
            "reinvestment_rate": null,
            "research_to_sale_ratio": null,
            "price_fair": 0,
            "eps_avg_yearly": 0,
            "eps_latest_yearly": 0,
            "eps_growth_yearly": 0
        },
        "20081": {
            "year_quarter": 20081,
            "year": 2008,
            "quarter": 1,
            "eps": null,
            "eps_growth_year": null,
            "eps_4q": null,
            "eps_4q_growth_year": null,
            "roe": null,
            "roe_4q": 0,
            "gross_profit": null,
            "gross_margin": null,
            "gross_margin_4q_avg": 0,
            "net_income": null,
            "net_income_4q": null,
            "revenue": null,
            "revenue_4q": null,
            "common_shares": null,
            "book_valuer_per_share": null,
            "book_valuer_per_share_4q_avg": 3.01,
            "equity": null,
            "current_ratio": null,
            "debt_ratio": null,
            "inventory_turnover_ratio": null,
            "account_receivable_turnover_ratio": null,
            "reinvestment_rate": null,
            "research_to_sale_ratio": null,
            "price_fair": 0,
            "eps_avg_yearly": 0,
            "eps_latest_yearly": 0,
            "eps_growth_yearly": 0
        },
        "20082": {
            "year_quarter": 20082,
            "year": 2008,
            "quarter": 2,
            "eps": null,
            "eps_growth_year": null,
            "eps_4q": null,
            "eps_4q_growth_year": null,
            "roe": null,
            "roe_4q": 0,
            "gross_profit": null,
            "gross_margin": null,
            "gross_margin_4q_avg": 0,
            "net_income": null,
            "net_income_4q": null,
            "revenue": null,
            "revenue_4q": null,
            "common_shares": null,
            "book_valuer_per_share": null,
            "book_valuer_per_share_4q_avg": 3.01,
            "equity": null,
            "current_ratio": null,
            "debt_ratio": null,
            "inventory_turnover_ratio": null,
            "account_receivable_turnover_ratio": null,
            "reinvestment_rate": null,
            "research_to_sale_ratio": null,
            "price_fair": 0,
            "eps_avg_yearly": 0,
            "eps_latest_yearly": 0,
            "eps_growth_yearly": 0
        },
        "20083": {
            "year_quarter": 20083,
            "year": 2008,
            "quarter": 3,
            "eps": null,
            "eps_growth_year": null,
            "eps_4q": null,
            "eps_4q_growth_year": null,
            "roe": null,
            "roe_4q": 0,
            "gross_profit": null,
            "gross_margin": null,
            "gross_margin_4q_avg": 0,
            "net_income": null,
            "net_income_4q": null,
            "revenue": null,
            "revenue_4q": null,
            "common_shares": null,
            "book_valuer_per_share": null,
            "book_valuer_per_share_4q_avg": 3.01,
            "equity": null,
            "current_ratio": null,
            "debt_ratio": null,
            "inventory_turnover_ratio": null,
            "account_receivable_turnover_ratio": null,
            "reinvestment_rate": null,
            "research_to_sale_ratio": null,
            "price_fair": 0,
            "eps_avg_yearly": 0,
            "eps_latest_yearly": 0,
            "eps_growth_yearly": 0
        },
        "20084": {
            "year_quarter": 20084,
            "year": 2008,
            "quarter": 4,
            "eps": null,
            "eps_growth_year": null,
            "eps_4q": null,
            "eps_4q_growth_year": null,
            "roe": null,
            "roe_4q": 0,
            "gross_profit": null,
            "gross_margin": null,
            "gross_margin_4q_avg": 0,
            "net_income": null,
            "net_income_4q": null,
            "revenue": null,
            "revenue_4q": null,
            "common_shares": 250000,
            "book_valuer_per_share": 13.25,
            "book_valuer_per_share_4q_avg": 3.31,
            "equity": 338235,
            "current_ratio": 133.47,
            "debt_ratio": 53.15,
            "inventory_turnover_ratio": null,
            "account_receivable_turnover_ratio": null,
            "reinvestment_rate": null,
            "research_to_sale_ratio": null,
            "price_fair": 0,
            "eps_avg_yearly": 0,
            "eps_latest_yearly": 0,
            "eps_growth_yearly": 0
        },
        "20091": {
            "year_quarter": 20091,
            "year": 2009,
            "quarter": 1,
            "eps": null,
            "eps_growth_year": null,
            "eps_4q": null,
            "eps_4q_growth_year": null,
            "roe": null,
            "roe_4q": 0,
            "gross_profit": null,
            "gross_margin": null,
            "gross_margin_4q_avg": 0,
            "net_income": null,
            "net_income_4q": null,
            "revenue": null,
            "revenue_4q": null,
            "common_shares": null,
            "book_valuer_per_share": null,
            "book_valuer_per_share_4q_avg": 3.31,
            "equity": null,
            "current_ratio": null,
            "debt_ratio": null,
            "inventory_turnover_ratio": null,
            "account_receivable_turnover_ratio": null,
            "reinvestment_rate": null,
            "research_to_sale_ratio": null,
            "price_fair": 0,
            "eps_avg_yearly": 0,
            "eps_latest_yearly": 0,
            "eps_growth_yearly": 0
        },
        "20092": {
            "year_quarter": 20092,
            "year": 2009,
            "quarter": 2,
            "eps": null,
            "eps_growth_year": null,
            "eps_4q": null,
            "eps_4q_growth_year": null,
            "roe": null,
            "roe_4q": 0,
            "gross_profit": null,
            "gross_margin": null,
            "gross_margin_4q_avg": 0,
            "net_income": null,
            "net_income_4q": null,
            "revenue": null,
            "revenue_4q": null,
            "common_shares": 250000,
            "book_valuer_per_share": null,
            "book_valuer_per_share_4q_avg": 3.31,
            "equity": 343214,
            "current_ratio": null,
            "debt_ratio": null,
            "inventory_turnover_ratio": null,
            "account_receivable_turnover_ratio": null,
            "reinvestment_rate": null,
            "research_to_sale_ratio": null,
            "price_fair": 0,
            "eps_avg_yearly": 0,
            "eps_latest_yearly": 0,
            "eps_growth_yearly": 0
        },
        "20093": {
            "year_quarter": 20093,
            "year": 2009,
            "quarter": 3,
            "eps": 0.86,
            "eps_growth_year": null,
            "eps_4q": null,
            "eps_4q_growth_year": null,
            "roe": 6.22,
            "roe_4q": 6.22,
            "gross_profit": 39464,
            "gross_margin": 17.1,
            "gross_margin_4q_avg": 4.28,
            "net_income": 24903,
            "net_income_4q": null,
            "revenue": 230820,
            "revenue_4q": null,
            "common_shares": 301500,
            "book_valuer_per_share": 14.65,
            "book_valuer_per_share_4q_avg": 6.98,
            "equity": 458118,
            "current_ratio": 172.73,
            "debt_ratio": 42.39,
            "inventory_turnover_ratio": 6.39,
            "account_receivable_turnover_ratio": 0.68,
            "reinvestment_rate": null,
            "research_to_sale_ratio": null,
            "price_fair": 0,
            "eps_avg_yearly": 0,
            "eps_latest_yearly": 0,
            "eps_growth_yearly": 0
        },
        "20094": {
            "year_quarter": 20094,
            "year": 2009,
            "quarter": 4,
            "eps": 0.54,
            "eps_growth_year": null,
            "eps_4q": null,
            "eps_4q_growth_year": null,
            "roe": 3.23,
            "roe_4q": 9.45,
            "gross_profit": 55279,
            "gross_margin": 16.58,
            "gross_margin_4q_avg": 8.42,
            "net_income": 15033,
            "net_income_4q": null,
            "revenue": 333420,
            "revenue_4q": null,
            "common_shares": 301500,
            "book_valuer_per_share": 15.16,
            "book_valuer_per_share_4q_avg": 7.45,
            "equity": 473151,
            "current_ratio": 166.82,
            "debt_ratio": 46.55,
            "inventory_turnover_ratio": 7.5,
            "account_receivable_turnover_ratio": 1.72,
            "reinvestment_rate": null,
            "research_to_sale_ratio": null,
            "price_fair": 6.48,
            "eps_avg_yearly": 2.16,
            "eps_latest_yearly": 2.16,
            "eps_growth_yearly": -148.84
        },
        "20101": {
            "year_quarter": 20101,
            "year": 2010,
            "quarter": 1,
            "eps": null,
            "eps_growth_year": null,
            "eps_4q": null,
            "eps_4q_growth_year": null,
            "roe": null,
            "roe_4q": 9.45,
            "gross_profit": 70206,
            "gross_margin": null,
            "gross_margin_4q_avg": 8.42,
            "net_income": 27835,
            "net_income_4q": null,
            "revenue": 380320,
            "revenue_4q": null,
            "common_shares": 351480,
            "book_valuer_per_share": 18.09,
            "book_valuer_per_share_4q_avg": 11.98,
            "equity": 690991,
            "current_ratio": 154.09,
            "debt_ratio": 44.78,
            "inventory_turnover_ratio": null,
            "account_receivable_turnover_ratio": null,
            "reinvestment_rate": null,
            "research_to_sale_ratio": null,
            "price_fair": 6.48,
            "eps_avg_yearly": 2.16,
            "eps_latest_yearly": 2.16,
            "eps_growth_yearly": -148.84
        },
        "20102": {
            "year_quarter": 20102,
            "year": 2010,
            "quarter": 2,
            "eps": 0.85,
            "eps_growth_year": null,
            "eps_4q": 1.87,
            "eps_4q_growth_year": null,
            "roe": 4.67,
            "roe_4q": 14.120000000000001,
            "gross_profit": 77689,
            "gross_margin": 19.13,
            "gross_margin_4q_avg": 13.2,
            "net_income": 32190,
            "net_income_4q": null,
            "revenue": 406096,
            "revenue_4q": null,
            "common_shares": 351480,
            "book_valuer_per_share": 17.91,
            "book_valuer_per_share_4q_avg": 16.45,
            "equity": 687136,
            "current_ratio": 142.78,
            "debt_ratio": 45.93,
            "inventory_turnover_ratio": 4.64,
            "account_receivable_turnover_ratio": 1.83,
            "reinvestment_rate": null,
            "research_to_sale_ratio": null,
            "price_fair": 6.48,
            "eps_avg_yearly": 2.16,
            "eps_latest_yearly": 2.16,
            "eps_growth_yearly": -148.84
        },
        "20103": {
            "year_quarter": 20103,
            "year": 2010,
            "quarter": 3,
            "eps": 0.75,
            "eps_growth_year": -12.24,
            "eps_4q": 2,
            "eps_4q_growth_year": null,
            "roe": 4.03,
            "roe_4q": 11.93,
            "gross_profit": 47193,
            "gross_margin": 12.2,
            "gross_margin_4q_avg": 11.98,
            "net_income": 28372,
            "net_income_4q": null,
            "revenue": 386771,
            "revenue_4q": null,
            "common_shares": 351480,
            "book_valuer_per_share": 18.85,
            "book_valuer_per_share_4q_avg": 17.5,
            "equity": 719599,
            "current_ratio": 156.09,
            "debt_ratio": 43.65,
            "inventory_turnover_ratio": 4.39,
            "account_receivable_turnover_ratio": 0.84,
            "reinvestment_rate": null,
            "research_to_sale_ratio": null,
            "price_fair": 7.74,
            "eps_avg_yearly": 2.58,
            "eps_latest_yearly": 3,
            "eps_growth_yearly": -97.95
        },
        "20104": {
            "year_quarter": 20104,
            "year": 2010,
            "quarter": 4,
            "eps": 0.52,
            "eps_growth_year": -3.2,
            "eps_4q": 2.12,
            "eps_4q_growth_year": null,
            "roe": 2.95,
            "roe_4q": 11.65,
            "gross_profit": 61958,
            "gross_margin": 15.5,
            "gross_margin_4q_avg": 11.71,
            "net_income": 21526,
            "net_income_4q": null,
            "revenue": 399681,
            "revenue_4q": null,
            "common_shares": 381098,
            "book_valuer_per_share": 17.95,
            "book_valuer_per_share_4q_avg": 18.2,
            "equity": 740767,
            "current_ratio": 162.4,
            "debt_ratio": 43.26,
            "inventory_turnover_ratio": 3.92,
            "account_receivable_turnover_ratio": 0.87,
            "reinvestment_rate": null,
            "research_to_sale_ratio": null,
            "price_fair": 7.24,
            "eps_avg_yearly": 2.41,
            "eps_latest_yearly": 2.08,
            "eps_growth_yearly": -106.19
        },
        "20111": {
            "year_quarter": 20111,
            "year": 2011,
            "quarter": 1,
            "eps": 0.37,
            "eps_growth_year": null,
            "eps_4q": 2.26,
            "eps_4q_growth_year": null,
            "roe": 1.96,
            "roe_4q": 13.610000000000001,
            "gross_profit": 68362,
            "gross_margin": 16.13,
            "gross_margin_4q_avg": 15.74,
            "net_income": 16163,
            "net_income_4q": null,
            "revenue": 423898,
            "revenue_4q": null,
            "common_shares": 421918,
            "book_valuer_per_share": 20.11,
            "book_valuer_per_share_4q_avg": 18.71,
            "equity": 907199,
            "current_ratio": 192.05,
            "debt_ratio": 39.31,
            "inventory_turnover_ratio": 4.12,
            "account_receivable_turnover_ratio": 0.92,
            "reinvestment_rate": null,
            "research_to_sale_ratio": null,
            "price_fair": 6.54,
            "eps_avg_yearly": 2.18,
            "eps_latest_yearly": 1.48,
            "eps_growth_yearly": -108.49
        },
        "20112": {
            "year_quarter": 20112,
            "year": 2011,
            "quarter": 2,
            "eps": 0.42,
            "eps_growth_year": -50.98,
            "eps_4q": 1.87,
            "eps_4q_growth_year": -0.01,
            "roe": 2.35,
            "roe_4q": 11.290000000000001,
            "gross_profit": 57739,
            "gross_margin": 13.19,
            "gross_margin_4q_avg": 14.26,
            "net_income": 20839,
            "net_income_4q": null,
            "revenue": 437603,
            "revenue_4q": null,
            "common_shares": 421918,
            "book_valuer_per_share": 19.08,
            "book_valuer_per_share_4q_avg": 19,
            "equity": 865722,
            "current_ratio": 160.21,
            "debt_ratio": 43.39,
            "inventory_turnover_ratio": 4.32,
            "account_receivable_turnover_ratio": 0.92,
            "reinvestment_rate": null,
            "research_to_sale_ratio": null,
            "price_fair": 6.24,
            "eps_avg_yearly": 2.08,
            "eps_latest_yearly": 1.68,
            "eps_growth_yearly": -75.98
        },
        "20113": {
            "year_quarter": 20113,
            "year": 2011,
            "quarter": 3,
            "eps": 0.45,
            "eps_growth_year": -40.27,
            "eps_4q": 1.66,
            "eps_4q_growth_year": -16.82,
            "roe": 2.2,
            "roe_4q": 9.46,
            "gross_profit": 73245,
            "gross_margin": 17.16,
            "gross_margin_4q_avg": 15.5,
            "net_income": 19580,
            "net_income_4q": null,
            "revenue": 426840,
            "revenue_4q": null,
            "common_shares": 434576,
            "book_valuer_per_share": 18.94,
            "book_valuer_per_share_4q_avg": 19.02,
            "equity": 917220,
            "current_ratio": 165.81,
            "debt_ratio": 41.1,
            "inventory_turnover_ratio": 3.46,
            "account_receivable_turnover_ratio": 0.85,
            "reinvestment_rate": null,
            "research_to_sale_ratio": null,
            "price_fair": 6.1,
            "eps_avg_yearly": 2.03,
            "eps_latest_yearly": 1.8,
            "eps_growth_yearly": -58.55
        },
        "20114": {
            "year_quarter": 20114,
            "year": 2011,
            "quarter": 4,
            "eps": -0.05,
            "eps_growth_year": -110.47,
            "eps_4q": 1.15,
            "eps_4q_growth_year": -45.85,
            "roe": -0.47,
            "roe_4q": 6.04,
            "gross_profit": 65960,
            "gross_margin": 15.26,
            "gross_margin_4q_avg": 15.44,
            "net_income": -4289,
            "net_income_4q": null,
            "revenue": 432349,
            "revenue_4q": null,
            "common_shares": 434576,
            "book_valuer_per_share": 18.88,
            "book_valuer_per_share_4q_avg": 19.25,
            "equity": 915022,
            "current_ratio": 159.31,
            "debt_ratio": 41.76,
            "inventory_turnover_ratio": 3.04,
            "account_receivable_turnover_ratio": 0.85,
            "reinvestment_rate": null,
            "research_to_sale_ratio": null,
            "price_fair": 6.1,
            "eps_avg_yearly": 2.03,
            "eps_latest_yearly": 1.8,
            "eps_growth_yearly": -58.55
        },
        "20121": {
            "year_quarter": 20121,
            "year": 2012,
            "quarter": 1,
            "eps": 0.39,
            "eps_growth_year": 5.41,
            "eps_4q": 1.2,
            "eps_4q_growth_year": -47.01,
            "roe": 2.71,
            "roe_4q": 6.790000000000001,
            "gross_profit": 85599,
            "gross_margin": 20.48,
            "gross_margin_4q_avg": 16.52,
            "net_income": 25943,
            "net_income_4q": null,
            "revenue": 417923,
            "revenue_4q": null,
            "common_shares": 434576,
            "book_valuer_per_share": 19.31,
            "book_valuer_per_share_4q_avg": 19.05,
            "equity": 999972,
            "current_ratio": 170.32,
            "debt_ratio": 37.21,
            "inventory_turnover_ratio": 2.77,
            "account_receivable_turnover_ratio": 0.8,
            "reinvestment_rate": null,
            "research_to_sale_ratio": null,
            "price_fair": 6.1,
            "eps_avg_yearly": 2.03,
            "eps_latest_yearly": 1.8,
            "eps_growth_yearly": -58.55
        },
        "20122": {
            "year_quarter": 20122,
            "year": 2012,
            "quarter": 2,
            "eps": 0.24,
            "eps_growth_year": -41.55,
            "eps_4q": 0.99,
            "eps_4q_growth_year": -47.16,
            "roe": 0.93,
            "roe_4q": 5.37,
            "gross_profit": 80458,
            "gross_margin": 17.33,
            "gross_margin_4q_avg": 17.56,
            "net_income": 9412,
            "net_income_4q": null,
            "revenue": 464266,
            "revenue_4q": null,
            "common_shares": 434576,
            "book_valuer_per_share": 19.59,
            "book_valuer_per_share_4q_avg": 19.18,
            "equity": 1025543,
            "current_ratio": 180.05,
            "debt_ratio": 44.39,
            "inventory_turnover_ratio": 3.36,
            "account_receivable_turnover_ratio": 0.82,
            "reinvestment_rate": null,
            "research_to_sale_ratio": null,
            "price_fair": 5.64,
            "eps_avg_yearly": 1.88,
            "eps_latest_yearly": 0.96,
            "eps_growth_yearly": -72.17
        },
        "20123": {
            "year_quarter": 20123,
            "year": 2012,
            "quarter": 3,
            "eps": 0.42,
            "eps_growth_year": -5.77,
            "eps_4q": 0.92,
            "eps_4q_growth_year": -44.48,
            "roe": 1.93,
            "roe_4q": 5.1000000000000005,
            "gross_profit": 87931,
            "gross_margin": 18.28,
            "gross_margin_4q_avg": 17.84,
            "net_income": 21737,
            "net_income_4q": null,
            "revenue": 481074,
            "revenue_4q": null,
            "common_shares": 434576,
            "book_valuer_per_share": 20.29,
            "book_valuer_per_share_4q_avg": 19.52,
            "equity": 1223861,
            "current_ratio": 194.63,
            "debt_ratio": 36.97,
            "inventory_turnover_ratio": 3.44,
            "account_receivable_turnover_ratio": 0.77,
            "reinvestment_rate": null,
            "research_to_sale_ratio": null,
            "price_fair": 5.57,
            "eps_avg_yearly": 1.86,
            "eps_latest_yearly": 1.68,
            "eps_growth_yearly": -25.65
        },
        "20124": {
            "year_quarter": 20124,
            "year": 2012,
            "quarter": 4,
            "eps": 0.45,
            "eps_growth_year": null,
            "eps_4q": 1.41,
            "eps_4q_growth_year": 22.94,
            "roe": 1.47,
            "roe_4q": 7.04,
            "gross_profit": 94964,
            "gross_margin": 20.22,
            "gross_margin_4q_avg": 19.08,
            "net_income": 17998,
            "net_income_4q": null,
            "revenue": 469581,
            "revenue_4q": null,
            "common_shares": 512971,
            "book_valuer_per_share": 19.94,
            "book_valuer_per_share_4q_avg": 19.78,
            "equity": 1224887,
            "current_ratio": 183.11,
            "debt_ratio": 36.95,
            "inventory_turnover_ratio": 2.96,
            "account_receivable_turnover_ratio": 0.73,
            "reinvestment_rate": null,
            "research_to_sale_ratio": null,
            "price_fair": 5.55,
            "eps_avg_yearly": 1.85,
            "eps_latest_yearly": 1.8,
            "eps_growth_yearly": -19.62
        },
        "20131": {
            "year_quarter": 20131,
            "year": 2013,
            "quarter": 1,
            "eps": 0.12,
            "eps_growth_year": -69.23,
            "eps_4q": 1.2,
            "eps_4q_growth_year": -0.25,
            "roe": 0.5,
            "roe_4q": 4.83,
            "gross_profit": 70827,
            "gross_margin": 16.26,
            "gross_margin_4q_avg": 18.02,
            "net_income": 6212,
            "net_income_4q": null,
            "revenue": 435667,
            "revenue_4q": null,
            "common_shares": 518497,
            "book_valuer_per_share": 19.98,
            "book_valuer_per_share_4q_avg": 19.95,
            "equity": 1238251,
            "current_ratio": 196.58,
            "debt_ratio": 34.78,
            "inventory_turnover_ratio": 2.51,
            "account_receivable_turnover_ratio": 0.71,
            "reinvestment_rate": null,
            "research_to_sale_ratio": null,
            "price_fair": 5.14,
            "eps_avg_yearly": 1.71,
            "eps_latest_yearly": 0.48,
            "eps_growth_yearly": -46.99
        },
        "20132": {
            "year_quarter": 20132,
            "year": 2013,
            "quarter": 2,
            "eps": 0.4,
            "eps_growth_year": 64.64,
            "eps_4q": 1.32,
            "eps_4q_growth_year": 33.34,
            "roe": 1.78,
            "roe_4q": 5.68,
            "gross_profit": 102644,
            "gross_margin": 20.94,
            "gross_margin_4q_avg": 18.93,
            "net_income": 21947,
            "net_income_4q": null,
            "revenue": 490129,
            "revenue_4q": null,
            "common_shares": 523977,
            "book_valuer_per_share": 19.91,
            "book_valuer_per_share_4q_avg": 20.03,
            "equity": 1234291,
            "current_ratio": 193.74,
            "debt_ratio": 35.25,
            "inventory_turnover_ratio": 2.56,
            "account_receivable_turnover_ratio": 0.75,
            "reinvestment_rate": 86.19,
            "research_to_sale_ratio": null,
            "price_fair": 59.56,
            "eps_avg_yearly": 1.7,
            "eps_latest_yearly": 1.6,
            "eps_growth_yearly": 42.13
        },
        "20133": {
            "year_quarter": 20133,
            "year": 2013,
            "quarter": 3,
            "eps": 0.54,
            "eps_growth_year": 27.13,
            "eps_4q": 1.44,
            "eps_4q_growth_year": 56.38,
            "roe": 2.64,
            "roe_4q": 6.39,
            "gross_profit": 84950,
            "gross_margin": 18.31,
            "gross_margin_4q_avg": 18.93,
            "net_income": 31318,
            "net_income_4q": null,
            "revenue": 463889,
            "revenue_4q": null,
            "common_shares": 551523,
            "book_valuer_per_share": 18.85,
            "book_valuer_per_share_4q_avg": 19.67,
            "equity": 1140884,
            "current_ratio": 263.36,
            "debt_ratio": 49.17,
            "inventory_turnover_ratio": 2.51,
            "account_receivable_turnover_ratio": 0.68,
            "reinvestment_rate": 92.3,
            "research_to_sale_ratio": null,
            "price_fair": 60.9,
            "eps_avg_yearly": 1.74,
            "eps_latest_yearly": 2.16,
            "eps_growth_yearly": 50.28
        },
        "20134": {
            "year_quarter": 20134,
            "year": 2013,
            "quarter": 4,
            "eps": 0.59,
            "eps_growth_year": 29.55,
            "eps_4q": 1.6,
            "eps_4q_growth_year": 13.49,
            "roe": 2.99,
            "roe_4q": 7.910000000000001,
            "gross_profit": 79647,
            "gross_margin": 16.76,
            "gross_margin_4q_avg": 18.07,
            "net_income": 34688,
            "net_income_4q": null,
            "revenue": 475233,
            "revenue_4q": null,
            "common_shares": 554283,
            "book_valuer_per_share": 19.47,
            "book_valuer_per_share_4q_avg": 19.55,
            "equity": 1181150,
            "current_ratio": 256.3,
            "debt_ratio": 48.89,
            "inventory_turnover_ratio": 2.55,
            "account_receivable_turnover_ratio": 0.76,
            "reinvestment_rate": 81.33,
            "research_to_sale_ratio": null,
            "price_fair": 61.48,
            "eps_avg_yearly": 1.76,
            "eps_latest_yearly": 2.36,
            "eps_growth_yearly": 65.77
        },
        "20141": {
            "year_quarter": 20141,
            "year": 2014,
            "quarter": 1,
            "eps": 0.4,
            "eps_growth_year": 233.33,
            "eps_4q": 1.89,
            "eps_4q_growth_year": 57.52,
            "roe": 2.06,
            "roe_4q": 9.47,
            "gross_profit": 85626,
            "gross_margin": 18.57,
            "gross_margin_4q_avg": 18.65,
            "net_income": 24629,
            "net_income_4q": null,
            "revenue": 461189,
            "revenue_4q": null,
            "common_shares": 554283,
            "book_valuer_per_share": 19.87,
            "book_valuer_per_share_4q_avg": 19.53,
            "equity": 1206129,
            "current_ratio": 249.36,
            "debt_ratio": 48.77,
            "inventory_turnover_ratio": 2.42,
            "account_receivable_turnover_ratio": 0.78,
            "reinvestment_rate": 46.32,
            "research_to_sale_ratio": null,
            "price_fair": 61.06,
            "eps_avg_yearly": 1.74,
            "eps_latest_yearly": 1.6,
            "eps_growth_yearly": 50.8
        },
        "20142": {
            "year_quarter": 20142,
            "year": 2014,
            "quarter": 2,
            "eps": 0.6,
            "eps_growth_year": 50,
            "eps_4q": 2,
            "eps_4q_growth_year": 51.31,
            "roe": 3.01,
            "roe_4q": 10.700000000000001,
            "gross_profit": 107117,
            "gross_margin": 20.95,
            "gross_margin_4q_avg": 18.65,
            "net_income": 36536,
            "net_income_4q": null,
            "revenue": 511319,
            "revenue_4q": null,
            "common_shares": 556004,
            "book_valuer_per_share": 19.98,
            "book_valuer_per_share_4q_avg": 19.54,
            "equity": 1221522,
            "current_ratio": 232.51,
            "debt_ratio": 49.46,
            "inventory_turnover_ratio": 2.7,
            "account_receivable_turnover_ratio": 0.83,
            "reinvestment_rate": 30.71,
            "research_to_sale_ratio": null,
            "price_fair": 62.7,
            "eps_avg_yearly": 1.79,
            "eps_latest_yearly": 2.4,
            "eps_growth_yearly": 61.46
        },
        "20143": {
            "year_quarter": 20143,
            "year": 2014,
            "quarter": 3,
            "eps": 0.55,
            "eps_growth_year": 1.85,
            "eps_4q": 2.05,
            "eps_4q_growth_year": 42.06,
            "roe": 2.79,
            "roe_4q": 10.85,
            "gross_profit": 97676,
            "gross_margin": 19.65,
            "gross_margin_4q_avg": 18.98,
            "net_income": 35328,
            "net_income_4q": null,
            "revenue": 497058,
            "revenue_4q": null,
            "common_shares": 587347,
            "book_valuer_per_share": 19.68,
            "book_valuer_per_share_4q_avg": 19.75,
            "equity": 1309106,
            "current_ratio": 135.73,
            "debt_ratio": 47.55,
            "inventory_turnover_ratio": 2.58,
            "account_receivable_turnover_ratio": 0.79,
            "reinvestment_rate": 53.88,
            "research_to_sale_ratio": null,
            "price_fair": 60.7,
            "eps_avg_yearly": 1.73,
            "eps_latest_yearly": 2.2,
            "eps_growth_yearly": 62.44
        },
        "20144": {
            "year_quarter": 20144,
            "year": 2014,
            "quarter": 4,
            "eps": 0.31,
            "eps_growth_year": -47.07,
            "eps_4q": 1.81,
            "eps_4q_growth_year": 12.68,
            "roe": 1.26,
            "roe_4q": 9.12,
            "gross_profit": 87382,
            "gross_margin": 17.51,
            "gross_margin_4q_avg": 19.17,
            "net_income": 16628,
            "net_income_4q": null,
            "revenue": 499180,
            "revenue_4q": null,
            "common_shares": 588234,
            "book_valuer_per_share": 19.99,
            "book_valuer_per_share_4q_avg": 19.88,
            "equity": 1325982,
            "current_ratio": 135.15,
            "debt_ratio": 50.87,
            "inventory_turnover_ratio": 2.76,
            "account_receivable_turnover_ratio": 0.81,
            "reinvestment_rate": 39.75,
            "research_to_sale_ratio": null,
            "price_fair": 58.6,
            "eps_avg_yearly": 1.67,
            "eps_latest_yearly": 1.24,
            "eps_growth_yearly": 58.74
        },
        "20151": {
            "year_quarter": 20151,
            "year": 2015,
            "quarter": 1,
            "eps": 2.12,
            "eps_growth_year": 430,
            "eps_4q": 3.59,
            "eps_4q_growth_year": 90.2,
            "roe": 9.77,
            "roe_4q": 16.83,
            "gross_profit": 72554,
            "gross_margin": 15.27,
            "gross_margin_4q_avg": 18.35,
            "net_income": 132585,
            "net_income_4q": null,
            "revenue": 475252,
            "revenue_4q": null,
            "common_shares": 588234,
            "book_valuer_per_share": 21.53,
            "book_valuer_per_share_4q_avg": 20.3,
            "equity": 1389434,
            "current_ratio": 143.3,
            "debt_ratio": 48.2,
            "inventory_turnover_ratio": 3.15,
            "account_receivable_turnover_ratio": 0.79,
            "reinvestment_rate": 31,
            "research_to_sale_ratio": null,
            "price_fair": 76.1,
            "eps_avg_yearly": 2.17,
            "eps_latest_yearly": 8.48,
            "eps_growth_yearly": 233.8
        },
        "20152": {
            "year_quarter": 20152,
            "year": 2015,
            "quarter": 2,
            "eps": 0.76,
            "eps_growth_year": 26.67,
            "eps_4q": 3.56,
            "eps_4q_growth_year": 78.29,
            "roe": 3.35,
            "roe_4q": 17.169999999999998,
            "gross_profit": 128396,
            "gross_margin": 23.73,
            "gross_margin_4q_avg": 19.04,
            "net_income": 47400,
            "net_income_4q": null,
            "revenue": 541173,
            "revenue_4q": null,
            "common_shares": 593179,
            "book_valuer_per_share": 22.07,
            "book_valuer_per_share_4q_avg": 20.82,
            "equity": 1439497,
            "current_ratio": 140.75,
            "debt_ratio": 47.86,
            "inventory_turnover_ratio": 3.19,
            "account_receivable_turnover_ratio": 0.89,
            "reinvestment_rate": 20.24,
            "research_to_sale_ratio": null,
            "price_fair": 79.5,
            "eps_avg_yearly": 2.27,
            "eps_latest_yearly": 3.04,
            "eps_growth_yearly": 211.61
        },
        "20153": {
            "year_quarter": 20153,
            "year": 2015,
            "quarter": 3,
            "eps": 0.64,
            "eps_growth_year": 16.36,
            "eps_4q": 3.54,
            "eps_4q_growth_year": 72.48,
            "roe": 2.79,
            "roe_4q": 17.17,
            "gross_profit": 119103,
            "gross_margin": 22.13,
            "gross_margin_4q_avg": 19.66,
            "net_income": 41149,
            "net_income_4q": null,
            "revenue": 538113,
            "revenue_4q": null,
            "common_shares": 623722,
            "book_valuer_per_share": 21.99,
            "book_valuer_per_share_4q_avg": 21.4,
            "equity": 1513238,
            "current_ratio": 146.92,
            "debt_ratio": 45.06,
            "inventory_turnover_ratio": 2.97,
            "account_receivable_turnover_ratio": 0.84,
            "reinvestment_rate": 36.84,
            "research_to_sale_ratio": null,
            "price_fair": 81.4,
            "eps_avg_yearly": 2.33,
            "eps_latest_yearly": 2.56,
            "eps_growth_yearly": 205.06
        },
        "20154": {
            "year_quarter": 20154,
            "year": 2015,
            "quarter": 4,
            "eps": 0.16,
            "eps_growth_year": -49.38,
            "eps_4q": 2.98,
            "eps_4q_growth_year": 64.73,
            "roe": 0.62,
            "roe_4q": 16.53,
            "gross_profit": 93989,
            "gross_margin": 16.2,
            "gross_margin_4q_avg": 19.33,
            "net_income": 10480,
            "net_income_4q": null,
            "revenue": 580128,
            "revenue_4q": null,
            "common_shares": 646839,
            "book_valuer_per_share": 24.13,
            "book_valuer_per_share_4q_avg": 22.43,
            "equity": 1880781,
            "current_ratio": 205.3,
            "debt_ratio": 32.9,
            "inventory_turnover_ratio": 3.61,
            "account_receivable_turnover_ratio": 0.89,
            "reinvestment_rate": 47.51,
            "research_to_sale_ratio": null,
            "price_fair": 77.47,
            "eps_avg_yearly": 2.21,
            "eps_latest_yearly": 0.64,
            "eps_growth_yearly": 171.39
        },
        "20161": {
            "year_quarter": 20161,
            "year": 2016,
            "quarter": 1,
            "eps": 0.36,
            "eps_growth_year": -83.02,
            "eps_4q": 1.64,
            "eps_4q_growth_year": -54.14,
            "roe": 1.45,
            "roe_4q": 8.209999999999999,
            "gross_profit": 101277,
            "gross_margin": 18.72,
            "gross_margin_4q_avg": 20.2,
            "net_income": 27606,
            "net_income_4q": null,
            "revenue": 540990,
            "revenue_4q": null,
            "common_shares": 742875,
            "book_valuer_per_share": 24.58,
            "book_valuer_per_share_4q_avg": 23.19,
            "equity": 1931631,
            "current_ratio": 218.78,
            "debt_ratio": 30.2,
            "inventory_turnover_ratio": 3.46,
            "account_receivable_turnover_ratio": 0.87,
            "reinvestment_rate": 34.7,
            "research_to_sale_ratio": null,
            "price_fair": 75.78,
            "eps_avg_yearly": 2.17,
            "eps_latest_yearly": 1.44,
            "eps_growth_yearly": 191.92
        },
        "20162": {
            "year_quarter": 20162,
            "year": 2016,
            "quarter": 2,
            "eps": 0.49,
            "eps_growth_year": -35.53,
            "eps_4q": 1.53,
            "eps_4q_growth_year": -56.97,
            "roe": 1.9,
            "roe_4q": 6.76,
            "gross_profit": 120811,
            "gross_margin": 20.68,
            "gross_margin_4q_avg": 19.43,
            "net_income": 36155,
            "net_income_4q": null,
            "revenue": 584220,
            "revenue_4q": null,
            "common_shares": 749719,
            "book_valuer_per_share": 23.66,
            "book_valuer_per_share_4q_avg": 23.59,
            "equity": 1867911,
            "current_ratio": 154.55,
            "debt_ratio": 35.3,
            "inventory_turnover_ratio": 3.35,
            "account_receivable_turnover_ratio": 0.92,
            "reinvestment_rate": 82.2,
            "research_to_sale_ratio": null,
            "price_fair": 77.96,
            "eps_avg_yearly": 2.23,
            "eps_latest_yearly": 1.96,
            "eps_growth_yearly": 210.57
        },
        "20163": {
            "year_quarter": 20163,
            "year": 2016,
            "quarter": 3,
            "eps": 0.55,
            "eps_growth_year": -14.06,
            "eps_4q": 1.55,
            "eps_4q_growth_year": -56.18,
            "roe": 2.18,
            "roe_4q": 6.15,
            "gross_profit": 117766,
            "gross_margin": 19.94,
            "gross_margin_4q_avg": 18.89,
            "net_income": 41708,
            "net_income_4q": null,
            "revenue": 590462,
            "revenue_4q": null,
            "common_shares": 755842,
            "book_valuer_per_share": 24.27,
            "book_valuer_per_share_4q_avg": 24.16,
            "equity": 1954999,
            "current_ratio": 156.71,
            "debt_ratio": 35.7,
            "inventory_turnover_ratio": 3.3,
            "account_receivable_turnover_ratio": 0.9,
            "reinvestment_rate": 86.86,
            "research_to_sale_ratio": null,
            "price_fair": 79.1,
            "eps_avg_yearly": 2.26,
            "eps_latest_yearly": 2.2,
            "eps_growth_yearly": 194.88
        },
        "20164": {
            "year_quarter": 20164,
            "year": 2016,
            "quarter": 4,
            "eps": 0.27,
            "eps_growth_year": 71.62,
            "eps_4q": 1.66,
            "eps_4q_growth_year": -44.06,
            "roe": 0.98,
            "roe_4q": 6.510000000000001,
            "gross_profit": 100545,
            "gross_margin": 16.36,
            "gross_margin_4q_avg": 18.93,
            "net_income": 19147,
            "net_income_4q": null,
            "revenue": 614510,
            "revenue_4q": null,
            "common_shares": 755842,
            "book_valuer_per_share": 24.4,
            "book_valuer_per_share_4q_avg": 24.23,
            "equity": 1965951,
            "current_ratio": 159.01,
            "debt_ratio": 36.65,
            "inventory_turnover_ratio": 3.39,
            "account_receivable_turnover_ratio": 0.89,
            "reinvestment_rate": -3.37,
            "research_to_sale_ratio": null,
            "price_fair": 77.53,
            "eps_avg_yearly": 2.22,
            "eps_latest_yearly": 1.08,
            "eps_growth_yearly": 180.37
        },
        "20171": {
            "year_quarter": 20171,
            "year": 2017,
            "quarter": 1,
            "eps": 0.32,
            "eps_growth_year": -11.11,
            "eps_4q": 1.63,
            "eps_4q_growth_year": -1.14,
            "roe": 1.17,
            "roe_4q": 6.23,
            "gross_profit": 108435,
            "gross_margin": 17.88,
            "gross_margin_4q_avg": 18.72,
            "net_income": 23241,
            "net_income_4q": null,
            "revenue": 606594,
            "revenue_4q": null,
            "common_shares": 755842,
            "book_valuer_per_share": 24.82,
            "book_valuer_per_share_4q_avg": 24.29,
            "equity": 1996440,
            "current_ratio": 162.66,
            "debt_ratio": 34.93,
            "inventory_turnover_ratio": 3.2,
            "account_receivable_turnover_ratio": 0.82,
            "reinvestment_rate": 80.19,
            "research_to_sale_ratio": null,
            "price_fair": 79.28,
            "eps_avg_yearly": 2.27,
            "eps_latest_yearly": 1.28,
            "eps_growth_yearly": 203.33
        },
        "20172": {
            "year_quarter": 20172,
            "year": 2017,
            "quarter": 2,
            "eps": 0.64,
            "eps_growth_year": 30.61,
            "eps_4q": 1.7,
            "eps_4q_growth_year": 11.08,
            "roe": 2.51,
            "roe_4q": 6.84,
            "gross_profit": 140510,
            "gross_margin": 21.41,
            "gross_margin_4q_avg": 18.9,
            "net_income": 49815,
            "net_income_4q": null,
            "revenue": 656145,
            "revenue_4q": null,
            "common_shares": 755842,
            "book_valuer_per_share": 24.54,
            "book_valuer_per_share_4q_avg": 24.51,
            "equity": 1974421,
            "current_ratio": 154.02,
            "debt_ratio": 38.48,
            "inventory_turnover_ratio": 3.43,
            "account_receivable_turnover_ratio": 0.83,
            "reinvestment_rate": 79.62,
            "research_to_sale_ratio": null,
            "price_fair": 81.38,
            "eps_avg_yearly": 2.33,
            "eps_latest_yearly": 2.56,
            "eps_growth_yearly": 170
        },
        "20173": {
            "year_quarter": 20173,
            "year": 2017,
            "quarter": 3,
            "eps": 0.53,
            "eps_growth_year": -3.64,
            "eps_4q": 1.7,
            "eps_4q_growth_year": 9.82,
            "roe": 2.16,
            "roe_4q": 6.82,
            "gross_profit": 127096,
            "gross_margin": 18.57,
            "gross_margin_4q_avg": 18.56,
            "net_income": 43425,
            "net_income_4q": null,
            "revenue": 684242,
            "revenue_4q": null,
            "common_shares": 792889,
            "book_valuer_per_share": 23.84,
            "book_valuer_per_share_4q_avg": 24.4,
            "equity": 2042323,
            "current_ratio": 150.41,
            "debt_ratio": 38.2,
            "inventory_turnover_ratio": 3.75,
            "account_receivable_turnover_ratio": 0.83,
            "reinvestment_rate": 80.11,
            "research_to_sale_ratio": null,
            "price_fair": 81.29,
            "eps_avg_yearly": 2.32,
            "eps_latest_yearly": 2.12,
            "eps_growth_yearly": 156.95
        },
        "20174": {
            "year_quarter": 20174,
            "year": 2017,
            "quarter": 4,
            "eps": 0.15,
            "eps_growth_year": -42.98,
            "eps_4q": 1.6,
            "eps_4q_growth_year": -3.99,
            "roe": 0.27,
            "roe_4q": 6.109999999999999,
            "gross_profit": 116744,
            "gross_margin": 17.43,
            "gross_margin_4q_avg": 18.82,
            "net_income": 5495,
            "net_income_4q": null,
            "revenue": 669718,
            "revenue_4q": null,
            "common_shares": 792889,
            "book_valuer_per_share": 23.95,
            "book_valuer_per_share_4q_avg": 24.29,
            "equity": 2047055,
            "current_ratio": 141.71,
            "debt_ratio": 39.1,
            "inventory_turnover_ratio": 3.91,
            "account_receivable_turnover_ratio": 0.77,
            "reinvestment_rate": 94.87,
            "research_to_sale_ratio": null,
            "price_fair": 77.44,
            "eps_avg_yearly": 2.21,
            "eps_latest_yearly": 0.6,
            "eps_growth_yearly": 136.71
        },
        "20181": {
            "year_quarter": 20181,
            "year": 2018,
            "quarter": 1,
            "eps": 0.17,
            "eps_growth_year": -46.88,
            "eps_4q": 1.23,
            "eps_4q_growth_year": -24.07,
            "roe": 0.43,
            "roe_4q": 5.37,
            "gross_profit": 93368,
            "gross_margin": 14.05,
            "gross_margin_4q_avg": 17.87,
            "net_income": 9763,
            "net_income_4q": null,
            "revenue": 664668,
            "revenue_4q": null,
            "common_shares": 927979,
            "book_valuer_per_share": 24.5,
            "book_valuer_per_share_4q_avg": 24.21,
            "equity": 2443932,
            "current_ratio": 199.91,
            "debt_ratio": 35.86,
            "inventory_turnover_ratio": 3.97,
            "account_receivable_turnover_ratio": 0.74,
            "reinvestment_rate": 20.25,
            "research_to_sale_ratio": null,
            "price_fair": 75.43,
            "eps_avg_yearly": 2.16,
            "eps_latest_yearly": 0.68,
            "eps_growth_yearly": 148.09
        },
        "20182": {
            "year_quarter": 20182,
            "year": 2018,
            "quarter": 2,
            "eps": 0.22,
            "eps_growth_year": -65.62,
            "eps_4q": 0.89,
            "eps_4q_growth_year": -47.59,
            "roe": 0.84,
            "roe_4q": 3.7,
            "gross_profit": 118235,
            "gross_margin": 16.57,
            "gross_margin_4q_avg": 16.66,
            "net_income": 20557,
            "net_income_4q": null,
            "revenue": 713453,
            "revenue_4q": null,
            "common_shares": 927979,
            "book_valuer_per_share": 24.39,
            "book_valuer_per_share_4q_avg": 24.17,
            "equity": 2430036,
            "current_ratio": 182.26,
            "debt_ratio": 37.36,
            "inventory_turnover_ratio": 2.93,
            "account_receivable_turnover_ratio": 0.75,
            "reinvestment_rate": 25.47,
            "research_to_sale_ratio": null,
            "price_fair": 72.1,
            "eps_avg_yearly": 2.06,
            "eps_latest_yearly": 0.88,
            "eps_growth_yearly": 142.95
        },
        "20183": {
            "year_quarter": 20183,
            "year": 2018,
            "quarter": 3,
            "eps": 0.39,
            "eps_growth_year": -26.42,
            "eps_4q": 0.86,
            "eps_4q_growth_year": -49.72,
            "roe": 1.41,
            "roe_4q": 2.95,
            "gross_profit": 158636,
            "gross_margin": 18.27,
            "gross_margin_4q_avg": 16.58,
            "net_income": 34171,
            "net_income_4q": null,
            "revenue": 868143,
            "revenue_4q": null,
            "common_shares": 974378,
            "book_valuer_per_share": 23.25,
            "book_valuer_per_share_4q_avg": 24.02,
            "equity": 2426420,
            "current_ratio": 183.77,
            "debt_ratio": 37.93,
            "inventory_turnover_ratio": 2.66,
            "account_receivable_turnover_ratio": 0.84,
            "reinvestment_rate": 10.45,
            "research_to_sale_ratio": null,
            "price_fair": 70.7,
            "eps_avg_yearly": 2.02,
            "eps_latest_yearly": 1.56,
            "eps_growth_yearly": 164.35
        },
        "20184": {
            "year_quarter": 20184,
            "year": 2018,
            "quarter": 4,
            "eps": 0.76,
            "eps_growth_year": 396.46,
            "eps_4q": 1.5,
            "eps_4q_growth_year": -6.36,
            "roe": 2.77,
            "roe_4q": 5.449999999999999,
            "gross_profit": 140232,
            "gross_margin": 17.29,
            "gross_margin_4q_avg": 16.55,
            "net_income": 69082,
            "net_income_4q": null,
            "revenue": 811060,
            "revenue_4q": null,
            "common_shares": 974378,
            "book_valuer_per_share": 24.22,
            "book_valuer_per_share_4q_avg": 24.09,
            "equity": 2561864,
            "current_ratio": 218.71,
            "debt_ratio": 33.45,
            "inventory_turnover_ratio": 2.3,
            "account_receivable_turnover_ratio": 0.79,
            "reinvestment_rate": 16.18,
            "research_to_sale_ratio": null,
            "price_fair": 74.64,
            "eps_avg_yearly": 2.13,
            "eps_latest_yearly": 3.04,
            "eps_growth_yearly": 198.97
        },
        "20191": {
            "year_quarter": 20191,
            "year": 2019,
            "quarter": 1,
            "eps": 0.21,
            "eps_growth_year": 23.53,
            "eps_4q": 1.57,
            "eps_4q_growth_year": 27.13,
            "roe": 0.64,
            "roe_4q": 5.66,
            "gross_profit": 140781,
            "gross_margin": 18.67,
            "gross_margin_4q_avg": 17.7,
            "net_income": 16507,
            "net_income_4q": null,
            "revenue": 754033,
            "revenue_4q": null,
            "common_shares": 974378,
            "book_valuer_per_share": 24.67,
            "book_valuer_per_share_4q_avg": 24.13,
            "equity": 2605561,
            "current_ratio": 190.14,
            "debt_ratio": 35.24,
            "inventory_turnover_ratio": 2.27,
            "account_receivable_turnover_ratio": 0.77,
            "reinvestment_rate": 19.44,
            "research_to_sale_ratio": null,
            "price_fair": 57.93,
            "eps_avg_yearly": 1.66,
            "eps_latest_yearly": 0.84,
            "eps_growth_yearly": 34.92
        },
        "20192": {
            "year_quarter": 20192,
            "year": 2019,
            "quarter": 2,
            "eps": 0.68,
            "eps_growth_year": 209.09,
            "eps_4q": 1.94,
            "eps_4q_growth_year": 117.95,
            "roe": 2.51,
            "roe_4q": 7.33,
            "gross_profit": 176524,
            "gross_margin": 22.61,
            "gross_margin_4q_avg": 19.21,
            "net_income": 65793,
            "net_income_4q": null,
            "revenue": 780812,
            "revenue_4q": null,
            "common_shares": 974378,
            "book_valuer_per_share": 24.95,
            "book_valuer_per_share_4q_avg": 24.27,
            "equity": 2632968,
            "current_ratio": 183.58,
            "debt_ratio": 37.04,
            "inventory_turnover_ratio": 2.56,
            "account_receivable_turnover_ratio": 0.8,
            "reinvestment_rate": 19.17,
            "research_to_sale_ratio": null,
            "price_fair": 57.23,
            "eps_avg_yearly": 1.64,
            "eps_latest_yearly": 2.72,
            "eps_growth_yearly": 106.91
        },
        "20193": {
            "year_quarter": 20193,
            "year": 2019,
            "quarter": 3,
            "eps": 0.77,
            "eps_growth_year": 97.44,
            "eps_4q": 2.34,
            "eps_4q_growth_year": 173.94,
            "roe": 2.76,
            "roe_4q": 8.68,
            "gross_profit": 164992,
            "gross_margin": 21.07,
            "gross_margin_4q_avg": 19.91,
            "net_income": 74017,
            "net_income_4q": null,
            "revenue": 783165,
            "revenue_4q": null,
            "common_shares": 1023097,
            "book_valuer_per_share": 24.7,
            "book_valuer_per_share_4q_avg": 24.64,
            "equity": 2723866,
            "current_ratio": 165.95,
            "debt_ratio": 39.36,
            "inventory_turnover_ratio": 2.6,
            "account_receivable_turnover_ratio": 0.76,
            "reinvestment_rate": 11.87,
            "research_to_sale_ratio": null,
            "price_fair": 58.36,
            "eps_avg_yearly": 1.67,
            "eps_latest_yearly": 3.08,
            "eps_growth_yearly": 114.16
        },
        "20194": {
            "year_quarter": 20194,
            "year": 2019,
            "quarter": 4,
            "eps": 0.29,
            "eps_growth_year": -62.01,
            "eps_4q": 1.91,
            "eps_4q_growth_year": 27.36,
            "roe": 0.84,
            "roe_4q": 6.749999999999999,
            "gross_profit": 170607,
            "gross_margin": 21.17,
            "gross_margin_4q_avg": 20.88,
            "net_income": 22845,
            "net_income_4q": null,
            "revenue": 805877,
            "revenue_4q": null,
            "common_shares": 1023097,
            "book_valuer_per_share": 24.53,
            "book_valuer_per_share_4q_avg": 24.71,
            "equity": 2700613,
            "current_ratio": 177.58,
            "debt_ratio": 35.92,
            "inventory_turnover_ratio": 2.65,
            "account_receivable_turnover_ratio": 0.83,
            "reinvestment_rate": -3.48,
            "research_to_sale_ratio": null,
            "price_fair": 59.5,
            "eps_avg_yearly": 1.7,
            "eps_latest_yearly": 1.16,
            "eps_growth_yearly": 117.33
        },
        "20201": {
            "year_quarter": 20201,
            "year": 2020,
            "quarter": 1,
            "eps": -0.38,
            "eps_growth_year": -280.95,
            "eps_4q": 1.33,
            "eps_4q_growth_year": -15.51,
            "roe": -1.39,
            "roe_4q": 4.72,
            "gross_profit": 153175,
            "gross_margin": 18.18,
            "gross_margin_4q_avg": 20.76,
            "net_income": -36979,
            "net_income_4q": null,
            "revenue": 842448,
            "revenue_4q": null,
            "common_shares": 1023097,
            "book_valuer_per_share": 23.85,
            "book_valuer_per_share_4q_avg": 24.51,
            "equity": 2629089,
            "current_ratio": 176.58,
            "debt_ratio": 37.31,
            "inventory_turnover_ratio": 2.64,
            "account_receivable_turnover_ratio": 0.94,
            "reinvestment_rate": -18.94,
            "research_to_sale_ratio": null,
            "price_fair": 60.11,
            "eps_avg_yearly": 1.72,
            "eps_latest_yearly": 1.16,
            "eps_growth_yearly": 91.82
        },
        "20202": {
            "year_quarter": 20202,
            "year": 2020,
            "quarter": 2,
            "eps": 0.74,
            "eps_growth_year": 8.82,
            "eps_4q": 1.35,
            "eps_4q_growth_year": -30.48,
            "roe": 3.92,
            "roe_4q": 6.13,
            "gross_profit": 287526,
            "gross_margin": 30.07,
            "gross_margin_4q_avg": 22.62,
            "net_income": 109030,
            "net_income_4q": null,
            "revenue": 956071,
            "revenue_4q": null,
            "common_shares": 1023097,
            "book_valuer_per_share": 25.35,
            "book_valuer_per_share_4q_avg": 24.61,
            "equity": 2940840,
            "current_ratio": 185.92,
            "debt_ratio": 36.98,
            "inventory_turnover_ratio": 2.33,
            "account_receivable_turnover_ratio": 1.01,
            "reinvestment_rate": -59.5,
            "research_to_sale_ratio": null,
            "price_fair": 59.5,
            "eps_avg_yearly": 1.7,
            "eps_latest_yearly": 1.16,
            "eps_growth_yearly": 88.06
        },
        "20203": {
            "year_quarter": 20203,
            "year": 2020,
            "quarter": 3,
            "eps": 1.24,
            "eps_growth_year": 61.04,
            "eps_4q": 1.86,
            "eps_4q_growth_year": -20.78,
            "roe": 6.42,
            "roe_4q": 9.79,
            "gross_profit": 413877,
            "gross_margin": 35.11,
            "gross_margin_4q_avg": 26.13,
            "net_income": 197851,
            "net_income_4q": null,
            "revenue": 1178779,
            "revenue_4q": null,
            "common_shares": 1085408,
            "book_valuer_per_share": 25.78,
            "book_valuer_per_share_4q_avg": 24.88,
            "equity": 3222573,
            "current_ratio": 184.78,
            "debt_ratio": 37.77,
            "inventory_turnover_ratio": 2.61,
            "account_receivable_turnover_ratio": 1.16,
            "reinvestment_rate": -34.14,
            "research_to_sale_ratio": null,
            "price_fair": 66.4,
            "eps_avg_yearly": 1.9,
            "eps_latest_yearly": 4.96,
            "eps_growth_yearly": 103.86
        },
        "20204": {
            "year_quarter": 20204,
            "year": 2020,
            "quarter": 4,
            "eps": 0.69,
            "eps_growth_year": 139.2,
            "eps_4q": 2.28,
            "eps_4q_growth_year": 19.35,
            "roe": 2.68,
            "roe_4q": 11.629999999999999,
            "gross_profit": 325342,
            "gross_margin": 29.01,
            "gross_margin_4q_avg": 28.09,
            "net_income": 91179,
            "net_income_4q": null,
            "revenue": 1121578,
            "revenue_4q": null,
            "common_shares": 1086969,
            "book_valuer_per_share": 26.81,
            "book_valuer_per_share_4q_avg": 25.45,
            "equity": 3579471,
            "current_ratio": 192.81,
            "debt_ratio": 36.02,
            "inventory_turnover_ratio": 2.54,
            "account_receivable_turnover_ratio": 1.06,
            "reinvestment_rate": -8.99,
            "research_to_sale_ratio": null,
            "price_fair": 70.6,
            "eps_avg_yearly": 2.02,
            "eps_latest_yearly": 2.76,
            "eps_growth_yearly": 105.74
        },
        "20211": {
            "year_quarter": 20211,
            "year": 2021,
            "quarter": 1,
            "eps": 0.49,
            "eps_growth_year": null,
            "eps_4q": 3.12,
            "eps_4q_growth_year": 135.21,
            "roe": 1.63,
            "roe_4q": 14.65,
            "gross_profit": 180625,
            "gross_margin": 20.03,
            "gross_margin_4q_avg": 28.56,
            "net_income": 58876,
            "net_income_4q": null,
            "revenue": 901817,
            "revenue_4q": null,
            "common_shares": 1088818,
            "book_valuer_per_share": 27.31,
            "book_valuer_per_share_4q_avg": 26.31,
            "equity": 3639502,
            "current_ratio": 201.17,
            "debt_ratio": 36.13,
            "inventory_turnover_ratio": 2.17,
            "account_receivable_turnover_ratio": 0.87,
            "reinvestment_rate": -6.86,
            "research_to_sale_ratio": null,
            "price_fair": 72.3,
            "eps_avg_yearly": 2.07,
            "eps_latest_yearly": 1.96,
            "eps_growth_yearly": 92.16
        },
        "20212": {
            "year_quarter": 20212,
            "year": 2021,
            "quarter": 2,
            "eps": 0.36,
            "eps_growth_year": -51.35,
            "eps_4q": 2.65,
            "eps_4q_growth_year": 95.74,
            "roe": 0.84,
            "roe_4q": 11.57,
            "gross_profit": 201426,
            "gross_margin": 21.37,
            "gross_margin_4q_avg": 26.38,
            "net_income": 30363,
            "net_income_4q": null,
            "revenue": 942413,
            "revenue_4q": null,
            "common_shares": 1088818,
            "book_valuer_per_share": 27.08,
            "book_valuer_per_share_4q_avg": 26.75,
            "equity": 3577615,
            "current_ratio": 192.66,
            "debt_ratio": 40.42,
            "inventory_turnover_ratio": 2.19,
            "account_receivable_turnover_ratio": 0.91,
            "reinvestment_rate": -6.92,
            "research_to_sale_ratio": null,
            "price_fair": 69.5,
            "eps_avg_yearly": 1.99,
            "eps_latest_yearly": 1.44,
            "eps_growth_yearly": 56.01
        },
        "20213": {
            "year_quarter": 20213,
            "year": 2021,
            "quarter": 3,
            "eps": 0.36,
            "eps_growth_year": -70.97,
            "eps_4q": 1.83,
            "eps_4q_growth_year": -1.51,
            "roe": 0.77,
            "roe_4q": 5.92,
            "gross_profit": 187865,
            "gross_margin": 19.99,
            "gross_margin_4q_avg": 22.6,
            "net_income": 27675,
            "net_income_4q": null,
            "revenue": 939758,
            "revenue_4q": null,
            "common_shares": 1143259,
            "book_valuer_per_share": 26.39,
            "book_valuer_per_share_4q_avg": 26.9,
            "equity": 3639836,
            "current_ratio": 196.86,
            "debt_ratio": 38.91,
            "inventory_turnover_ratio": 2.24,
            "account_receivable_turnover_ratio": 0.88,
            "reinvestment_rate": -14.94,
            "research_to_sale_ratio": null,
            "price_fair": 67.8,
            "eps_avg_yearly": 1.94,
            "eps_latest_yearly": 1.44,
            "eps_growth_yearly": 60.92
        },
        "20214": {
            "year_quarter": 20214,
            "year": 2021,
            "quarter": 4,
            "eps": 0.87,
            "eps_growth_year": 24.93,
            "eps_4q": 2.04,
            "eps_4q_growth_year": -10.56,
            "roe": 2.03,
            "roe_4q": 5.27,
            "gross_profit": 264040,
            "gross_margin": 24.77,
            "gross_margin_4q_avg": 21.54,
            "net_income": 76514,
            "net_income_4q": null,
            "revenue": 1066039,
            "revenue_4q": null,
            "common_shares": 1143259,
            "book_valuer_per_share": 27.54,
            "book_valuer_per_share_4q_avg": 27.08,
            "equity": 3883294,
            "current_ratio": 214.38,
            "debt_ratio": 36.47,
            "inventory_turnover_ratio": 2.58,
            "account_receivable_turnover_ratio": 0.97,
            "reinvestment_rate": -39.32,
            "research_to_sale_ratio": null,
            "price_fair": 75,
            "eps_avg_yearly": 2.14,
            "eps_latest_yearly": 3.48,
            "eps_growth_yearly": 121.88
        },
        "20221": {
            "year_quarter": 20221,
            "year": 2022,
            "quarter": 1,
            "eps": 1.02,
            "eps_growth_year": 108.16,
            "eps_4q": 2.59,
            "eps_4q_growth_year": -16.96,
            "roe": 2.44,
            "roe_4q": 6.08,
            "gross_profit": 288419,
            "gross_margin": 27.72,
            "gross_margin_4q_avg": 23.46,
            "net_income": 95734,
            "net_income_4q": null,
            "revenue": 1040455,
            "revenue_4q": null,
            "common_shares": 1143259,
            "book_valuer_per_share": 28.59,
            "book_valuer_per_share_4q_avg": 27.4,
            "equity": 3977292,
            "current_ratio": 209.82,
            "debt_ratio": 35.73,
            "inventory_turnover_ratio": 2.43,
            "account_receivable_turnover_ratio": 0.88,
            "reinvestment_rate": 7.54,
            "research_to_sale_ratio": 0.35,
            "price_fair": 83.5,
            "eps_avg_yearly": 2.39,
            "eps_latest_yearly": 4.08,
            "eps_growth_yearly": 123
        },
        "20222": {
            "year_quarter": 20222,
            "year": 2022,
            "quarter": 2,
            "eps": 0.9,
            "eps_growth_year": 150,
            "eps_4q": 3,
            "eps_4q_growth_year": 13.36,
            "roe": 2.33,
            "roe_4q": 7.5699999999999985,
            "gross_profit": 286428,
            "gross_margin": 25.67,
            "gross_margin_4q_avg": 24.54,
            "net_income": 92671,
            "net_income_4q": null,
            "revenue": 1115797,
            "revenue_4q": null,
            "common_shares": 1143259,
            "book_valuer_per_share": 28.76,
            "book_valuer_per_share_4q_avg": 27.82,
            "equity": 3990326,
            "current_ratio": 204.87,
            "debt_ratio": 47.15,
            "inventory_turnover_ratio": 2.58,
            "account_receivable_turnover_ratio": 0.9,
            "reinvestment_rate": 127.34,
            "research_to_sale_ratio": 0.28,
            "price_fair": 90.3,
            "eps_avg_yearly": 2.58,
            "eps_latest_yearly": 3.6,
            "eps_growth_yearly": 111.24
        },
        "20223": {
            "year_quarter": 20223,
            "year": 2022,
            "quarter": 3,
            "eps": 0.95,
            "eps_growth_year": 163.89,
            "eps_4q": 3.6,
            "eps_4q_growth_year": 97,
            "roe": 3.27,
            "roe_4q": 10.069999999999999,
            "gross_profit": 295101,
            "gross_margin": 27.96,
            "gross_margin_4q_avg": 26.53,
            "net_income": 133155,
            "net_income_4q": null,
            "revenue": 1055256,
            "revenue_4q": null,
            "common_shares": 1200422,
            "book_valuer_per_share": 28.54,
            "book_valuer_per_share_4q_avg": 28.36,
            "equity": 4143443,
            "current_ratio": 211.74,
            "debt_ratio": 43.41,
            "inventory_turnover_ratio": 2.49,
            "account_receivable_turnover_ratio": 0.91,
            "reinvestment_rate": 117.39,
            "research_to_sale_ratio": 0.59,
            "price_fair": 95.9,
            "eps_avg_yearly": 2.74,
            "eps_latest_yearly": 3.8,
            "eps_growth_yearly": 90.74
        },
        "20224": {
            "year_quarter": 20224,
            "year": 2022,
            "quarter": 4,
            "eps": -0.33,
            "eps_growth_year": -137.79,
            "eps_4q": 2.45,
            "eps_4q_growth_year": 20.32,
            "roe": -1.88,
            "roe_4q": 6.16,
            "gross_profit": 113963,
            "gross_margin": 12.31,
            "gross_margin_4q_avg": 23.42,
            "net_income": -77450,
            "net_income_4q": null,
            "revenue": 925624,
            "revenue_4q": null,
            "common_shares": 1200422,
            "book_valuer_per_share": 28.48,
            "book_valuer_per_share_4q_avg": 28.59,
            "equity": 4098995,
            "current_ratio": 184.58,
            "debt_ratio": 44.44,
            "inventory_turnover_ratio": 2.85,
            "account_receivable_turnover_ratio": 0.79,
            "reinvestment_rate": 144.41,
            "research_to_sale_ratio": 0.37,
            "price_fair": 95.09,
            "eps_avg_yearly": 2.72,
            "eps_latest_yearly": 3.8,
            "eps_growth_yearly": 68.53
        },
        "20231": {
            "year_quarter": 20231,
            "year": 2023,
            "quarter": 1,
            "eps": 0.31,
            "eps_growth_year": -69.61,
            "eps_4q": 1.79,
            "eps_4q_growth_year": -30.91,
            "roe": 0.37,
            "roe_4q": 4.09,
            "gross_profit": 167054,
            "gross_margin": 18.64,
            "gross_margin_4q_avg": 21.15,
            "net_income": 15038,
            "net_income_4q": null,
            "revenue": 896258,
            "revenue_4q": null,
            "common_shares": 1200422,
            "book_valuer_per_share": 28.95,
            "book_valuer_per_share_4q_avg": 28.68,
            "equity": 4118778,
            "current_ratio": 188.38,
            "debt_ratio": 43.37,
            "inventory_turnover_ratio": 2.58,
            "account_receivable_turnover_ratio": 0.75,
            "reinvestment_rate": 140.87,
            "research_to_sale_ratio": 0.29,
            "price_fair": 100.57,
            "eps_avg_yearly": 2.87,
            "eps_latest_yearly": 3.8,
            "eps_growth_yearly": 98.37
        },
        "20232": {
            "year_quarter": 20232,
            "year": 2023,
            "quarter": 2,
            "eps": 0.27,
            "eps_growth_year": -70,
            "eps_4q": 1.15,
            "eps_4q_growth_year": -61.66,
            "roe": 0.36,
            "roe_4q": 2.12,
            "gross_profit": 188398,
            "gross_margin": 20.02,
            "gross_margin_4q_avg": 19.73,
            "net_income": 14322,
            "net_income_4q": null,
            "revenue": 941170,
            "revenue_4q": null,
            "common_shares": 1200422,
            "book_valuer_per_share": 28.16,
            "book_valuer_per_share_4q_avg": 28.53,
            "equity": 3895080,
            "current_ratio": 179.74,
            "debt_ratio": 44.71,
            "inventory_turnover_ratio": 2.49,
            "account_receivable_turnover_ratio": 0.84,
            "reinvestment_rate": 146.46,
            "research_to_sale_ratio": 0.35,
            "price_fair": 80.63,
            "eps_avg_yearly": 2.74,
            "eps_latest_yearly": 1.08,
            "eps_growth_yearly": 19.46
        },
        "20233": {
            "year_quarter": 20233,
            "year": 2023,
            "quarter": 3,
            "eps": 0.08,
            "eps_growth_year": -91.58,
            "eps_4q": 0.32,
            "eps_4q_growth_year": -91.08,
            "roe": -0.16,
            "roe_4q": -1.31,
            "gross_profit": 147292,
            "gross_margin": 15.2,
            "gross_margin_4q_avg": 16.54,
            "net_income": -6113,
            "net_income_4q": null,
            "revenue": 969074,
            "revenue_4q": null,
            "common_shares": 1200422,
            "book_valuer_per_share": 29.1,
            "book_valuer_per_share_4q_avg": 28.67,
            "equity": 3990552,
            "current_ratio": 168.9,
            "debt_ratio": 46.15,
            "inventory_turnover_ratio": 2.64,
            "account_receivable_turnover_ratio": 0.81,
            "reinvestment_rate": 154.6,
            "research_to_sale_ratio": 0.42,
            "price_fair": 7.52,
            "eps_avg_yearly": 2.51,
            "eps_latest_yearly": 0.32,
            "eps_growth_yearly": -8.41
        }
    },
    "months": {
        "2008-12": {
            "month": "2008-12",
            "price": "21.35",
            "revenue": 92877
        },
        "2009-01": {
            "month": "2009-01",
            "price": "22.55",
            "revenue": 70481
        },
        "2009-02": {
            "month": "2009-02",
            "price": "23.05",
            "revenue": 75515
        },
        "2009-03": {
            "month": "2009-03",
            "price": "26.79",
            "revenue": 72829
        },
        "2009-04": {
            "month": "2009-04",
            "price": "32.74",
            "revenue": 81325
        },
        "2009-05": {
            "month": "2009-05",
            "price": "35.85",
            "revenue": 76031
        },
        "2009-06": {
            "month": "2009-06",
            "price": "37.94",
            "revenue": 76538
        },
        "2009-07": {
            "month": "2009-07",
            "price": "45.18",
            "revenue": 78576
        },
        "2009-08": {
            "month": "2009-08",
            "price": "43.40",
            "revenue": 70277
        },
        "2009-09": {
            "month": "2009-09",
            "price": "38.11",
            "revenue": 77819
        },
        "2009-10": {
            "month": "2009-10",
            "price": "38.01",
            "revenue": 99198
        },
        "2009-11": {
            "month": "2009-11",
            "price": "36.88",
            "revenue": 108072
        },
        "2009-12": {
            "month": "2009-12",
            "price": "39.25",
            "revenue": 117945
        },
        "2010-01": {
            "month": "2010-01",
            "price": "38.92",
            "revenue": 100342
        },
        "2010-02": {
            "month": "2010-02",
            "price": "38.42",
            "revenue": 93427
        },
        "2010-03": {
            "month": "2010-03",
            "price": "38.54",
            "revenue": 109193
        },
        "2010-04": {
            "month": "2010-04",
            "price": "36.81",
            "revenue": 101215
        },
        "2010-05": {
            "month": "2010-05",
            "price": "38.61",
            "revenue": 104580
        },
        "2010-06": {
            "month": "2010-06",
            "price": "38.62",
            "revenue": 108397
        },
        "2010-07": {
            "month": "2010-07",
            "price": "37.94",
            "revenue": 101370
        },
        "2010-08": {
            "month": "2010-08",
            "price": "37.99",
            "revenue": 108058
        },
        "2010-09": {
            "month": "2010-09",
            "price": "40.75",
            "revenue": 121779
        },
        "2010-10": {
            "month": "2010-10",
            "price": "45.66",
            "revenue": 112319
        },
        "2010-11": {
            "month": "2010-11",
            "price": "49.85",
            "revenue": 111081
        },
        "2010-12": {
            "month": "2010-12",
            "price": "53.53",
            "revenue": 116896
        },
        "2011-01": {
            "month": "2011-01",
            "price": "49.00",
            "revenue": 130041
        },
        "2011-02": {
            "month": "2011-02",
            "price": "52.21",
            "revenue": 75807
        },
        "2011-03": {
            "month": "2011-03",
            "price": "54.28",
            "revenue": 130103
        },
        "2011-04": {
            "month": "2011-04",
            "price": "56.83",
            "revenue": 103981
        },
        "2011-05": {
            "month": "2011-05",
            "price": "54.45",
            "revenue": 110924
        },
        "2011-06": {
            "month": "2011-06",
            "price": "48.39",
            "revenue": 122133
        },
        "2011-07": {
            "month": "2011-07",
            "price": "48.13",
            "revenue": 110683
        },
        "2011-08": {
            "month": "2011-08",
            "price": "39.73",
            "revenue": 111574
        },
        "2011-09": {
            "month": "2011-09",
            "price": "36.63",
            "revenue": 118072
        },
        "2011-10": {
            "month": "2011-10",
            "price": "31.57",
            "revenue": 106417
        },
        "2011-11": {
            "month": "2011-11",
            "price": "28.14",
            "revenue": 134230
        },
        "2011-12": {
            "month": "2011-12",
            "price": "24.69",
            "revenue": 137170
        },
        "2012-01": {
            "month": "2012-01",
            "price": "25.56",
            "revenue": 130936
        },
        "2012-02": {
            "month": "2012-02",
            "price": "30.82",
            "revenue": 126728
        },
        "2012-03": {
            "month": "2012-03",
            "price": "30.43",
            "revenue": 160259
        },
        "2012-04": {
            "month": "2012-04",
            "price": "26.08",
            "revenue": 153165
        },
        "2012-05": {
            "month": "2012-05",
            "price": "24.66",
            "revenue": 153632
        },
        "2012-06": {
            "month": "2012-06",
            "price": "28.93",
            "revenue": 153538
        },
        "2012-07": {
            "month": "2012-07",
            "price": "32.77",
            "revenue": 158595
        },
        "2012-08": {
            "month": "2012-08",
            "price": "33.20",
            "revenue": 174280
        },
        "2012-09": {
            "month": "2012-09",
            "price": "32.45",
            "revenue": 145375
        },
        "2012-10": {
            "month": "2012-10",
            "price": "29.05",
            "revenue": 152722
        },
        "2012-11": {
            "month": "2012-11",
            "price": "25.84",
            "revenue": 153790
        },
        "2012-12": {
            "month": "2012-12",
            "price": "31.33",
            "revenue": 172066
        },
        "2013-01": {
            "month": "2013-01",
            "price": "32.91",
            "revenue": 157637
        },
        "2013-02": {
            "month": "2013-02",
            "price": "34.63",
            "revenue": 125081
        },
        "2013-03": {
            "month": "2013-03",
            "price": "42.56",
            "revenue": 152208
        },
        "2013-04": {
            "month": "2013-04",
            "price": "41.50",
            "revenue": 161446
        },
        "2013-05": {
            "month": "2013-05",
            "price": "41.22",
            "revenue": 166397
        },
        "2013-06": {
            "month": "2013-06",
            "price": "42.30",
            "revenue": 162604
        },
        "2013-07": {
            "month": "2013-07",
            "price": "41.33",
            "revenue": 155433
        },
        "2013-08": {
            "month": "2013-08",
            "price": "41.35",
            "revenue": 154640
        },
        "2013-09": {
            "month": "2013-09",
            "price": "41.72",
            "revenue": 154106
        },
        "2013-10": {
            "month": "2013-10",
            "price": "44.10",
            "revenue": 165079
        },
        "2013-11": {
            "month": "2013-11",
            "price": "43.58",
            "revenue": 150864
        },
        "2013-12": {
            "month": "2013-12",
            "price": "42.25",
            "revenue": 159154
        },
        "2014-01": {
            "month": "2014-01",
            "price": "40.49",
            "revenue": 172498
        },
        "2014-02": {
            "month": "2014-02",
            "price": "41.24",
            "revenue": 126851
        },
        "2014-03": {
            "month": "2014-03",
            "price": "40.51",
            "revenue": 161492
        },
        "2014-04": {
            "month": "2014-04",
            "price": "38.31",
            "revenue": 168966
        },
        "2014-05": {
            "month": "2014-05",
            "price": "37.12",
            "revenue": 175602
        },
        "2014-06": {
            "month": "2014-06",
            "price": "39.65",
            "revenue": 167195
        },
        "2014-07": {
            "month": "2014-07",
            "price": "39.52",
            "revenue": 167031
        },
        "2014-08": {
            "month": "2014-08",
            "price": "38.98",
            "revenue": 155757
        },
        "2014-09": {
            "month": "2014-09",
            "price": "37.91",
            "revenue": 173382
        },
        "2014-10": {
            "month": "2014-10",
            "price": "32.61",
            "revenue": 162034
        },
        "2014-11": {
            "month": "2014-11",
            "price": "31.26",
            "revenue": 152686
        },
        "2014-12": {
            "month": "2014-12",
            "price": "34.53",
            "revenue": 184864
        },
        "2015-01": {
            "month": "2015-01",
            "price": "36.34",
            "revenue": 173542
        },
        "2015-02": {
            "month": "2015-02",
            "price": "39.03",
            "revenue": 129411
        },
        "2015-03": {
            "month": "2015-03",
            "price": "38.90",
            "revenue": 171118
        },
        "2015-04": {
            "month": "2015-04",
            "price": "40.32",
            "revenue": 181470
        },
        "2015-05": {
            "month": "2015-05",
            "price": "40.08",
            "revenue": 175608
        },
        "2015-06": {
            "month": "2015-06",
            "price": "40.34",
            "revenue": 184274
        },
        "2015-07": {
            "month": "2015-07",
            "price": "39.60",
            "revenue": 199267
        },
        "2015-08": {
            "month": "2015-08",
            "price": "36.90",
            "revenue": 167303
        },
        "2015-09": {
            "month": "2015-09",
            "price": "39.37",
            "revenue": 170528
        },
        "2015-10": {
            "month": "2015-10",
            "price": "41.14",
            "revenue": 202360
        },
        "2015-11": {
            "month": "2015-11",
            "price": "45.11",
            "revenue": 179487
        },
        "2015-12": {
            "month": "2015-12",
            "price": "47.91",
            "revenue": 197469
        },
        "2016-01": {
            "month": "2016-01",
            "price": "45.19",
            "revenue": 183827
        },
        "2016-02": {
            "month": "2016-02",
            "price": "48.19",
            "revenue": 151875
        },
        "2016-03": {
            "month": "2016-03",
            "price": "47.52",
            "revenue": 204733
        },
        "2016-04": {
            "month": "2016-04",
            "price": "45.72",
            "revenue": 187193
        },
        "2016-05": {
            "month": "2016-05",
            "price": "41.46",
            "revenue": 193294
        },
        "2016-06": {
            "month": "2016-06",
            "price": "40.94",
            "revenue": 204238
        },
        "2016-07": {
            "month": "2016-07",
            "price": "40.32",
            "revenue": 197868
        },
        "2016-08": {
            "month": "2016-08",
            "price": "38.97",
            "revenue": 185843
        },
        "2016-09": {
            "month": "2016-09",
            "price": "35.67",
            "revenue": 206759
        },
        "2016-10": {
            "month": "2016-10",
            "price": "35.88",
            "revenue": 192791
        },
        "2016-11": {
            "month": "2016-11",
            "price": "34.51",
            "revenue": 213024
        },
        "2016-12": {
            "month": "2016-12",
            "price": "34.47",
            "revenue": 208363
        },
        "2017-01": {
            "month": "2017-01",
            "price": "34.65",
            "revenue": 211921
        },
        "2017-02": {
            "month": "2017-02",
            "price": "36.60",
            "revenue": 167128
        },
        "2017-03": {
            "month": "2017-03",
            "price": "38.28",
            "revenue": 227003
        },
        "2017-04": {
            "month": "2017-04",
            "price": "35.82",
            "revenue": 212074
        },
        "2017-05": {
            "month": "2017-05",
            "price": "34.92",
            "revenue": 213817
        },
        "2017-06": {
            "month": "2017-06",
            "price": "35.40",
            "revenue": 229347
        },
        "2017-07": {
            "month": "2017-07",
            "price": "36.10",
            "revenue": 224873
        },
        "2017-08": {
            "month": "2017-08",
            "price": "37.10",
            "revenue": 237477
        },
        "2017-09": {
            "month": "2017-09",
            "price": "37.20",
            "revenue": 219458
        },
        "2017-10": {
            "month": "2017-10",
            "price": "38.06",
            "revenue": 212901
        },
        "2017-11": {
            "month": "2017-11",
            "price": "37.98",
            "revenue": 228378
        },
        "2017-12": {
            "month": "2017-12",
            "price": "37.43",
            "revenue": 230321
        },
        "2018-01": {
            "month": "2018-01",
            "price": "37.04",
            "revenue": 222901
        },
        "2018-02": {
            "month": "2018-02",
            "price": "34.18",
            "revenue": 180048
        },
        "2018-03": {
            "month": "2018-03",
            "price": "34.37",
            "revenue": 261708
        },
        "2018-04": {
            "month": "2018-04",
            "price": "35.95",
            "revenue": 211529
        },
        "2018-05": {
            "month": "2018-05",
            "price": "35.38",
            "revenue": 241113
        },
        "2018-06": {
            "month": "2018-06",
            "price": "34.47",
            "revenue": 258306
        },
        "2018-07": {
            "month": "2018-07",
            "price": "33.37",
            "revenue": 311070
        },
        "2018-08": {
            "month": "2018-08",
            "price": "32.01",
            "revenue": 299398
        },
        "2018-09": {
            "month": "2018-09",
            "price": "29.60",
            "revenue": 259257
        },
        "2018-10": {
            "month": "2018-10",
            "price": "27.81",
            "revenue": 276011
        },
        "2018-11": {
            "month": "2018-11",
            "price": "26.08",
            "revenue": 270526
        },
        "2018-12": {
            "month": "2018-12",
            "price": "26.51",
            "revenue": 263209
        },
        "2019-01": {
            "month": "2019-01",
            "price": "26.87",
            "revenue": 290685
        },
        "2019-02": {
            "month": "2019-02",
            "price": "28.13",
            "revenue": 204263
        },
        "2019-03": {
            "month": "2019-03",
            "price": "28.29",
            "revenue": 262963
        },
        "2019-04": {
            "month": "2019-04",
            "price": "28.72",
            "revenue": 258805
        },
        "2019-05": {
            "month": "2019-05",
            "price": "27.79",
            "revenue": 259880
        },
        "2019-06": {
            "month": "2019-06",
            "price": "27.80",
            "revenue": 258216
        },
        "2019-07": {
            "month": "2019-07",
            "price": "29.02",
            "revenue": 270440
        },
        "2019-08": {
            "month": "2019-08",
            "price": "29.10",
            "revenue": 257249
        },
        "2019-09": {
            "month": "2019-09",
            "price": "28.93",
            "revenue": 255219
        },
        "2019-10": {
            "month": "2019-10",
            "price": "28.84",
            "revenue": 266210
        },
        "2019-11": {
            "month": "2019-11",
            "price": "29.76",
            "revenue": 258393
        },
        "2019-12": {
            "month": "2019-12",
            "price": "30.23",
            "revenue": 281711
        },
        "2020-01": {
            "month": "2020-01",
            "price": "29.89",
            "revenue": 256909
        },
        "2020-02": {
            "month": "2020-02",
            "price": "31.51",
            "revenue": 254133
        },
        "2020-03": {
            "month": "2020-03",
            "price": "29.91",
            "revenue": 328986
        },
        "2020-04": {
            "month": "2020-04",
            "price": "34.19",
            "revenue": 300989
        },
        "2020-05": {
            "month": "2020-05",
            "price": "44.46",
            "revenue": 301643
        },
        "2020-06": {
            "month": "2020-06",
            "price": "40.44",
            "revenue": 346802
        },
        "2020-07": {
            "month": "2020-07",
            "price": "40.11",
            "revenue": 388572
        },
        "2020-08": {
            "month": "2020-08",
            "price": "39.95",
            "revenue": 397184
        },
        "2020-09": {
            "month": "2020-09",
            "price": "37.75",
            "revenue": 407750
        },
        "2020-10": {
            "month": "2020-10",
            "price": "36.78",
            "revenue": 384494
        },
        "2020-11": {
            "month": "2020-11",
            "price": "35.47",
            "revenue": 368716
        },
        "2020-12": {
            "month": "2020-12",
            "price": "35.05",
            "revenue": 358640
        },
        "2021-01": {
            "month": "2021-01",
            "price": "32.96",
            "revenue": 320831
        },
        "2021-02": {
            "month": "2021-02",
            "price": "31.80",
            "revenue": 268445
        },
        "2021-03": {
            "month": "2021-03",
            "price": "32.20",
            "revenue": 309847
        },
        "2021-04": {
            "month": "2021-04",
            "price": "33.26",
            "revenue": 291045
        },
        "2021-05": {
            "month": "2021-05",
            "price": "31.31",
            "revenue": 316429
        },
        "2021-06": {
            "month": "2021-06",
            "price": "31.43",
            "revenue": 335604
        },
        "2021-07": {
            "month": "2021-07",
            "price": "30.83",
            "revenue": 279630
        },
        "2021-08": {
            "month": "2021-08",
            "price": "28.50",
            "revenue": 298591
        },
        "2021-09": {
            "month": "2021-09",
            "price": "28.46",
            "revenue": 361984
        },
        "2021-10": {
            "month": "2021-10",
            "price": "26.16",
            "revenue": 315974
        },
        "2021-11": {
            "month": "2021-11",
            "price": "26.76",
            "revenue": 339920
        },
        "2021-12": {
            "month": "2021-12",
            "price": "26.68",
            "revenue": 323214
        },
        "2022-01": {
            "month": "2022-01",
            "price": "27.39",
            "revenue": 375720
        },
        "2022-02": {
            "month": "2022-02",
            "price": "27.56",
            "revenue": 260243
        },
        "2022-03": {
            "month": "2022-03",
            "price": "27.55",
            "revenue": 403420
        },
        "2022-04": {
            "month": "2022-04",
            "price": "29.81",
            "revenue": 357162
        },
        "2022-05": {
            "month": "2022-05",
            "price": "30.46",
            "revenue": 357287
        },
        "2022-06": {
            "month": "2022-06",
            "price": "32.07",
            "revenue": 402330
        },
        "2022-07": {
            "month": "2022-07",
            "price": "32.69",
            "revenue": 335598
        },
        "2022-08": {
            "month": "2022-08",
            "price": "35.45",
            "revenue": 363440
        },
        "2022-09": {
            "month": "2022-09",
            "price": "36.19",
            "revenue": 363165
        },
        "2022-10": {
            "month": "2022-10",
            "price": "30.24",
            "revenue": 320077
        },
        "2022-11": {
            "month": "2022-11",
            "price": "31.58",
            "revenue": 283757
        },
        "2022-12": {
            "month": "2022-12",
            "price": "33.99",
            "revenue": 315064
        },
        "2023-01": {
            "month": "2023-01",
            "price": "32.86",
            "revenue": 312301
        },
        "2023-02": {
            "month": "2023-02",
            "price": "34.42",
            "revenue": 242322
        },
        "2023-03": {
            "month": "2023-03",
            "price": "34.19",
            "revenue": 343170
        },
        "2023-04": {
            "month": "2023-04",
            "price": "35.45",
            "revenue": 273531
        },
        "2023-05": {
            "month": "2023-05",
            "price": "38.90",
            "revenue": 310814
        },
        "2023-06": {
            "month": "2023-06",
            "price": "38.46",
            "revenue": 352517
        },
        "2023-07": {
            "month": "2023-07",
            "price": "39.15",
            "revenue": 303838
        },
        "2023-08": {
            "month": "2023-08",
            "price": "35.64",
            "revenue": 336199
        },
        "2023-09": {
            "month": "2023-09",
            "price": "32.77",
            "revenue": 329891
        },
        "2023-10": {
            "month": "2023-10",
            "price": "32.74",
            "revenue": 343413
        },
        "2023-11": {
            "month": "2023-11",
            "price": "32.80",
            "revenue": 337809
        },
        "2023-12": {
            "month": "2023-12",
            "price": "33.11",
            "revenue": 386470
        }
    }
}
