{
    "summary": {
        "stock_name": "百和興業-KY",
        "stock_id": "8404",
        "category": "其他",
        "main_business": "成衣、鞋類及運動用品之輔料黏扣帶、織帶(鞋帶)之產製及銷售<br>成衣、鞋類及運動用品之鬆緊帶、針織緹花網布等材料之產製及銷售",
        "website_url": "http://www.kypaiho.com/",
        "ceo": "鄭新隆",
        "pe_ratio": 29,
        "report_year_from": 2010,
        "report_year_to": 2023,
        "age": 13,
        "eps_negative_percentage": 8,
        "eps_growth_avg": {
            "last_all": 7.87,
            "last_2y": 27.64,
            "last_4y": 10.8,
            "last_8y": 9.88,
            "last_12y": null,
            "last_16y": null,
            "last_20y": null,
            "at_2006_last_3y": null,
            "at_2007_last_3y": null,
            "at_2008_last_3y": null,
            "at_2009_last_3y": null,
            "at_2010_last_3y": null,
            "at_2011_last_3y": null,
            "at_2012_last_3y": null,
            "at_2013_last_3y": null,
            "at_2014_last_3y": null,
            "at_2015_last_3y": 15.01,
            "at_2016_last_3y": 19.34,
            "at_2017_last_3y": 8.74,
            "at_2018_last_3y": -6.85,
            "at_2019_last_3y": -14.08,
            "at_2020_last_3y": -1.49,
            "at_2021_last_3y": 27.39,
            "at_2022_last_3y": 22.08,
            "at_2023_last_3y": 22.08,
            "at_2006_last_all": null,
            "at_2007_last_all": null,
            "at_2008_last_all": null,
            "at_2009_last_all": null,
            "at_2010_last_all": null,
            "at_2011_last_all": null,
            "at_2012_last_all": null,
            "at_2013_last_all": -1.16,
            "at_2014_last_all": 8.57,
            "at_2015_last_all": 15.01,
            "at_2016_last_all": 9.63,
            "at_2017_last_all": 5.44,
            "at_2018_last_all": -0.24,
            "at_2019_last_all": 0.46,
            "at_2020_last_all": 4.69,
            "at_2021_last_all": 14.22,
            "at_2022_last_all": 7.87,
            "at_2023_last_all": 7.87
        },
        "latest_eps": 0.84,
        "latest_price": 24.65,
        "latest_roe": 4.8,
        "latest_gross_margin": 29.25,
        "latest_equity": 5468747,
        "latest_revenue": 1209215,
        "latest_gross_profit": 353637,
        "latest_net_income": -147543,
        "latest_debt_ratio": 70.44,
        "latest_current_ratio": 95.21,
        "latest_account_receivable_turnover_ratio": 1.14,
        "latest_inventory_turnover_ratio": 0.24,
        "latest_reinvestment_rate": 191.68,
        "latest_research_to_sale_ratio": 8.17
    },
    "eps_dividends": {
        "2001": {
            "cash": 0,
            "stock": 0,
            "eps": 0
        },
        "2002": {
            "cash": 0,
            "stock": 0,
            "eps": 0
        },
        "2003": {
            "cash": 0,
            "stock": 0,
            "eps": 0
        },
        "2004": {
            "cash": 0,
            "stock": 0,
            "eps": 0
        },
        "2005": {
            "cash": 0,
            "stock": 0,
            "eps": 0
        },
        "2006": {
            "cash": 0,
            "stock": 0,
            "eps": 0
        },
        "2007": {
            "cash": 0,
            "stock": 0,
            "eps": 0
        },
        "2008": {
            "cash": 0,
            "stock": 0,
            "eps": 0
        },
        "2009": {
            "cash": 0,
            "stock": 0,
            "eps": 0
        },
        "2010": {
            "cash": 0,
            "stock": 1.8,
            "eps": 0
        },
        "2011": {
            "cash": 0.2,
            "stock": 1.93,
            "eps": 1.47
        },
        "2012": {
            "cash": 0,
            "stock": 0,
            "eps": 1.04
        },
        "2013": {
            "cash": 0.52,
            "stock": 0,
            "eps": 1.32
        },
        "2014": {
            "cash": 1,
            "stock": 0,
            "eps": 1.69
        },
        "2015": {
            "cash": 1.2,
            "stock": 0,
            "eps": 2.27
        },
        "2016": {
            "cash": 0.3,
            "stock": 1,
            "eps": 2
        },
        "2017": {
            "cash": 0.2,
            "stock": 0.8,
            "eps": 1.69
        },
        "2018": {
            "cash": 0.3,
            "stock": 1,
            "eps": 1.11
        },
        "2019": {
            "cash": 0.2,
            "stock": 0.8,
            "eps": 1.17
        },
        "2020": {
            "cash": 0.6,
            "stock": 0,
            "eps": 1.62
        },
        "2021": {
            "cash": 1,
            "stock": 0,
            "eps": 3.96
        },
        "2022": {
            "cash": 2.5,
            "stock": 0,
            "eps": 1.76
        },
        "2023": {
            "cash": 0.2,
            "stock": 0.5,
            "eps": -0.47
        }
    },
    "dividends": {
        "2010-03-12": {
            "cash": 0,
            "stock": 1.8
        },
        "2011-01-01": {
            "cash": 0.2,
            "stock": 0.8
        },
        "2011-02-18": {
            "cash": 0,
            "stock": 1.13
        },
        "2013-03-15": {
            "cash": 0.52,
            "stock": 0
        },
        "2014-09-19": {
            "cash": 1,
            "stock": 0
        },
        "2015-08-18": {
            "cash": 1.2,
            "stock": 0
        },
        "2016-08-30": {
            "cash": 0.3,
            "stock": 1
        },
        "2017-08-25": {
            "cash": 0.2,
            "stock": 0.8
        },
        "2018-08-31": {
            "cash": 0.3,
            "stock": 1
        },
        "2019-08-30": {
            "cash": 0.2,
            "stock": 0.8
        },
        "2020-08-28": {
            "cash": 0.6,
            "stock": 0
        },
        "2021-08-30": {
            "cash": 1,
            "stock": 0
        },
        "2022-08-30": {
            "cash": 2.5,
            "stock": 0
        },
        "2023-04-20": {
            "cash": 0.2,
            "stock": 0.5
        }
    },
    "prices": {
        "200101": "無",
        "200102": "無",
        "200103": "無",
        "200104": "無",
        "200105": "無",
        "200106": "無",
        "200107": "無",
        "200108": "無",
        "200109": "無",
        "200110": "無",
        "200111": "無",
        "200112": "無",
        "200201": "無",
        "200202": "無",
        "200203": "無",
        "200204": "無",
        "200205": "無",
        "200206": "無",
        "200207": "無",
        "200208": "無",
        "200209": "無",
        "200210": "無",
        "200211": "無",
        "200212": "無",
        "200301": "無",
        "200302": "無",
        "200303": "無",
        "200304": "無",
        "200305": "無",
        "200306": "無",
        "200307": "無",
        "200308": "無",
        "200309": "無",
        "200310": "無",
        "200311": "無",
        "200312": "無",
        "200401": "無",
        "200402": "無",
        "200403": "無",
        "200404": "無",
        "200405": "無",
        "200406": "無",
        "200407": "無",
        "200408": "無",
        "200409": "無",
        "200410": "無",
        "200411": "無",
        "200412": "無",
        "200501": "無",
        "200502": "無",
        "200503": "無",
        "200504": "無",
        "200505": "無",
        "200506": "無",
        "200507": "無",
        "200508": "無",
        "200509": "無",
        "200510": "無",
        "200511": "無",
        "200512": "無",
        "200601": "無",
        "200602": "無",
        "200603": "無",
        "200604": "無",
        "200605": "無",
        "200606": "無",
        "200607": "無",
        "200608": "無",
        "200609": "無",
        "200610": "無",
        "200611": "無",
        "200612": "無",
        "200701": "無",
        "200702": "無",
        "200703": "無",
        "200704": "無",
        "200705": "無",
        "200706": "無",
        "200707": "無",
        "200708": "無",
        "200709": "無",
        "200710": "無",
        "200711": "無",
        "200712": "無",
        "200801": "無",
        "200802": "無",
        "200803": "無",
        "200804": "無",
        "200805": "無",
        "200806": "無",
        "200807": "無",
        "200808": "無",
        "200809": "無",
        "200810": "無",
        "200811": "無",
        "200812": "無",
        "200901": "無",
        "200902": "無",
        "200903": "無",
        "200904": "無",
        "200905": "無",
        "200906": "無",
        "200907": "無",
        "200908": "無",
        "200909": "無",
        "200910": "無",
        "200911": "無",
        "200912": "無",
        "201001": "無",
        "201002": "無",
        "201003": "無",
        "201004": "無",
        "201005": "無",
        "201006": "無",
        "201007": "無",
        "201008": "無",
        "201009": "無",
        "201010": "無",
        "201011": "無",
        "201012": "無",
        "201101": "無",
        "201102": "無",
        "201103": "無",
        "201104": "無",
        "201105": "30.26",
        "201106": "29.64",
        "201107": "28.80",
        "201108": "27.34",
        "201109": "21.02",
        "201110": "16.13",
        "201111": "17.42",
        "201112": "15.21",
        "201201": "14.86",
        "201202": "17.00",
        "201203": "18.21",
        "201204": "17.34",
        "201205": "14.98",
        "201206": "13.38",
        "201207": "13.34",
        "201208": "14.09",
        "201209": "13.45",
        "201210": "12.87",
        "201211": "12.00",
        "201212": "15.79",
        "201301": "14.73",
        "201302": "13.52",
        "201303": "13.13",
        "201304": "13.80",
        "201305": "13.54",
        "201306": "14.54",
        "201307": "16.57",
        "201308": "16.77",
        "201309": "19.24",
        "201310": "20.99",
        "201311": "19.35",
        "201312": "20.25",
        "201401": "18.93",
        "201402": "19.11",
        "201403": "23.76",
        "201404": "24.34",
        "201405": "21.90",
        "201406": "21.06",
        "201407": "20.06",
        "201408": "19.78",
        "201409": "19.90",
        "201410": "19.06",
        "201411": "18.20",
        "201412": "18.33",
        "201501": "20.66",
        "201502": "22.66",
        "201503": "23.42",
        "201504": "25.90",
        "201505": "26.67",
        "201506": "31.88",
        "201507": "26.20",
        "201508": "23.94",
        "201509": "24.94",
        "201510": "28.26",
        "201511": "36.39",
        "201512": "32.43",
        "201601": "32.18",
        "201602": "33.34",
        "201603": "36.08",
        "201604": "38.53",
        "201605": "39.63",
        "201606": "36.76",
        "201607": "36.52",
        "201608": "33.96",
        "201609": "36.58",
        "201610": "38.87",
        "201611": "36.82",
        "201612": "37.18",
        "201701": "37.32",
        "201702": "37.08",
        "201703": "38.50",
        "201704": "38.02",
        "201705": "38.83",
        "201706": "44.20",
        "201707": "55.17",
        "201708": "53.43",
        "201709": "58.02",
        "201710": "70.89",
        "201711": "66.28",
        "201712": "62.87",
        "201801": "64.14",
        "201802": "61.17",
        "201803": "61.45",
        "201804": "53.72",
        "201805": "47.74",
        "201806": "47.74",
        "201807": "48.13",
        "201808": "48.85",
        "201809": "52.07",
        "201810": "42.71",
        "201811": "43.52",
        "201812": "41.94",
        "201901": "40.82",
        "201902": "41.93",
        "201903": "41.27",
        "201904": "47.26",
        "201905": "47.11",
        "201906": "49.99",
        "201907": "50.60",
        "201908": "44.37",
        "201909": "43.26",
        "201910": "43.07",
        "201911": "42.30",
        "201912": "41.25",
        "202001": "44.98",
        "202002": "43.66",
        "202003": "32.12",
        "202004": "28.65",
        "202005": "29.66",
        "202006": "31.06",
        "202007": "29.71",
        "202008": "29.80",
        "202009": "29.04",
        "202010": "28.48",
        "202011": "29.23",
        "202012": "29.63",
        "202101": "28.46",
        "202102": "28.94",
        "202103": "29.14",
        "202104": "40.32",
        "202105": "47.20",
        "202106": "48.26",
        "202107": "45.00",
        "202108": "38.53",
        "202109": "38.40",
        "202110": "35.55",
        "202111": "35.25",
        "202112": "34.54",
        "202201": "35.10",
        "202202": "35.95",
        "202203": "35.76",
        "202204": "36.18",
        "202205": "34.57",
        "202206": "34.61",
        "202207": "32.19",
        "202208": "30.19",
        "202209": "30.97",
        "202210": "27.02",
        "202211": "26.37",
        "202212": "26.60",
        "202301": "26.55",
        "202302": "27.62",
        "202303": "27.40",
        "202304": "26.46",
        "202305": "25.08",
        "202306": "24.74"
    },
    "quarters": {
        "20011": {
            "year_quarter": 20011,
            "year": 2001,
            "quarter": 1,
            "eps": null,
            "eps_growth_year": null,
            "eps_4q": null,
            "eps_4q_growth_year": null,
            "roe": null,
            "roe_4q": 0,
            "gross_profit": null,
            "gross_margin": null,
            "gross_margin_4q_avg": 0,
            "net_income": null,
            "revenue": null,
            "common_shares": null,
            "book_valuer_per_share": null,
            "book_valuer_per_share_4q_avg": 0,
            "equity": null,
            "current_ratio": null,
            "debt_ratio": null,
            "inventory_turnover_ratio": null,
            "account_receivable_turnover_ratio": null,
            "reinvestment_rate": null,
            "research_to_sale_ratio": null,
            "price_fair": 0,
            "eps_avg_yearly": 0,
            "eps_latest_yearly": 0,
            "eps_growth_yearly": 0
        },
        "20012": {
            "year_quarter": 20012,
            "year": 2001,
            "quarter": 2,
            "eps": null,
            "eps_growth_year": null,
            "eps_4q": null,
            "eps_4q_growth_year": null,
            "roe": null,
            "roe_4q": 0,
            "gross_profit": null,
            "gross_margin": null,
            "gross_margin_4q_avg": 0,
            "net_income": null,
            "revenue": null,
            "common_shares": null,
            "book_valuer_per_share": null,
            "book_valuer_per_share_4q_avg": 0,
            "equity": null,
            "current_ratio": null,
            "debt_ratio": null,
            "inventory_turnover_ratio": null,
            "account_receivable_turnover_ratio": null,
            "reinvestment_rate": null,
            "research_to_sale_ratio": null,
            "price_fair": 0,
            "eps_avg_yearly": 0,
            "eps_latest_yearly": 0,
            "eps_growth_yearly": 0
        },
        "20013": {
            "year_quarter": 20013,
            "year": 2001,
            "quarter": 3,
            "eps": null,
            "eps_growth_year": null,
            "eps_4q": null,
            "eps_4q_growth_year": null,
            "roe": null,
            "roe_4q": 0,
            "gross_profit": null,
            "gross_margin": null,
            "gross_margin_4q_avg": 0,
            "net_income": null,
            "revenue": null,
            "common_shares": null,
            "book_valuer_per_share": null,
            "book_valuer_per_share_4q_avg": 0,
            "equity": null,
            "current_ratio": null,
            "debt_ratio": null,
            "inventory_turnover_ratio": null,
            "account_receivable_turnover_ratio": null,
            "reinvestment_rate": null,
            "research_to_sale_ratio": null,
            "price_fair": 0,
            "eps_avg_yearly": 0,
            "eps_latest_yearly": 0,
            "eps_growth_yearly": 0
        },
        "20014": {
            "year_quarter": 20014,
            "year": 2001,
            "quarter": 4,
            "eps": null,
            "eps_growth_year": null,
            "eps_4q": null,
            "eps_4q_growth_year": null,
            "roe": null,
            "roe_4q": 0,
            "gross_profit": null,
            "gross_margin": null,
            "gross_margin_4q_avg": 0,
            "net_income": null,
            "revenue": null,
            "common_shares": null,
            "book_valuer_per_share": null,
            "book_valuer_per_share_4q_avg": 0,
            "equity": null,
            "current_ratio": null,
            "debt_ratio": null,
            "inventory_turnover_ratio": null,
            "account_receivable_turnover_ratio": null,
            "reinvestment_rate": null,
            "research_to_sale_ratio": null,
            "price_fair": 0,
            "eps_avg_yearly": 0,
            "eps_latest_yearly": 0,
            "eps_growth_yearly": 0
        },
        "20021": {
            "year_quarter": 20021,
            "year": 2002,
            "quarter": 1,
            "eps": null,
            "eps_growth_year": null,
            "eps_4q": null,
            "eps_4q_growth_year": null,
            "roe": null,
            "roe_4q": 0,
            "gross_profit": null,
            "gross_margin": null,
            "gross_margin_4q_avg": 0,
            "net_income": null,
            "revenue": null,
            "common_shares": null,
            "book_valuer_per_share": null,
            "book_valuer_per_share_4q_avg": 0,
            "equity": null,
            "current_ratio": null,
            "debt_ratio": null,
            "inventory_turnover_ratio": null,
            "account_receivable_turnover_ratio": null,
            "reinvestment_rate": null,
            "research_to_sale_ratio": null,
            "price_fair": 0,
            "eps_avg_yearly": 0,
            "eps_latest_yearly": 0,
            "eps_growth_yearly": 0
        },
        "20022": {
            "year_quarter": 20022,
            "year": 2002,
            "quarter": 2,
            "eps": null,
            "eps_growth_year": null,
            "eps_4q": null,
            "eps_4q_growth_year": null,
            "roe": null,
            "roe_4q": 0,
            "gross_profit": null,
            "gross_margin": null,
            "gross_margin_4q_avg": 0,
            "net_income": null,
            "revenue": null,
            "common_shares": null,
            "book_valuer_per_share": null,
            "book_valuer_per_share_4q_avg": 0,
            "equity": null,
            "current_ratio": null,
            "debt_ratio": null,
            "inventory_turnover_ratio": null,
            "account_receivable_turnover_ratio": null,
            "reinvestment_rate": null,
            "research_to_sale_ratio": null,
            "price_fair": 0,
            "eps_avg_yearly": 0,
            "eps_latest_yearly": 0,
            "eps_growth_yearly": 0
        },
        "20023": {
            "year_quarter": 20023,
            "year": 2002,
            "quarter": 3,
            "eps": null,
            "eps_growth_year": null,
            "eps_4q": null,
            "eps_4q_growth_year": null,
            "roe": null,
            "roe_4q": 0,
            "gross_profit": null,
            "gross_margin": null,
            "gross_margin_4q_avg": 0,
            "net_income": null,
            "revenue": null,
            "common_shares": null,
            "book_valuer_per_share": null,
            "book_valuer_per_share_4q_avg": 0,
            "equity": null,
            "current_ratio": null,
            "debt_ratio": null,
            "inventory_turnover_ratio": null,
            "account_receivable_turnover_ratio": null,
            "reinvestment_rate": null,
            "research_to_sale_ratio": null,
            "price_fair": 0,
            "eps_avg_yearly": 0,
            "eps_latest_yearly": 0,
            "eps_growth_yearly": 0
        },
        "20024": {
            "year_quarter": 20024,
            "year": 2002,
            "quarter": 4,
            "eps": null,
            "eps_growth_year": null,
            "eps_4q": null,
            "eps_4q_growth_year": null,
            "roe": null,
            "roe_4q": 0,
            "gross_profit": null,
            "gross_margin": null,
            "gross_margin_4q_avg": 0,
            "net_income": null,
            "revenue": null,
            "common_shares": null,
            "book_valuer_per_share": null,
            "book_valuer_per_share_4q_avg": 0,
            "equity": null,
            "current_ratio": null,
            "debt_ratio": null,
            "inventory_turnover_ratio": null,
            "account_receivable_turnover_ratio": null,
            "reinvestment_rate": null,
            "research_to_sale_ratio": null,
            "price_fair": 0,
            "eps_avg_yearly": 0,
            "eps_latest_yearly": 0,
            "eps_growth_yearly": 0
        },
        "20031": {
            "year_quarter": 20031,
            "year": 2003,
            "quarter": 1,
            "eps": null,
            "eps_growth_year": null,
            "eps_4q": null,
            "eps_4q_growth_year": null,
            "roe": null,
            "roe_4q": 0,
            "gross_profit": null,
            "gross_margin": null,
            "gross_margin_4q_avg": 0,
            "net_income": null,
            "revenue": null,
            "common_shares": null,
            "book_valuer_per_share": null,
            "book_valuer_per_share_4q_avg": 0,
            "equity": null,
            "current_ratio": null,
            "debt_ratio": null,
            "inventory_turnover_ratio": null,
            "account_receivable_turnover_ratio": null,
            "reinvestment_rate": null,
            "research_to_sale_ratio": null,
            "price_fair": 0,
            "eps_avg_yearly": 0,
            "eps_latest_yearly": 0,
            "eps_growth_yearly": 0
        },
        "20032": {
            "year_quarter": 20032,
            "year": 2003,
            "quarter": 2,
            "eps": null,
            "eps_growth_year": null,
            "eps_4q": null,
            "eps_4q_growth_year": null,
            "roe": null,
            "roe_4q": 0,
            "gross_profit": null,
            "gross_margin": null,
            "gross_margin_4q_avg": 0,
            "net_income": null,
            "revenue": null,
            "common_shares": null,
            "book_valuer_per_share": null,
            "book_valuer_per_share_4q_avg": 0,
            "equity": null,
            "current_ratio": null,
            "debt_ratio": null,
            "inventory_turnover_ratio": null,
            "account_receivable_turnover_ratio": null,
            "reinvestment_rate": null,
            "research_to_sale_ratio": null,
            "price_fair": 0,
            "eps_avg_yearly": 0,
            "eps_latest_yearly": 0,
            "eps_growth_yearly": 0
        },
        "20033": {
            "year_quarter": 20033,
            "year": 2003,
            "quarter": 3,
            "eps": null,
            "eps_growth_year": null,
            "eps_4q": null,
            "eps_4q_growth_year": null,
            "roe": null,
            "roe_4q": 0,
            "gross_profit": null,
            "gross_margin": null,
            "gross_margin_4q_avg": 0,
            "net_income": null,
            "revenue": null,
            "common_shares": null,
            "book_valuer_per_share": null,
            "book_valuer_per_share_4q_avg": 0,
            "equity": null,
            "current_ratio": null,
            "debt_ratio": null,
            "inventory_turnover_ratio": null,
            "account_receivable_turnover_ratio": null,
            "reinvestment_rate": null,
            "research_to_sale_ratio": null,
            "price_fair": 0,
            "eps_avg_yearly": 0,
            "eps_latest_yearly": 0,
            "eps_growth_yearly": 0
        },
        "20034": {
            "year_quarter": 20034,
            "year": 2003,
            "quarter": 4,
            "eps": null,
            "eps_growth_year": null,
            "eps_4q": null,
            "eps_4q_growth_year": null,
            "roe": null,
            "roe_4q": 0,
            "gross_profit": null,
            "gross_margin": null,
            "gross_margin_4q_avg": 0,
            "net_income": null,
            "revenue": null,
            "common_shares": null,
            "book_valuer_per_share": null,
            "book_valuer_per_share_4q_avg": 0,
            "equity": null,
            "current_ratio": null,
            "debt_ratio": null,
            "inventory_turnover_ratio": null,
            "account_receivable_turnover_ratio": null,
            "reinvestment_rate": null,
            "research_to_sale_ratio": null,
            "price_fair": 0,
            "eps_avg_yearly": 0,
            "eps_latest_yearly": 0,
            "eps_growth_yearly": 0
        },
        "20041": {
            "year_quarter": 20041,
            "year": 2004,
            "quarter": 1,
            "eps": null,
            "eps_growth_year": null,
            "eps_4q": null,
            "eps_4q_growth_year": null,
            "roe": null,
            "roe_4q": 0,
            "gross_profit": null,
            "gross_margin": null,
            "gross_margin_4q_avg": 0,
            "net_income": null,
            "revenue": null,
            "common_shares": null,
            "book_valuer_per_share": null,
            "book_valuer_per_share_4q_avg": 0,
            "equity": null,
            "current_ratio": null,
            "debt_ratio": null,
            "inventory_turnover_ratio": null,
            "account_receivable_turnover_ratio": null,
            "reinvestment_rate": null,
            "research_to_sale_ratio": null,
            "price_fair": 0,
            "eps_avg_yearly": 0,
            "eps_latest_yearly": 0,
            "eps_growth_yearly": 0
        },
        "20042": {
            "year_quarter": 20042,
            "year": 2004,
            "quarter": 2,
            "eps": null,
            "eps_growth_year": null,
            "eps_4q": null,
            "eps_4q_growth_year": null,
            "roe": null,
            "roe_4q": 0,
            "gross_profit": null,
            "gross_margin": null,
            "gross_margin_4q_avg": 0,
            "net_income": null,
            "revenue": null,
            "common_shares": null,
            "book_valuer_per_share": null,
            "book_valuer_per_share_4q_avg": 0,
            "equity": null,
            "current_ratio": null,
            "debt_ratio": null,
            "inventory_turnover_ratio": null,
            "account_receivable_turnover_ratio": null,
            "reinvestment_rate": null,
            "research_to_sale_ratio": null,
            "price_fair": 0,
            "eps_avg_yearly": 0,
            "eps_latest_yearly": 0,
            "eps_growth_yearly": 0
        },
        "20043": {
            "year_quarter": 20043,
            "year": 2004,
            "quarter": 3,
            "eps": null,
            "eps_growth_year": null,
            "eps_4q": null,
            "eps_4q_growth_year": null,
            "roe": null,
            "roe_4q": 0,
            "gross_profit": null,
            "gross_margin": null,
            "gross_margin_4q_avg": 0,
            "net_income": null,
            "revenue": null,
            "common_shares": null,
            "book_valuer_per_share": null,
            "book_valuer_per_share_4q_avg": 0,
            "equity": null,
            "current_ratio": null,
            "debt_ratio": null,
            "inventory_turnover_ratio": null,
            "account_receivable_turnover_ratio": null,
            "reinvestment_rate": null,
            "research_to_sale_ratio": null,
            "price_fair": 0,
            "eps_avg_yearly": 0,
            "eps_latest_yearly": 0,
            "eps_growth_yearly": 0
        },
        "20044": {
            "year_quarter": 20044,
            "year": 2004,
            "quarter": 4,
            "eps": null,
            "eps_growth_year": null,
            "eps_4q": null,
            "eps_4q_growth_year": null,
            "roe": null,
            "roe_4q": 0,
            "gross_profit": null,
            "gross_margin": null,
            "gross_margin_4q_avg": 0,
            "net_income": null,
            "revenue": null,
            "common_shares": null,
            "book_valuer_per_share": null,
            "book_valuer_per_share_4q_avg": 0,
            "equity": null,
            "current_ratio": null,
            "debt_ratio": null,
            "inventory_turnover_ratio": null,
            "account_receivable_turnover_ratio": null,
            "reinvestment_rate": null,
            "research_to_sale_ratio": null,
            "price_fair": 0,
            "eps_avg_yearly": 0,
            "eps_latest_yearly": 0,
            "eps_growth_yearly": 0
        },
        "20051": {
            "year_quarter": 20051,
            "year": 2005,
            "quarter": 1,
            "eps": null,
            "eps_growth_year": null,
            "eps_4q": null,
            "eps_4q_growth_year": null,
            "roe": null,
            "roe_4q": 0,
            "gross_profit": null,
            "gross_margin": null,
            "gross_margin_4q_avg": 0,
            "net_income": null,
            "revenue": null,
            "common_shares": null,
            "book_valuer_per_share": null,
            "book_valuer_per_share_4q_avg": 0,
            "equity": null,
            "current_ratio": null,
            "debt_ratio": null,
            "inventory_turnover_ratio": null,
            "account_receivable_turnover_ratio": null,
            "reinvestment_rate": null,
            "research_to_sale_ratio": null,
            "price_fair": 0,
            "eps_avg_yearly": 0,
            "eps_latest_yearly": 0,
            "eps_growth_yearly": 0
        },
        "20052": {
            "year_quarter": 20052,
            "year": 2005,
            "quarter": 2,
            "eps": null,
            "eps_growth_year": null,
            "eps_4q": null,
            "eps_4q_growth_year": null,
            "roe": null,
            "roe_4q": 0,
            "gross_profit": null,
            "gross_margin": null,
            "gross_margin_4q_avg": 0,
            "net_income": null,
            "revenue": null,
            "common_shares": null,
            "book_valuer_per_share": null,
            "book_valuer_per_share_4q_avg": 0,
            "equity": null,
            "current_ratio": null,
            "debt_ratio": null,
            "inventory_turnover_ratio": null,
            "account_receivable_turnover_ratio": null,
            "reinvestment_rate": null,
            "research_to_sale_ratio": null,
            "price_fair": 0,
            "eps_avg_yearly": 0,
            "eps_latest_yearly": 0,
            "eps_growth_yearly": 0
        },
        "20053": {
            "year_quarter": 20053,
            "year": 2005,
            "quarter": 3,
            "eps": null,
            "eps_growth_year": null,
            "eps_4q": null,
            "eps_4q_growth_year": null,
            "roe": null,
            "roe_4q": 0,
            "gross_profit": null,
            "gross_margin": null,
            "gross_margin_4q_avg": 0,
            "net_income": null,
            "revenue": null,
            "common_shares": null,
            "book_valuer_per_share": null,
            "book_valuer_per_share_4q_avg": 0,
            "equity": null,
            "current_ratio": null,
            "debt_ratio": null,
            "inventory_turnover_ratio": null,
            "account_receivable_turnover_ratio": null,
            "reinvestment_rate": null,
            "research_to_sale_ratio": null,
            "price_fair": 0,
            "eps_avg_yearly": 0,
            "eps_latest_yearly": 0,
            "eps_growth_yearly": 0
        },
        "20054": {
            "year_quarter": 20054,
            "year": 2005,
            "quarter": 4,
            "eps": null,
            "eps_growth_year": null,
            "eps_4q": null,
            "eps_4q_growth_year": null,
            "roe": null,
            "roe_4q": 0,
            "gross_profit": null,
            "gross_margin": null,
            "gross_margin_4q_avg": 0,
            "net_income": null,
            "revenue": null,
            "common_shares": null,
            "book_valuer_per_share": null,
            "book_valuer_per_share_4q_avg": 0,
            "equity": null,
            "current_ratio": null,
            "debt_ratio": null,
            "inventory_turnover_ratio": null,
            "account_receivable_turnover_ratio": null,
            "reinvestment_rate": null,
            "research_to_sale_ratio": null,
            "price_fair": 0,
            "eps_avg_yearly": 0,
            "eps_latest_yearly": 0,
            "eps_growth_yearly": 0
        },
        "20061": {
            "year_quarter": 20061,
            "year": 2006,
            "quarter": 1,
            "eps": null,
            "eps_growth_year": null,
            "eps_4q": null,
            "eps_4q_growth_year": null,
            "roe": null,
            "roe_4q": 0,
            "gross_profit": null,
            "gross_margin": null,
            "gross_margin_4q_avg": 0,
            "net_income": null,
            "revenue": null,
            "common_shares": null,
            "book_valuer_per_share": null,
            "book_valuer_per_share_4q_avg": 0,
            "equity": null,
            "current_ratio": null,
            "debt_ratio": null,
            "inventory_turnover_ratio": null,
            "account_receivable_turnover_ratio": null,
            "reinvestment_rate": null,
            "research_to_sale_ratio": null,
            "price_fair": 0,
            "eps_avg_yearly": 0,
            "eps_latest_yearly": 0,
            "eps_growth_yearly": 0
        },
        "20062": {
            "year_quarter": 20062,
            "year": 2006,
            "quarter": 2,
            "eps": null,
            "eps_growth_year": null,
            "eps_4q": null,
            "eps_4q_growth_year": null,
            "roe": null,
            "roe_4q": 0,
            "gross_profit": null,
            "gross_margin": null,
            "gross_margin_4q_avg": 0,
            "net_income": null,
            "revenue": null,
            "common_shares": null,
            "book_valuer_per_share": null,
            "book_valuer_per_share_4q_avg": 0,
            "equity": null,
            "current_ratio": null,
            "debt_ratio": null,
            "inventory_turnover_ratio": null,
            "account_receivable_turnover_ratio": null,
            "reinvestment_rate": null,
            "research_to_sale_ratio": null,
            "price_fair": 0,
            "eps_avg_yearly": 0,
            "eps_latest_yearly": 0,
            "eps_growth_yearly": 0
        },
        "20063": {
            "year_quarter": 20063,
            "year": 2006,
            "quarter": 3,
            "eps": null,
            "eps_growth_year": null,
            "eps_4q": null,
            "eps_4q_growth_year": null,
            "roe": null,
            "roe_4q": 0,
            "gross_profit": null,
            "gross_margin": null,
            "gross_margin_4q_avg": 0,
            "net_income": null,
            "revenue": null,
            "common_shares": null,
            "book_valuer_per_share": null,
            "book_valuer_per_share_4q_avg": 0,
            "equity": null,
            "current_ratio": null,
            "debt_ratio": null,
            "inventory_turnover_ratio": null,
            "account_receivable_turnover_ratio": null,
            "reinvestment_rate": null,
            "research_to_sale_ratio": null,
            "price_fair": 0,
            "eps_avg_yearly": 0,
            "eps_latest_yearly": 0,
            "eps_growth_yearly": 0
        },
        "20064": {
            "year_quarter": 20064,
            "year": 2006,
            "quarter": 4,
            "eps": null,
            "eps_growth_year": null,
            "eps_4q": null,
            "eps_4q_growth_year": null,
            "roe": null,
            "roe_4q": 0,
            "gross_profit": null,
            "gross_margin": null,
            "gross_margin_4q_avg": 0,
            "net_income": null,
            "revenue": null,
            "common_shares": null,
            "book_valuer_per_share": null,
            "book_valuer_per_share_4q_avg": 0,
            "equity": null,
            "current_ratio": null,
            "debt_ratio": null,
            "inventory_turnover_ratio": null,
            "account_receivable_turnover_ratio": null,
            "reinvestment_rate": null,
            "research_to_sale_ratio": null,
            "price_fair": 0,
            "eps_avg_yearly": 0,
            "eps_latest_yearly": 0,
            "eps_growth_yearly": 0
        },
        "20071": {
            "year_quarter": 20071,
            "year": 2007,
            "quarter": 1,
            "eps": null,
            "eps_growth_year": null,
            "eps_4q": null,
            "eps_4q_growth_year": null,
            "roe": null,
            "roe_4q": 0,
            "gross_profit": null,
            "gross_margin": null,
            "gross_margin_4q_avg": 0,
            "net_income": null,
            "revenue": null,
            "common_shares": null,
            "book_valuer_per_share": null,
            "book_valuer_per_share_4q_avg": 0,
            "equity": null,
            "current_ratio": null,
            "debt_ratio": null,
            "inventory_turnover_ratio": null,
            "account_receivable_turnover_ratio": null,
            "reinvestment_rate": null,
            "research_to_sale_ratio": null,
            "price_fair": 0,
            "eps_avg_yearly": 0,
            "eps_latest_yearly": 0,
            "eps_growth_yearly": 0
        },
        "20072": {
            "year_quarter": 20072,
            "year": 2007,
            "quarter": 2,
            "eps": null,
            "eps_growth_year": null,
            "eps_4q": null,
            "eps_4q_growth_year": null,
            "roe": null,
            "roe_4q": 0,
            "gross_profit": null,
            "gross_margin": null,
            "gross_margin_4q_avg": 0,
            "net_income": null,
            "revenue": null,
            "common_shares": null,
            "book_valuer_per_share": null,
            "book_valuer_per_share_4q_avg": 0,
            "equity": null,
            "current_ratio": null,
            "debt_ratio": null,
            "inventory_turnover_ratio": null,
            "account_receivable_turnover_ratio": null,
            "reinvestment_rate": null,
            "research_to_sale_ratio": null,
            "price_fair": 0,
            "eps_avg_yearly": 0,
            "eps_latest_yearly": 0,
            "eps_growth_yearly": 0
        },
        "20073": {
            "year_quarter": 20073,
            "year": 2007,
            "quarter": 3,
            "eps": null,
            "eps_growth_year": null,
            "eps_4q": null,
            "eps_4q_growth_year": null,
            "roe": null,
            "roe_4q": 0,
            "gross_profit": null,
            "gross_margin": null,
            "gross_margin_4q_avg": 0,
            "net_income": null,
            "revenue": null,
            "common_shares": null,
            "book_valuer_per_share": null,
            "book_valuer_per_share_4q_avg": 0,
            "equity": null,
            "current_ratio": null,
            "debt_ratio": null,
            "inventory_turnover_ratio": null,
            "account_receivable_turnover_ratio": null,
            "reinvestment_rate": null,
            "research_to_sale_ratio": null,
            "price_fair": 0,
            "eps_avg_yearly": 0,
            "eps_latest_yearly": 0,
            "eps_growth_yearly": 0
        },
        "20074": {
            "year_quarter": 20074,
            "year": 2007,
            "quarter": 4,
            "eps": null,
            "eps_growth_year": null,
            "eps_4q": null,
            "eps_4q_growth_year": null,
            "roe": null,
            "roe_4q": 0,
            "gross_profit": null,
            "gross_margin": null,
            "gross_margin_4q_avg": 0,
            "net_income": null,
            "revenue": null,
            "common_shares": 627700,
            "book_valuer_per_share": 17.83,
            "book_valuer_per_share_4q_avg": 4.46,
            "equity": 1367206,
            "current_ratio": 151.31,
            "debt_ratio": 47.14,
            "inventory_turnover_ratio": null,
            "account_receivable_turnover_ratio": null,
            "reinvestment_rate": null,
            "research_to_sale_ratio": null,
            "price_fair": 0,
            "eps_avg_yearly": 0,
            "eps_latest_yearly": 0,
            "eps_growth_yearly": 0
        },
        "20081": {
            "year_quarter": 20081,
            "year": 2008,
            "quarter": 1,
            "eps": null,
            "eps_growth_year": null,
            "eps_4q": null,
            "eps_4q_growth_year": null,
            "roe": null,
            "roe_4q": 0,
            "gross_profit": null,
            "gross_margin": null,
            "gross_margin_4q_avg": 0,
            "net_income": null,
            "revenue": null,
            "common_shares": null,
            "book_valuer_per_share": null,
            "book_valuer_per_share_4q_avg": 4.46,
            "equity": null,
            "current_ratio": null,
            "debt_ratio": null,
            "inventory_turnover_ratio": null,
            "account_receivable_turnover_ratio": null,
            "reinvestment_rate": null,
            "research_to_sale_ratio": null,
            "price_fair": 0,
            "eps_avg_yearly": 0,
            "eps_latest_yearly": 0,
            "eps_growth_yearly": 0
        },
        "20082": {
            "year_quarter": 20082,
            "year": 2008,
            "quarter": 2,
            "eps": null,
            "eps_growth_year": null,
            "eps_4q": null,
            "eps_4q_growth_year": null,
            "roe": null,
            "roe_4q": 0,
            "gross_profit": null,
            "gross_margin": null,
            "gross_margin_4q_avg": 0,
            "net_income": null,
            "revenue": null,
            "common_shares": null,
            "book_valuer_per_share": null,
            "book_valuer_per_share_4q_avg": 4.46,
            "equity": null,
            "current_ratio": null,
            "debt_ratio": null,
            "inventory_turnover_ratio": null,
            "account_receivable_turnover_ratio": null,
            "reinvestment_rate": null,
            "research_to_sale_ratio": null,
            "price_fair": 0,
            "eps_avg_yearly": 0,
            "eps_latest_yearly": 0,
            "eps_growth_yearly": 0
        },
        "20083": {
            "year_quarter": 20083,
            "year": 2008,
            "quarter": 3,
            "eps": null,
            "eps_growth_year": null,
            "eps_4q": null,
            "eps_4q_growth_year": null,
            "roe": null,
            "roe_4q": 0,
            "gross_profit": null,
            "gross_margin": null,
            "gross_margin_4q_avg": 0,
            "net_income": null,
            "revenue": null,
            "common_shares": null,
            "book_valuer_per_share": null,
            "book_valuer_per_share_4q_avg": 4.46,
            "equity": null,
            "current_ratio": null,
            "debt_ratio": null,
            "inventory_turnover_ratio": null,
            "account_receivable_turnover_ratio": null,
            "reinvestment_rate": null,
            "research_to_sale_ratio": null,
            "price_fair": 0,
            "eps_avg_yearly": 0,
            "eps_latest_yearly": 0,
            "eps_growth_yearly": 0
        },
        "20084": {
            "year_quarter": 20084,
            "year": 2008,
            "quarter": 4,
            "eps": null,
            "eps_growth_year": null,
            "eps_4q": null,
            "eps_4q_growth_year": null,
            "roe": null,
            "roe_4q": 0,
            "gross_profit": null,
            "gross_margin": null,
            "gross_margin_4q_avg": 0,
            "net_income": null,
            "revenue": null,
            "common_shares": 627700,
            "book_valuer_per_share": 23.05,
            "book_valuer_per_share_4q_avg": 5.76,
            "equity": 1850126,
            "current_ratio": 97.97,
            "debt_ratio": 49.66,
            "inventory_turnover_ratio": null,
            "account_receivable_turnover_ratio": null,
            "reinvestment_rate": null,
            "research_to_sale_ratio": null,
            "price_fair": 0,
            "eps_avg_yearly": 0,
            "eps_latest_yearly": 0,
            "eps_growth_yearly": 0
        },
        "20091": {
            "year_quarter": 20091,
            "year": 2009,
            "quarter": 1,
            "eps": null,
            "eps_growth_year": null,
            "eps_4q": null,
            "eps_4q_growth_year": null,
            "roe": null,
            "roe_4q": 0,
            "gross_profit": null,
            "gross_margin": null,
            "gross_margin_4q_avg": 0,
            "net_income": null,
            "revenue": null,
            "common_shares": null,
            "book_valuer_per_share": null,
            "book_valuer_per_share_4q_avg": 5.76,
            "equity": null,
            "current_ratio": null,
            "debt_ratio": null,
            "inventory_turnover_ratio": null,
            "account_receivable_turnover_ratio": null,
            "reinvestment_rate": null,
            "research_to_sale_ratio": null,
            "price_fair": 0,
            "eps_avg_yearly": 0,
            "eps_latest_yearly": 0,
            "eps_growth_yearly": 0
        },
        "20092": {
            "year_quarter": 20092,
            "year": 2009,
            "quarter": 2,
            "eps": null,
            "eps_growth_year": null,
            "eps_4q": null,
            "eps_4q_growth_year": null,
            "roe": null,
            "roe_4q": 0,
            "gross_profit": null,
            "gross_margin": null,
            "gross_margin_4q_avg": 0,
            "net_income": null,
            "revenue": null,
            "common_shares": null,
            "book_valuer_per_share": null,
            "book_valuer_per_share_4q_avg": 5.76,
            "equity": null,
            "current_ratio": null,
            "debt_ratio": null,
            "inventory_turnover_ratio": null,
            "account_receivable_turnover_ratio": null,
            "reinvestment_rate": null,
            "research_to_sale_ratio": null,
            "price_fair": 0,
            "eps_avg_yearly": 0,
            "eps_latest_yearly": 0,
            "eps_growth_yearly": 0
        },
        "20093": {
            "year_quarter": 20093,
            "year": 2009,
            "quarter": 3,
            "eps": null,
            "eps_growth_year": null,
            "eps_4q": null,
            "eps_4q_growth_year": null,
            "roe": null,
            "roe_4q": 0,
            "gross_profit": null,
            "gross_margin": null,
            "gross_margin_4q_avg": 0,
            "net_income": null,
            "revenue": null,
            "common_shares": null,
            "book_valuer_per_share": null,
            "book_valuer_per_share_4q_avg": 5.76,
            "equity": null,
            "current_ratio": null,
            "debt_ratio": null,
            "inventory_turnover_ratio": null,
            "account_receivable_turnover_ratio": null,
            "reinvestment_rate": null,
            "research_to_sale_ratio": null,
            "price_fair": 0,
            "eps_avg_yearly": 0,
            "eps_latest_yearly": 0,
            "eps_growth_yearly": 0
        },
        "20094": {
            "year_quarter": 20094,
            "year": 2009,
            "quarter": 4,
            "eps": null,
            "eps_growth_year": null,
            "eps_4q": null,
            "eps_4q_growth_year": null,
            "roe": null,
            "roe_4q": 0,
            "gross_profit": null,
            "gross_margin": null,
            "gross_margin_4q_avg": 0,
            "net_income": null,
            "revenue": null,
            "common_shares": 1497457,
            "book_valuer_per_share": 15.43,
            "book_valuer_per_share_4q_avg": 3.86,
            "equity": 2467346,
            "current_ratio": 127.72,
            "debt_ratio": 37.21,
            "inventory_turnover_ratio": null,
            "account_receivable_turnover_ratio": null,
            "reinvestment_rate": null,
            "research_to_sale_ratio": null,
            "price_fair": 0,
            "eps_avg_yearly": 0,
            "eps_latest_yearly": 0,
            "eps_growth_yearly": 0
        },
        "20101": {
            "year_quarter": 20101,
            "year": 2010,
            "quarter": 1,
            "eps": null,
            "eps_growth_year": null,
            "eps_4q": null,
            "eps_4q_growth_year": null,
            "roe": null,
            "roe_4q": 0,
            "gross_profit": 160961,
            "gross_margin": null,
            "gross_margin_4q_avg": 0,
            "net_income": 28557,
            "revenue": 600494,
            "common_shares": 1764229,
            "book_valuer_per_share": 13.19,
            "book_valuer_per_share_4q_avg": 7.16,
            "equity": 2489944,
            "current_ratio": 132.72,
            "debt_ratio": 40.62,
            "inventory_turnover_ratio": null,
            "account_receivable_turnover_ratio": null,
            "reinvestment_rate": null,
            "research_to_sale_ratio": null,
            "price_fair": 0,
            "eps_avg_yearly": 0,
            "eps_latest_yearly": 0,
            "eps_growth_yearly": 0
        },
        "20102": {
            "year_quarter": 20102,
            "year": 2010,
            "quarter": 2,
            "eps": null,
            "eps_growth_year": null,
            "eps_4q": null,
            "eps_4q_growth_year": null,
            "roe": null,
            "roe_4q": 0,
            "gross_profit": 280032,
            "gross_margin": null,
            "gross_margin_4q_avg": 0,
            "net_income": 87663,
            "revenue": 996413,
            "common_shares": 1764229,
            "book_valuer_per_share": 13.72,
            "book_valuer_per_share_4q_avg": 10.59,
            "equity": 2586799,
            "current_ratio": 130.99,
            "debt_ratio": 42.46,
            "inventory_turnover_ratio": null,
            "account_receivable_turnover_ratio": null,
            "reinvestment_rate": null,
            "research_to_sale_ratio": null,
            "price_fair": 0,
            "eps_avg_yearly": 0,
            "eps_latest_yearly": 0,
            "eps_growth_yearly": 0
        },
        "20103": {
            "year_quarter": 20103,
            "year": 2010,
            "quarter": 3,
            "eps": null,
            "eps_growth_year": null,
            "eps_4q": null,
            "eps_4q_growth_year": null,
            "roe": null,
            "roe_4q": 0,
            "gross_profit": 333287,
            "gross_margin": null,
            "gross_margin_4q_avg": 0,
            "net_income": 101412,
            "revenue": 1469061,
            "common_shares": 1764229,
            "book_valuer_per_share": 14.45,
            "book_valuer_per_share_4q_avg": 14.2,
            "equity": 2724531,
            "current_ratio": 129.93,
            "debt_ratio": 48,
            "inventory_turnover_ratio": null,
            "account_receivable_turnover_ratio": null,
            "reinvestment_rate": null,
            "research_to_sale_ratio": null,
            "price_fair": 0,
            "eps_avg_yearly": 0,
            "eps_latest_yearly": 0,
            "eps_growth_yearly": 0
        },
        "20104": {
            "year_quarter": 20104,
            "year": 2010,
            "quarter": 4,
            "eps": null,
            "eps_growth_year": null,
            "eps_4q": null,
            "eps_4q_growth_year": null,
            "roe": null,
            "roe_4q": 0,
            "gross_profit": 323495,
            "gross_margin": null,
            "gross_margin_4q_avg": 0,
            "net_income": 124468,
            "revenue": 1630066,
            "common_shares": 1764229,
            "book_valuer_per_share": 14.14,
            "book_valuer_per_share_4q_avg": 13.88,
            "equity": 2665623,
            "current_ratio": 135.49,
            "debt_ratio": 47.98,
            "inventory_turnover_ratio": null,
            "account_receivable_turnover_ratio": null,
            "reinvestment_rate": null,
            "research_to_sale_ratio": null,
            "price_fair": 0,
            "eps_avg_yearly": 0,
            "eps_latest_yearly": 0,
            "eps_growth_yearly": 0
        },
        "20111": {
            "year_quarter": 20111,
            "year": 2011,
            "quarter": 1,
            "eps": 0.67,
            "eps_growth_year": null,
            "eps_4q": 0.67,
            "eps_4q_growth_year": null,
            "roe": 4.62,
            "roe_4q": 4.62,
            "gross_profit": 320364,
            "gross_margin": 26.38,
            "gross_margin_4q_avg": 6.6,
            "net_income": 127561,
            "revenue": 1214242,
            "common_shares": 1764229,
            "book_valuer_per_share": 15.06,
            "book_valuer_per_share_4q_avg": 14.34,
            "equity": 2857960,
            "current_ratio": 147.92,
            "debt_ratio": 44.73,
            "inventory_turnover_ratio": 0.82,
            "account_receivable_turnover_ratio": 1.08,
            "reinvestment_rate": null,
            "research_to_sale_ratio": 2.27,
            "price_fair": 0,
            "eps_avg_yearly": 0,
            "eps_latest_yearly": 0,
            "eps_growth_yearly": 0
        },
        "20112": {
            "year_quarter": 20112,
            "year": 2011,
            "quarter": 2,
            "eps": 0.52,
            "eps_growth_year": null,
            "eps_4q": 1.06,
            "eps_4q_growth_year": null,
            "roe": 3.69,
            "roe_4q": 8.31,
            "gross_profit": 330020,
            "gross_margin": 27.15,
            "gross_margin_4q_avg": 13.38,
            "net_income": 120610,
            "revenue": 1215558,
            "common_shares": 1984829,
            "book_valuer_per_share": 17.5,
            "book_valuer_per_share_4q_avg": 15.29,
            "equity": 3686592,
            "current_ratio": 218.69,
            "debt_ratio": 34.18,
            "inventory_turnover_ratio": 0.84,
            "account_receivable_turnover_ratio": 1.15,
            "reinvestment_rate": null,
            "research_to_sale_ratio": 1.99,
            "price_fair": 6.24,
            "eps_avg_yearly": 2.08,
            "eps_latest_yearly": 2.08,
            "eps_growth_yearly": -89.55
        },
        "20113": {
            "year_quarter": 20113,
            "year": 2011,
            "quarter": 3,
            "eps": 0.15,
            "eps_growth_year": null,
            "eps_4q": 1.24,
            "eps_4q_growth_year": null,
            "roe": 0.87,
            "roe_4q": 9.18,
            "gross_profit": 184149,
            "gross_margin": 23.14,
            "gross_margin_4q_avg": 19.17,
            "net_income": 32506,
            "revenue": 795939,
            "common_shares": 1924829,
            "book_valuer_per_share": 18.61,
            "book_valuer_per_share_4q_avg": 16.33,
            "equity": 3803500,
            "current_ratio": 231.46,
            "debt_ratio": 32.46,
            "inventory_turnover_ratio": 0.59,
            "account_receivable_turnover_ratio": 0.9,
            "reinvestment_rate": null,
            "research_to_sale_ratio": 2.72,
            "price_fair": 4.02,
            "eps_avg_yearly": 1.34,
            "eps_latest_yearly": 0.6,
            "eps_growth_yearly": -187.08
        },
        "20114": {
            "year_quarter": 20114,
            "year": 2011,
            "quarter": 4,
            "eps": 0.13,
            "eps_growth_year": null,
            "eps_4q": 1.37,
            "eps_4q_growth_year": null,
            "roe": 0.79,
            "roe_4q": 9.969999999999999,
            "gross_profit": 210581,
            "gross_margin": 18.82,
            "gross_margin_4q_avg": 23.87,
            "net_income": 30184,
            "revenue": 1118672,
            "common_shares": 2123312,
            "book_valuer_per_share": 17.04,
            "book_valuer_per_share_4q_avg": 17.05,
            "equity": 3847244,
            "current_ratio": 237.39,
            "debt_ratio": 32.19,
            "inventory_turnover_ratio": 0.95,
            "account_receivable_turnover_ratio": 1.35,
            "reinvestment_rate": null,
            "research_to_sale_ratio": 2.19,
            "price_fair": 3.2,
            "eps_avg_yearly": 1.07,
            "eps_latest_yearly": 0.52,
            "eps_growth_yearly": -142.5
        },
        "20121": {
            "year_quarter": 20121,
            "year": 2012,
            "quarter": 1,
            "eps": 0.22,
            "eps_growth_year": -67.16,
            "eps_4q": 1.03,
            "eps_4q_growth_year": 54.43,
            "roe": 1.27,
            "roe_4q": 6.62,
            "gross_profit": 179413,
            "gross_margin": 27.46,
            "gross_margin_4q_avg": 24.14,
            "net_income": 48704,
            "revenue": 653399,
            "common_shares": 2123312,
            "book_valuer_per_share": 16.82,
            "book_valuer_per_share_4q_avg": 17.49,
            "equity": 3797433,
            "current_ratio": 356.45,
            "debt_ratio": 20.89,
            "inventory_turnover_ratio": 0.58,
            "account_receivable_turnover_ratio": 0.85,
            "reinvestment_rate": null,
            "research_to_sale_ratio": 4.21,
            "price_fair": 3.06,
            "eps_avg_yearly": 1.02,
            "eps_latest_yearly": 0.88,
            "eps_growth_yearly": -37.64
        },
        "20122": {
            "year_quarter": 20122,
            "year": 2012,
            "quarter": 2,
            "eps": 0.18,
            "eps_growth_year": -65.2,
            "eps_4q": 0.64,
            "eps_4q_growth_year": -39.73,
            "roe": 1.19,
            "roe_4q": 4.12,
            "gross_profit": 188474,
            "gross_margin": 27.25,
            "gross_margin_4q_avg": 24.17,
            "net_income": 45233,
            "revenue": 691613,
            "common_shares": 2123312,
            "book_valuer_per_share": 16.87,
            "book_valuer_per_share_4q_avg": 17.34,
            "equity": 3812216,
            "current_ratio": 297.96,
            "debt_ratio": 24.28,
            "inventory_turnover_ratio": 0.65,
            "account_receivable_turnover_ratio": 1.21,
            "reinvestment_rate": null,
            "research_to_sale_ratio": 4.47,
            "price_fair": 2.88,
            "eps_avg_yearly": 0.96,
            "eps_latest_yearly": 0.72,
            "eps_growth_yearly": -44.66
        },
        "20123": {
            "year_quarter": 20123,
            "year": 2012,
            "quarter": 3,
            "eps": 0.2,
            "eps_growth_year": 32.21,
            "eps_4q": 0.7,
            "eps_4q_growth_year": -43.66,
            "roe": 1.26,
            "roe_4q": 4.51,
            "gross_profit": 210120,
            "gross_margin": 28.96,
            "gross_margin_4q_avg": 25.62,
            "net_income": 48137,
            "revenue": 725580,
            "common_shares": 2293177,
            "book_valuer_per_share": 15.69,
            "book_valuer_per_share_4q_avg": 16.61,
            "equity": 3828697,
            "current_ratio": 313.52,
            "debt_ratio": 23.47,
            "inventory_turnover_ratio": 0.72,
            "account_receivable_turnover_ratio": 1.3,
            "reinvestment_rate": null,
            "research_to_sale_ratio": 5.32,
            "price_fair": 2.8,
            "eps_avg_yearly": 0.93,
            "eps_latest_yearly": 0.8,
            "eps_growth_yearly": -29.81
        },
        "20124": {
            "year_quarter": 20124,
            "year": 2012,
            "quarter": 4,
            "eps": 0.44,
            "eps_growth_year": 245.71,
            "eps_4q": 1.03,
            "eps_4q_growth_year": -24.73,
            "roe": 2.72,
            "roe_4q": 6.4399999999999995,
            "gross_profit": 285507,
            "gross_margin": 28.85,
            "gross_margin_4q_avg": 28.13,
            "net_income": 104617,
            "revenue": 989630,
            "common_shares": 2293177,
            "book_valuer_per_share": 16.05,
            "book_valuer_per_share_4q_avg": 16.36,
            "equity": 3852936,
            "current_ratio": 283.96,
            "debt_ratio": 26.17,
            "inventory_turnover_ratio": 1.04,
            "account_receivable_turnover_ratio": 1.49,
            "reinvestment_rate": null,
            "research_to_sale_ratio": 4.37,
            "price_fair": 36.8,
            "eps_avg_yearly": 1.05,
            "eps_latest_yearly": 1.76,
            "eps_growth_yearly": 43.02
        },
        "20131": {
            "year_quarter": 20131,
            "year": 2013,
            "quarter": 1,
            "eps": 0.25,
            "eps_growth_year": 13.64,
            "eps_4q": 1.08,
            "eps_4q_growth_year": 4.23,
            "roe": 1.48,
            "roe_4q": 6.65,
            "gross_profit": 202296,
            "gross_margin": 32.94,
            "gross_margin_4q_avg": 29.5,
            "net_income": 58009,
            "revenue": 614163,
            "common_shares": 2233177,
            "book_valuer_per_share": 16.75,
            "book_valuer_per_share_4q_avg": 16.34,
            "equity": 3986452,
            "current_ratio": 292.5,
            "debt_ratio": 24.21,
            "inventory_turnover_ratio": 0.58,
            "account_receivable_turnover_ratio": 0.89,
            "reinvestment_rate": null,
            "research_to_sale_ratio": 4.47,
            "price_fair": 27.22,
            "eps_avg_yearly": 1.05,
            "eps_latest_yearly": 1,
            "eps_growth_yearly": 16.05
        },
        "20132": {
            "year_quarter": 20132,
            "year": 2013,
            "quarter": 2,
            "eps": 0.43,
            "eps_growth_year": 136.34,
            "eps_4q": 1.32,
            "eps_4q_growth_year": 105.34,
            "roe": 2.57,
            "roe_4q": 8.03,
            "gross_profit": 288667,
            "gross_margin": 32.01,
            "gross_margin_4q_avg": 30.69,
            "net_income": 103302,
            "revenue": 901676,
            "common_shares": 2233177,
            "book_valuer_per_share": 16.93,
            "book_valuer_per_share_4q_avg": 16.36,
            "equity": 4040146,
            "current_ratio": 243.93,
            "debt_ratio": 26.1,
            "inventory_turnover_ratio": 0.83,
            "account_receivable_turnover_ratio": 1.33,
            "reinvestment_rate": null,
            "research_to_sale_ratio": 4.37,
            "price_fair": 39.2,
            "eps_avg_yearly": 1.12,
            "eps_latest_yearly": 1.72,
            "eps_growth_yearly": 46.27
        },
        "20133": {
            "year_quarter": 20133,
            "year": 2013,
            "quarter": 3,
            "eps": 0.29,
            "eps_growth_year": 47.35,
            "eps_4q": 1.4,
            "eps_4q_growth_year": 100.54,
            "roe": 1.71,
            "roe_4q": 8.48,
            "gross_profit": 241264,
            "gross_margin": 29.3,
            "gross_margin_4q_avg": 30.78,
            "net_income": 69327,
            "revenue": 823416,
            "common_shares": 2233177,
            "book_valuer_per_share": 17.03,
            "book_valuer_per_share_4q_avg": 16.69,
            "equity": 4064223,
            "current_ratio": 255.47,
            "debt_ratio": 25.45,
            "inventory_turnover_ratio": 0.79,
            "account_receivable_turnover_ratio": 1.15,
            "reinvestment_rate": null,
            "research_to_sale_ratio": 4.34,
            "price_fair": 39.34,
            "eps_avg_yearly": 1.12,
            "eps_latest_yearly": 1.16,
            "eps_growth_yearly": 28.62
        },
        "20134": {
            "year_quarter": 20134,
            "year": 2013,
            "quarter": 4,
            "eps": 0.35,
            "eps_growth_year": -18.83,
            "eps_4q": 1.32,
            "eps_4q_growth_year": 27.86,
            "roe": 2.05,
            "roe_4q": 7.8100000000000005,
            "gross_profit": 296863,
            "gross_margin": 28.29,
            "gross_margin_4q_avg": 30.64,
            "net_income": 84910,
            "revenue": 1049190,
            "common_shares": 2233177,
            "book_valuer_per_share": 17.71,
            "book_valuer_per_share_4q_avg": 17.11,
            "equity": 4225229,
            "current_ratio": 211.38,
            "debt_ratio": 26.46,
            "inventory_turnover_ratio": 1.01,
            "account_receivable_turnover_ratio": 1.45,
            "reinvestment_rate": -10.96,
            "research_to_sale_ratio": 3.26,
            "price_fair": 40.22,
            "eps_avg_yearly": 1.15,
            "eps_latest_yearly": 1.4,
            "eps_growth_yearly": 33.54
        },
        "20141": {
            "year_quarter": 20141,
            "year": 2014,
            "quarter": 1,
            "eps": 0.39,
            "eps_growth_year": 56,
            "eps_4q": 1.46,
            "eps_4q_growth_year": 35.62,
            "roe": 2.18,
            "roe_4q": 8.51,
            "gross_profit": 285927,
            "gross_margin": 31.54,
            "gross_margin_4q_avg": 30.29,
            "net_income": 92853,
            "revenue": 906523,
            "common_shares": 2233177,
            "book_valuer_per_share": 17.99,
            "book_valuer_per_share_4q_avg": 17.42,
            "equity": 4294114,
            "current_ratio": 219.54,
            "debt_ratio": 26.58,
            "inventory_turnover_ratio": 0.86,
            "account_receivable_turnover_ratio": 1.18,
            "reinvestment_rate": -13.16,
            "research_to_sale_ratio": 3.77,
            "price_fair": 41.42,
            "eps_avg_yearly": 1.18,
            "eps_latest_yearly": 1.56,
            "eps_growth_yearly": 34.55
        },
        "20142": {
            "year_quarter": 20142,
            "year": 2014,
            "quarter": 2,
            "eps": 0.49,
            "eps_growth_year": 13.95,
            "eps_4q": 1.53,
            "eps_4q_growth_year": 15.87,
            "roe": 2.76,
            "roe_4q": 8.7,
            "gross_profit": 308387,
            "gross_margin": 34.44,
            "gross_margin_4q_avg": 30.89,
            "net_income": 116030,
            "revenue": 895302,
            "common_shares": 2233177,
            "book_valuer_per_share": 17.17,
            "book_valuer_per_share_4q_avg": 17.48,
            "equity": 4111306,
            "current_ratio": 199.5,
            "debt_ratio": 29.29,
            "inventory_turnover_ratio": 0.84,
            "account_receivable_turnover_ratio": 1.21,
            "reinvestment_rate": -24.82,
            "research_to_sale_ratio": 4.36,
            "price_fair": 43.51,
            "eps_avg_yearly": 1.24,
            "eps_latest_yearly": 1.96,
            "eps_growth_yearly": 39.79
        },
        "20143": {
            "year_quarter": 20143,
            "year": 2014,
            "quarter": 3,
            "eps": 0.34,
            "eps_growth_year": 17.24,
            "eps_4q": 1.57,
            "eps_4q_growth_year": 12.08,
            "roe": 1.88,
            "roe_4q": 8.870000000000001,
            "gross_profit": 285291,
            "gross_margin": 33.38,
            "gross_margin_4q_avg": 31.91,
            "net_income": 79166,
            "revenue": 854754,
            "common_shares": 2233177,
            "book_valuer_per_share": 17.97,
            "book_valuer_per_share_4q_avg": 17.71,
            "equity": 4300210,
            "current_ratio": 231.48,
            "debt_ratio": 29.65,
            "inventory_turnover_ratio": 0.81,
            "account_receivable_turnover_ratio": 1.22,
            "reinvestment_rate": -28.91,
            "research_to_sale_ratio": 4.67,
            "price_fair": 43.8,
            "eps_avg_yearly": 1.25,
            "eps_latest_yearly": 1.36,
            "eps_growth_yearly": 28.2
        },
        "20144": {
            "year_quarter": 20144,
            "year": 2014,
            "quarter": 4,
            "eps": 0.47,
            "eps_growth_year": 31.54,
            "eps_4q": 1.69,
            "eps_4q_growth_year": 27.93,
            "roe": 2.51,
            "roe_4q": 9.33,
            "gross_profit": 352374,
            "gross_margin": 34.66,
            "gross_margin_4q_avg": 33.51,
            "net_income": 110815,
            "revenue": 1016676,
            "common_shares": 2233177,
            "book_valuer_per_share": 18.92,
            "book_valuer_per_share_4q_avg": 18.01,
            "equity": 4530168,
            "current_ratio": 230.49,
            "debt_ratio": 31.18,
            "inventory_turnover_ratio": 0.95,
            "account_receivable_turnover_ratio": 1.38,
            "reinvestment_rate": -16.92,
            "research_to_sale_ratio": 5.2,
            "price_fair": 45.27,
            "eps_avg_yearly": 1.29,
            "eps_latest_yearly": 1.88,
            "eps_growth_yearly": 36.51
        },
        "20151": {
            "year_quarter": 20151,
            "year": 2015,
            "quarter": 1,
            "eps": 0.56,
            "eps_growth_year": 43.59,
            "eps_4q": 1.86,
            "eps_4q_growth_year": 27.18,
            "roe": 2.93,
            "roe_4q": 10.079999999999998,
            "gross_profit": 280421,
            "gross_margin": 34.89,
            "gross_margin_4q_avg": 34.34,
            "net_income": 134177,
            "revenue": 803674,
            "common_shares": 2233177,
            "book_valuer_per_share": 19.31,
            "book_valuer_per_share_4q_avg": 18.34,
            "equity": 4622824,
            "current_ratio": 271.27,
            "debt_ratio": 28.14,
            "inventory_turnover_ratio": 0.77,
            "account_receivable_turnover_ratio": 1.12,
            "reinvestment_rate": -26.21,
            "research_to_sale_ratio": 3.29,
            "price_fair": 47.34,
            "eps_avg_yearly": 1.35,
            "eps_latest_yearly": 2.24,
            "eps_growth_yearly": 39.02
        },
        "20152": {
            "year_quarter": 20152,
            "year": 2015,
            "quarter": 2,
            "eps": 0.63,
            "eps_growth_year": 28.57,
            "eps_4q": 2,
            "eps_4q_growth_year": 31.09,
            "roe": 3.36,
            "roe_4q": 10.68,
            "gross_profit": 356993,
            "gross_margin": 39.26,
            "gross_margin_4q_avg": 35.55,
            "net_income": 152513,
            "revenue": 909236,
            "common_shares": 2233177,
            "book_valuer_per_share": 18.49,
            "book_valuer_per_share_4q_avg": 18.67,
            "equity": 4446949,
            "current_ratio": 238.32,
            "debt_ratio": 30.8,
            "inventory_turnover_ratio": 0.83,
            "account_receivable_turnover_ratio": 1.3,
            "reinvestment_rate": -23.05,
            "research_to_sale_ratio": 4.69,
            "price_fair": 48.3,
            "eps_avg_yearly": 1.38,
            "eps_latest_yearly": 2.52,
            "eps_growth_yearly": 47.74
        },
        "20153": {
            "year_quarter": 20153,
            "year": 2015,
            "quarter": 3,
            "eps": 0.51,
            "eps_growth_year": 50,
            "eps_4q": 2.17,
            "eps_4q_growth_year": 38.07,
            "roe": 2.68,
            "roe_4q": 11.48,
            "gross_profit": 320833,
            "gross_margin": 37.18,
            "gross_margin_4q_avg": 36.5,
            "net_income": 123018,
            "revenue": 862996,
            "common_shares": 2233177,
            "book_valuer_per_share": 19.69,
            "book_valuer_per_share_4q_avg": 19.1,
            "equity": 4736729,
            "current_ratio": 214.38,
            "debt_ratio": 33.71,
            "inventory_turnover_ratio": 0.8,
            "account_receivable_turnover_ratio": 1.18,
            "reinvestment_rate": -23.3,
            "research_to_sale_ratio": 5.02,
            "price_fair": 51.45,
            "eps_avg_yearly": 1.47,
            "eps_latest_yearly": 2.04,
            "eps_growth_yearly": 60.77
        },
        "20154": {
            "year_quarter": 20154,
            "year": 2015,
            "quarter": 4,
            "eps": 0.57,
            "eps_growth_year": 21.04,
            "eps_4q": 2.27,
            "eps_4q_growth_year": 34.73,
            "roe": 2.86,
            "roe_4q": 11.83,
            "gross_profit": 346869,
            "gross_margin": 38.53,
            "gross_margin_4q_avg": 37.47,
            "net_income": 134745,
            "revenue": 900369,
            "common_shares": 2233177,
            "book_valuer_per_share": 19.42,
            "book_valuer_per_share_4q_avg": 19.23,
            "equity": 4671061,
            "current_ratio": 297.22,
            "debt_ratio": 30.88,
            "inventory_turnover_ratio": 0.44,
            "account_receivable_turnover_ratio": 1.28,
            "reinvestment_rate": -25,
            "research_to_sale_ratio": 4.52,
            "price_fair": 55.3,
            "eps_avg_yearly": 1.58,
            "eps_latest_yearly": 2.28,
            "eps_growth_yearly": 67.04
        },
        "20161": {
            "year_quarter": 20161,
            "year": 2016,
            "quarter": 1,
            "eps": 0.57,
            "eps_growth_year": 1.79,
            "eps_4q": 2.28,
            "eps_4q_growth_year": 22.82,
            "roe": 2.87,
            "roe_4q": 11.77,
            "gross_profit": 304425,
            "gross_margin": 38.38,
            "gross_margin_4q_avg": 38.34,
            "net_income": 136068,
            "revenue": 793166,
            "common_shares": 2233177,
            "book_valuer_per_share": 19.95,
            "book_valuer_per_share_4q_avg": 19.39,
            "equity": 4795602,
            "current_ratio": 268.14,
            "debt_ratio": 30.84,
            "inventory_turnover_ratio": 0.27,
            "account_receivable_turnover_ratio": 1.16,
            "reinvestment_rate": -18.05,
            "research_to_sale_ratio": 4.31,
            "price_fair": 58.36,
            "eps_avg_yearly": 1.67,
            "eps_latest_yearly": 2.28,
            "eps_growth_yearly": 49.73
        },
        "20162": {
            "year_quarter": 20162,
            "year": 2016,
            "quarter": 2,
            "eps": 0.52,
            "eps_growth_year": -17.46,
            "eps_4q": 2.02,
            "eps_4q_growth_year": 1.13,
            "roe": 2.87,
            "roe_4q": 11.28,
            "gross_profit": 324134,
            "gross_margin": 37.67,
            "gross_margin_4q_avg": 37.94,
            "net_income": 136498,
            "revenue": 860517,
            "common_shares": 2233177,
            "book_valuer_per_share": 19.59,
            "book_valuer_per_share_4q_avg": 19.66,
            "equity": 4709879,
            "current_ratio": 269.32,
            "debt_ratio": 30.65,
            "inventory_turnover_ratio": 0.29,
            "account_receivable_turnover_ratio": 1.19,
            "reinvestment_rate": -13.15,
            "research_to_sale_ratio": 4.86,
            "price_fair": 61.34,
            "eps_avg_yearly": 1.75,
            "eps_latest_yearly": 2.08,
            "eps_growth_yearly": 52.09
        },
        "20163": {
            "year_quarter": 20163,
            "year": 2016,
            "quarter": 3,
            "eps": 0.38,
            "eps_growth_year": -25.49,
            "eps_4q": 1.94,
            "eps_4q_growth_year": -10.62,
            "roe": 2.15,
            "roe_4q": 10.75,
            "gross_profit": 321962,
            "gross_margin": 35.99,
            "gross_margin_4q_avg": 37.64,
            "net_income": 100901,
            "revenue": 894694,
            "common_shares": 2456495,
            "book_valuer_per_share": 17.61,
            "book_valuer_per_share_4q_avg": 19.14,
            "equity": 4659072,
            "current_ratio": 243.89,
            "debt_ratio": 32.58,
            "inventory_turnover_ratio": 0.32,
            "account_receivable_turnover_ratio": 1.2,
            "reinvestment_rate": -7.78,
            "research_to_sale_ratio": 5.08,
            "price_fair": 62.91,
            "eps_avg_yearly": 1.8,
            "eps_latest_yearly": 1.52,
            "eps_growth_yearly": 42.58
        },
        "20164": {
            "year_quarter": 20164,
            "year": 2016,
            "quarter": 4,
            "eps": 0.53,
            "eps_growth_year": -5.64,
            "eps_4q": 1.96,
            "eps_4q_growth_year": -13.63,
            "roe": 3.01,
            "roe_4q": 10.900000000000002,
            "gross_profit": 363026,
            "gross_margin": 38.58,
            "gross_margin_4q_avg": 37.66,
            "net_income": 140433,
            "revenue": 940885,
            "common_shares": 2456495,
            "book_valuer_per_share": 17.67,
            "book_valuer_per_share_4q_avg": 18.71,
            "equity": 4675899,
            "current_ratio": 238.58,
            "debt_ratio": 32.68,
            "inventory_turnover_ratio": 0.3,
            "account_receivable_turnover_ratio": 1.25,
            "reinvestment_rate": -0.67,
            "research_to_sale_ratio": 5.6,
            "price_fair": 59.05,
            "eps_avg_yearly": 1.82,
            "eps_latest_yearly": 2.12,
            "eps_growth_yearly": 22.45
        },
        "20171": {
            "year_quarter": 20171,
            "year": 2017,
            "quarter": 1,
            "eps": 0.41,
            "eps_growth_year": -28.07,
            "eps_4q": 1.85,
            "eps_4q_growth_year": -19.08,
            "roe": 2.3,
            "roe_4q": 10.329999999999998,
            "gross_profit": 334526,
            "gross_margin": 38.93,
            "gross_margin_4q_avg": 37.79,
            "net_income": 106269,
            "revenue": 859406,
            "common_shares": 2456495,
            "book_valuer_per_share": 17.32,
            "book_valuer_per_share_4q_avg": 18.05,
            "equity": 4581377,
            "current_ratio": 213,
            "debt_ratio": 37.96,
            "inventory_turnover_ratio": 0.25,
            "account_receivable_turnover_ratio": 1.13,
            "reinvestment_rate": -1.37,
            "research_to_sale_ratio": 3.84,
            "price_fair": 65.1,
            "eps_avg_yearly": 1.86,
            "eps_latest_yearly": 1.64,
            "eps_growth_yearly": 27.58
        },
        "20172": {
            "year_quarter": 20172,
            "year": 2017,
            "quarter": 2,
            "eps": 0.44,
            "eps_growth_year": -15.38,
            "eps_4q": 1.66,
            "eps_4q_growth_year": -17.66,
            "roe": 2.69,
            "roe_4q": 10.15,
            "gross_profit": 393098,
            "gross_margin": 37.85,
            "gross_margin_4q_avg": 37.84,
            "net_income": 125746,
            "revenue": 1038435,
            "common_shares": 2456495,
            "book_valuer_per_share": 17.98,
            "book_valuer_per_share_4q_avg": 17.65,
            "equity": 4759552,
            "current_ratio": 208.96,
            "debt_ratio": 46.59,
            "inventory_turnover_ratio": 0.28,
            "account_receivable_turnover_ratio": 1.26,
            "reinvestment_rate": 32.55,
            "research_to_sale_ratio": 4.55,
            "price_fair": 39.88,
            "eps_avg_yearly": 1.86,
            "eps_latest_yearly": 1.76,
            "eps_growth_yearly": 11.41
        },
        "20173": {
            "year_quarter": 20173,
            "year": 2017,
            "quarter": 3,
            "eps": 0.44,
            "eps_growth_year": 15.79,
            "eps_4q": 1.75,
            "eps_4q_growth_year": -9.68,
            "roe": 2.63,
            "roe_4q": 10.629999999999999,
            "gross_profit": 439249,
            "gross_margin": 37.09,
            "gross_margin_4q_avg": 38.11,
            "net_income": 127892,
            "revenue": 1184249,
            "common_shares": 2653015,
            "book_valuer_per_share": 17.42,
            "book_valuer_per_share_4q_avg": 17.6,
            "equity": 4977557,
            "current_ratio": 169.3,
            "debt_ratio": 48.91,
            "inventory_turnover_ratio": 0.29,
            "account_receivable_turnover_ratio": 1.22,
            "reinvestment_rate": 62.2,
            "research_to_sale_ratio": 4.7,
            "price_fair": 56.15,
            "eps_avg_yearly": 1.9,
            "eps_latest_yearly": 1.76,
            "eps_growth_yearly": 19.55
        },
        "20174": {
            "year_quarter": 20174,
            "year": 2017,
            "quarter": 4,
            "eps": 0.4,
            "eps_growth_year": -25.65,
            "eps_4q": 1.66,
            "eps_4q_growth_year": -15.54,
            "roe": 2.28,
            "roe_4q": 9.899999999999999,
            "gross_profit": 448582,
            "gross_margin": 38.68,
            "gross_margin_4q_avg": 38.14,
            "net_income": 115301,
            "revenue": 1159629,
            "common_shares": 2653015,
            "book_valuer_per_share": 17.95,
            "book_valuer_per_share_4q_avg": 17.67,
            "equity": 5131427,
            "current_ratio": 137.25,
            "debt_ratio": 54.08,
            "inventory_turnover_ratio": 0.25,
            "account_receivable_turnover_ratio": 1.12,
            "reinvestment_rate": 77.48,
            "research_to_sale_ratio": 4.77,
            "price_fair": 42.28,
            "eps_avg_yearly": 1.91,
            "eps_latest_yearly": 1.6,
            "eps_growth_yearly": 12.11
        },
        "20181": {
            "year_quarter": 20181,
            "year": 2018,
            "quarter": 1,
            "eps": 0.34,
            "eps_growth_year": -17.07,
            "eps_4q": 1.62,
            "eps_4q_growth_year": -12.24,
            "roe": 1.9,
            "roe_4q": 9.5,
            "gross_profit": 419678,
            "gross_margin": 39.86,
            "gross_margin_4q_avg": 38.37,
            "net_income": 99911,
            "revenue": 1052971,
            "common_shares": 2653015,
            "book_valuer_per_share": 18.8,
            "book_valuer_per_share_4q_avg": 18.04,
            "equity": 5372442,
            "current_ratio": 140.49,
            "debt_ratio": 54.67,
            "inventory_turnover_ratio": 0.2,
            "account_receivable_turnover_ratio": 1.05,
            "reinvestment_rate": 81.43,
            "research_to_sale_ratio": 4.39,
            "price_fair": 29.45,
            "eps_avg_yearly": 1.9,
            "eps_latest_yearly": 1.36,
            "eps_growth_yearly": 5.5
        },
        "20182": {
            "year_quarter": 20182,
            "year": 2018,
            "quarter": 2,
            "eps": 0.27,
            "eps_growth_year": -38.64,
            "eps_4q": 1.35,
            "eps_4q_growth_year": -19.12,
            "roe": 1.71,
            "roe_4q": 8.52,
            "gross_profit": 434397,
            "gross_margin": 38.64,
            "gross_margin_4q_avg": 38.57,
            "net_income": 90808,
            "revenue": 1124116,
            "common_shares": 2653015,
            "book_valuer_per_share": 18.24,
            "book_valuer_per_share_4q_avg": 18.1,
            "equity": 5229946,
            "current_ratio": 121.75,
            "debt_ratio": 62.68,
            "inventory_turnover_ratio": 0.19,
            "account_receivable_turnover_ratio": 1.15,
            "reinvestment_rate": 101.02,
            "research_to_sale_ratio": 6.22,
            "price_fair": 5.54,
            "eps_avg_yearly": 1.85,
            "eps_latest_yearly": 1.08,
            "eps_growth_yearly": -6.06
        },
        "20183": {
            "year_quarter": 20183,
            "year": 2018,
            "quarter": 3,
            "eps": -0.05,
            "eps_growth_year": -111.36,
            "eps_4q": 0.9,
            "eps_4q_growth_year": -48.96,
            "roe": -0.11,
            "roe_4q": 5.779999999999999,
            "gross_profit": 417606,
            "gross_margin": 35.74,
            "gross_margin_4q_avg": 38.23,
            "net_income": -5378,
            "revenue": 1168484,
            "common_shares": 2918316,
            "book_valuer_per_share": 15.68,
            "book_valuer_per_share_4q_avg": 17.67,
            "equity": 4944201,
            "current_ratio": 119.26,
            "debt_ratio": 65.57,
            "inventory_turnover_ratio": 0.19,
            "account_receivable_turnover_ratio": 1.2,
            "reinvestment_rate": 116.04,
            "research_to_sale_ratio": 7.29,
            "price_fair": 21.97,
            "eps_avg_yearly": 1.88,
            "eps_latest_yearly": 1.08,
            "eps_growth_yearly": 1.7
        },
        "20184": {
            "year_quarter": 20184,
            "year": 2018,
            "quarter": 4,
            "eps": 0.55,
            "eps_growth_year": 39.77,
            "eps_4q": 1.09,
            "eps_4q_growth_year": -34.26,
            "roe": 3.71,
            "roe_4q": 7.210000000000001,
            "gross_profit": 873631,
            "gross_margin": 33,
            "gross_margin_4q_avg": 36.81,
            "net_income": 188300,
            "revenue": 2647276,
            "common_shares": 2918316,
            "book_valuer_per_share": 16.44,
            "book_valuer_per_share_4q_avg": 17.29,
            "equity": 5196580,
            "current_ratio": 119.81,
            "debt_ratio": 65.44,
            "inventory_turnover_ratio": 0.43,
            "account_receivable_turnover_ratio": 2.76,
            "reinvestment_rate": 158.52,
            "research_to_sale_ratio": 4.37,
            "price_fair": 5.63,
            "eps_avg_yearly": 1.88,
            "eps_latest_yearly": 1.08,
            "eps_growth_yearly": -9.1
        },
        "20191": {
            "year_quarter": 20191,
            "year": 2019,
            "quarter": 1,
            "eps": 0.46,
            "eps_growth_year": 35.29,
            "eps_4q": 1.24,
            "eps_4q_growth_year": -23.77,
            "roe": 2.87,
            "roe_4q": 8.18,
            "gross_profit": 691403,
            "gross_margin": 32.11,
            "gross_margin_4q_avg": 34.87,
            "net_income": 153618,
            "revenue": 2153558,
            "common_shares": 2918316,
            "book_valuer_per_share": 17.47,
            "book_valuer_per_share_4q_avg": 16.96,
            "equity": 5526974,
            "current_ratio": 123.59,
            "debt_ratio": 62.09,
            "inventory_turnover_ratio": 0.39,
            "account_receivable_turnover_ratio": 2.28,
            "reinvestment_rate": 196.37,
            "research_to_sale_ratio": 4.25,
            "price_fair": 5.55,
            "eps_avg_yearly": 1.85,
            "eps_latest_yearly": 1.84,
            "eps_growth_yearly": -19.25
        },
        "20192": {
            "year_quarter": 20192,
            "year": 2019,
            "quarter": 2,
            "eps": 0.14,
            "eps_growth_year": -48.15,
            "eps_4q": 1.03,
            "eps_4q_growth_year": -23.41,
            "roe": 1.05,
            "roe_4q": 7.52,
            "gross_profit": 490212,
            "gross_margin": 33.92,
            "gross_margin_4q_avg": 33.69,
            "net_income": 57099,
            "revenue": 1445068,
            "common_shares": 2918316,
            "book_valuer_per_share": 17.05,
            "book_valuer_per_share_4q_avg": 16.66,
            "equity": 5393072,
            "current_ratio": 134.53,
            "debt_ratio": 61.99,
            "inventory_turnover_ratio": 0.27,
            "account_receivable_turnover_ratio": 1.43,
            "reinvestment_rate": 240.01,
            "research_to_sale_ratio": 8.07,
            "price_fair": 5.13,
            "eps_avg_yearly": 1.71,
            "eps_latest_yearly": 0.56,
            "eps_growth_yearly": -42.7
        },
        "20193": {
            "year_quarter": 20193,
            "year": 2019,
            "quarter": 3,
            "eps": 0.33,
            "eps_growth_year": null,
            "eps_4q": 1.41,
            "eps_4q_growth_year": 57.47,
            "roe": 2.27,
            "roe_4q": 9.9,
            "gross_profit": 569551,
            "gross_margin": 37.4,
            "gross_margin_4q_avg": 34.11,
            "net_income": 120811,
            "revenue": 1523060,
            "common_shares": 3151781,
            "book_valuer_per_share": 15.32,
            "book_valuer_per_share_4q_avg": 16.57,
            "equity": 5243493,
            "current_ratio": 113.94,
            "debt_ratio": 64.36,
            "inventory_turnover_ratio": 0.27,
            "account_receivable_turnover_ratio": 1.33,
            "reinvestment_rate": 270.63,
            "research_to_sale_ratio": 7.7,
            "price_fair": 19.09,
            "eps_avg_yearly": 1.66,
            "eps_latest_yearly": 1.32,
            "eps_growth_yearly": 1.52
        },
        "20194": {
            "year_quarter": 20194,
            "year": 2019,
            "quarter": 4,
            "eps": 0.24,
            "eps_growth_year": -56.01,
            "eps_4q": 1.14,
            "eps_4q_growth_year": 4.71,
            "roe": 1.73,
            "roe_4q": 7.92,
            "gross_profit": 564991,
            "gross_margin": 39.08,
            "gross_margin_4q_avg": 35.63,
            "net_income": 91266,
            "revenue": 1445867,
            "common_shares": 3151781,
            "book_valuer_per_share": 15.53,
            "book_valuer_per_share_4q_avg": 16.34,
            "equity": 5322267,
            "current_ratio": 116.51,
            "debt_ratio": 63.02,
            "inventory_turnover_ratio": 0.25,
            "account_receivable_turnover_ratio": 1.23,
            "reinvestment_rate": 290.93,
            "research_to_sale_ratio": 7.84,
            "price_fair": 4.69,
            "eps_avg_yearly": 1.56,
            "eps_latest_yearly": 0.96,
            "eps_growth_yearly": -9.63
        },
        "20201": {
            "year_quarter": 20201,
            "year": 2020,
            "quarter": 1,
            "eps": 0.64,
            "eps_growth_year": 39.13,
            "eps_4q": 1.36,
            "eps_4q_growth_year": 10.06,
            "roe": 4.44,
            "roe_4q": 9.49,
            "gross_profit": 850198,
            "gross_margin": 37.68,
            "gross_margin_4q_avg": 37.02,
            "net_income": 234401,
            "revenue": 2256551,
            "common_shares": 3151781,
            "book_valuer_per_share": 15.25,
            "book_valuer_per_share_4q_avg": 15.79,
            "equity": 5238541,
            "current_ratio": 119.56,
            "debt_ratio": 65.93,
            "inventory_turnover_ratio": 0.41,
            "account_receivable_turnover_ratio": 2.12,
            "reinvestment_rate": 286.54,
            "research_to_sale_ratio": 4.22,
            "price_fair": 55.4,
            "eps_avg_yearly": 1.58,
            "eps_latest_yearly": 2.56,
            "eps_growth_yearly": 37.99
        },
        "20202": {
            "year_quarter": 20202,
            "year": 2020,
            "quarter": 2,
            "eps": 0.32,
            "eps_growth_year": 128.57,
            "eps_4q": 1.54,
            "eps_4q_growth_year": 49.74,
            "roe": 2.29,
            "roe_4q": 10.73,
            "gross_profit": 532759,
            "gross_margin": 35.3,
            "gross_margin_4q_avg": 37.37,
            "net_income": 120634,
            "revenue": 1509124,
            "common_shares": 3151781,
            "book_valuer_per_share": 15.37,
            "book_valuer_per_share_4q_avg": 15.37,
            "equity": 5287843,
            "current_ratio": 115.35,
            "debt_ratio": 64,
            "inventory_turnover_ratio": 0.3,
            "account_receivable_turnover_ratio": 1.56,
            "reinvestment_rate": 281.28,
            "research_to_sale_ratio": 6.26,
            "price_fair": 53.4,
            "eps_avg_yearly": 1.53,
            "eps_latest_yearly": 1.28,
            "eps_growth_yearly": 26.21
        },
        "20203": {
            "year_quarter": 20203,
            "year": 2020,
            "quarter": 3,
            "eps": 0.22,
            "eps_growth_year": -33.33,
            "eps_4q": 1.43,
            "eps_4q_growth_year": 1.57,
            "roe": 1.56,
            "roe_4q": 10.020000000000001,
            "gross_profit": 491509,
            "gross_margin": 35.92,
            "gross_margin_4q_avg": 37,
            "net_income": 84688,
            "revenue": 1368329,
            "common_shares": 3151781,
            "book_valuer_per_share": 16.16,
            "book_valuer_per_share_4q_avg": 15.58,
            "equity": 5560441,
            "current_ratio": 114.04,
            "debt_ratio": 68.17,
            "inventory_turnover_ratio": 0.26,
            "account_receivable_turnover_ratio": 1.36,
            "reinvestment_rate": 274.98,
            "research_to_sale_ratio": 7.45,
            "price_fair": 51.76,
            "eps_avg_yearly": 1.48,
            "eps_latest_yearly": 0.88,
            "eps_growth_yearly": 24.97
        },
        "20204": {
            "year_quarter": 20204,
            "year": 2020,
            "quarter": 4,
            "eps": 0.44,
            "eps_growth_year": 81.07,
            "eps_4q": 1.63,
            "eps_4q_growth_year": 42.9,
            "roe": 2.5,
            "roe_4q": 10.790000000000001,
            "gross_profit": 522261,
            "gross_margin": 36.81,
            "gross_margin_4q_avg": 36.43,
            "net_income": 143634,
            "revenue": 1418673,
            "common_shares": 3151781,
            "book_valuer_per_share": 17.33,
            "book_valuer_per_share_4q_avg": 16.03,
            "equity": 5947714,
            "current_ratio": 152.51,
            "debt_ratio": 67.86,
            "inventory_turnover_ratio": 0.23,
            "account_receivable_turnover_ratio": 1.26,
            "reinvestment_rate": 260.6,
            "research_to_sale_ratio": 6.56,
            "price_fair": 50.9,
            "eps_avg_yearly": 1.45,
            "eps_latest_yearly": 1.76,
            "eps_growth_yearly": 42.26
        },
        "20211": {
            "year_quarter": 20211,
            "year": 2021,
            "quarter": 1,
            "eps": 1.24,
            "eps_growth_year": 93.75,
            "eps_4q": 2.22,
            "eps_4q_growth_year": 63.44,
            "roe": 6.99,
            "roe_4q": 13.34,
            "gross_profit": 999388,
            "gross_margin": 40.66,
            "gross_margin_4q_avg": 37.17,
            "net_income": 416966,
            "revenue": 2457671,
            "common_shares": 3151781,
            "book_valuer_per_share": 17.36,
            "book_valuer_per_share_4q_avg": 16.56,
            "equity": 5978228,
            "current_ratio": 129.21,
            "debt_ratio": 68.24,
            "inventory_turnover_ratio": 0.33,
            "account_receivable_turnover_ratio": 2.01,
            "reinvestment_rate": 219.32,
            "research_to_sale_ratio": 4.16,
            "price_fair": 59.2,
            "eps_avg_yearly": 1.69,
            "eps_latest_yearly": 4.96,
            "eps_growth_yearly": 100.68
        },
        "20212": {
            "year_quarter": 20212,
            "year": 2021,
            "quarter": 2,
            "eps": 1.75,
            "eps_growth_year": 446.88,
            "eps_4q": 3.65,
            "eps_4q_growth_year": 136.28,
            "roe": 9.61,
            "roe_4q": 20.66,
            "gross_profit": 1475548,
            "gross_margin": 38.32,
            "gross_margin_4q_avg": 37.93,
            "net_income": 600191,
            "revenue": 3850642,
            "common_shares": 3151781,
            "book_valuer_per_share": 19.11,
            "book_valuer_per_share_4q_avg": 17.49,
            "equity": 6507743,
            "current_ratio": 146.95,
            "debt_ratio": 62.08,
            "inventory_turnover_ratio": 0.57,
            "account_receivable_turnover_ratio": 2.98,
            "reinvestment_rate": 149.26,
            "research_to_sale_ratio": 2.88,
            "price_fair": 72.3,
            "eps_avg_yearly": 2.07,
            "eps_latest_yearly": 7,
            "eps_growth_yearly": 110.34
        },
        "20213": {
            "year_quarter": 20213,
            "year": 2021,
            "quarter": 3,
            "eps": 0.44,
            "eps_growth_year": 100,
            "eps_4q": 3.87,
            "eps_4q_growth_year": 170.64,
            "roe": 2.39,
            "roe_4q": 21.490000000000002,
            "gross_profit": 616224,
            "gross_margin": 33.13,
            "gross_margin_4q_avg": 37.23,
            "net_income": 157435,
            "revenue": 1860168,
            "common_shares": 3151781,
            "book_valuer_per_share": 19.54,
            "book_valuer_per_share_4q_avg": 18.34,
            "equity": 6658035,
            "current_ratio": 173.68,
            "debt_ratio": 58.5,
            "inventory_turnover_ratio": 0.35,
            "account_receivable_turnover_ratio": 1.37,
            "reinvestment_rate": 122.84,
            "research_to_sale_ratio": 5.44,
            "price_fair": 72.3,
            "eps_avg_yearly": 2.07,
            "eps_latest_yearly": 1.76,
            "eps_growth_yearly": 88.95
        },
        "20214": {
            "year_quarter": 20214,
            "year": 2021,
            "quarter": 4,
            "eps": 0.53,
            "eps_growth_year": 19.71,
            "eps_4q": 3.96,
            "eps_4q_growth_year": 143.15,
            "roe": 2.51,
            "roe_4q": 21.5,
            "gross_profit": 705052,
            "gross_margin": 35.74,
            "gross_margin_4q_avg": 36.96,
            "net_income": 157976,
            "revenue": 1972613,
            "common_shares": 3151781,
            "book_valuer_per_share": 18.81,
            "book_valuer_per_share_4q_avg": 18.71,
            "equity": 5928584,
            "current_ratio": 155.78,
            "debt_ratio": 61.02,
            "inventory_turnover_ratio": 0.33,
            "account_receivable_turnover_ratio": 1.36,
            "reinvestment_rate": 110.01,
            "research_to_sale_ratio": 3.49,
            "price_fair": 73.6,
            "eps_avg_yearly": 2.1,
            "eps_latest_yearly": 2.12,
            "eps_growth_yearly": 97.4
        },
        "20221": {
            "year_quarter": 20221,
            "year": 2022,
            "quarter": 1,
            "eps": 0.46,
            "eps_growth_year": -62.9,
            "eps_4q": 3.18,
            "eps_4q_growth_year": 43.32,
            "roe": 2.53,
            "roe_4q": 17.04,
            "gross_profit": 673585,
            "gross_margin": 35.69,
            "gross_margin_4q_avg": 35.72,
            "net_income": 144581,
            "revenue": 1887341,
            "common_shares": 3151781,
            "book_valuer_per_share": 17.49,
            "book_valuer_per_share_4q_avg": 18.74,
            "equity": 5511898,
            "current_ratio": 133.19,
            "debt_ratio": 65.67,
            "inventory_turnover_ratio": 0.28,
            "account_receivable_turnover_ratio": 1.24,
            "reinvestment_rate": 127.12,
            "research_to_sale_ratio": 4.88,
            "price_fair": 74.8,
            "eps_avg_yearly": 2.14,
            "eps_latest_yearly": 1.84,
            "eps_growth_yearly": 97.91
        },
        "20222": {
            "year_quarter": 20222,
            "year": 2022,
            "quarter": 2,
            "eps": 1.28,
            "eps_growth_year": -26.86,
            "eps_4q": 2.72,
            "eps_4q_growth_year": -25.51,
            "roe": 7.17,
            "roe_4q": 14.6,
            "gross_profit": 988042,
            "gross_margin": 35.29,
            "gross_margin_4q_avg": 34.96,
            "net_income": 404706,
            "revenue": 2799830,
            "common_shares": 3151781,
            "book_valuer_per_share": 18.31,
            "book_valuer_per_share_4q_avg": 18.54,
            "equity": 5771678,
            "current_ratio": 121.22,
            "debt_ratio": 66.97,
            "inventory_turnover_ratio": 0.4,
            "account_receivable_turnover_ratio": 1.87,
            "reinvestment_rate": 141.9,
            "research_to_sale_ratio": 3.64,
            "price_fair": 84.9,
            "eps_avg_yearly": 2.43,
            "eps_latest_yearly": 5.12,
            "eps_growth_yearly": 154.72
        },
        "20223": {
            "year_quarter": 20223,
            "year": 2022,
            "quarter": 3,
            "eps": 0.36,
            "eps_growth_year": -18.18,
            "eps_4q": 2.63,
            "eps_4q_growth_year": -32.02,
            "roe": 1.97,
            "roe_4q": 14.18,
            "gross_profit": 648250,
            "gross_margin": 33.28,
            "gross_margin_4q_avg": 35,
            "net_income": 114436,
            "revenue": 1948135,
            "common_shares": 3151781,
            "book_valuer_per_share": 18.5,
            "book_valuer_per_share_4q_avg": 18.28,
            "equity": 5830537,
            "current_ratio": 102.07,
            "debt_ratio": 69.42,
            "inventory_turnover_ratio": 0.31,
            "account_receivable_turnover_ratio": 1.37,
            "reinvestment_rate": 175.04,
            "research_to_sale_ratio": 5.56,
            "price_fair": 82.6,
            "eps_avg_yearly": 2.36,
            "eps_latest_yearly": 1.44,
            "eps_growth_yearly": 125.24
        },
        "20224": {
            "year_quarter": 20224,
            "year": 2022,
            "quarter": 4,
            "eps": -0.34,
            "eps_growth_year": -164.77,
            "eps_4q": 1.76,
            "eps_4q_growth_year": -55.49,
            "roe": -1.89,
            "roe_4q": 9.78,
            "gross_profit": 431836,
            "gross_margin": 30.04,
            "gross_margin_4q_avg": 33.58,
            "net_income": -107860,
            "revenue": 1437499,
            "common_shares": 3151781,
            "book_valuer_per_share": 17.67,
            "book_valuer_per_share_4q_avg": 17.99,
            "equity": 5570388,
            "current_ratio": 63.58,
            "debt_ratio": 68.67,
            "inventory_turnover_ratio": 0.27,
            "account_receivable_turnover_ratio": 1.16,
            "reinvestment_rate": 178.97,
            "research_to_sale_ratio": 6.34,
            "price_fair": 82.6,
            "eps_avg_yearly": 2.36,
            "eps_latest_yearly": 1.44,
            "eps_growth_yearly": 125.24
        },
        "20231": {
            "year_quarter": 20231,
            "year": 2023,
            "quarter": 1,
            "eps": -0.47,
            "eps_growth_year": -202.17,
            "eps_4q": 0.84,
            "eps_4q_growth_year": -73.73,
            "roe": -2.67,
            "roe_4q": 4.58,
            "gross_profit": 353637,
            "gross_margin": 29.25,
            "gross_margin_4q_avg": 31.97,
            "net_income": -147543,
            "revenue": 1209215,
            "common_shares": 3151781,
            "book_valuer_per_share": 17.35,
            "book_valuer_per_share_4q_avg": 17.96,
            "equity": 5468747,
            "current_ratio": 95.21,
            "debt_ratio": 70.44,
            "inventory_turnover_ratio": 0.24,
            "account_receivable_turnover_ratio": 1.14,
            "reinvestment_rate": 191.68,
            "research_to_sale_ratio": 8.17,
            "price_fair": 83.9,
            "eps_avg_yearly": 2.4,
            "eps_latest_yearly": 1.44,
            "eps_growth_yearly": 138.86
        }
    },
    "months": {
        "2011-05": {
            "month": "2011-05",
            "price": "30.26",
            "revenue": 376859
        },
        "2011-06": {
            "month": "2011-06",
            "price": "29.64",
            "revenue": 351989
        },
        "2011-07": {
            "month": "2011-07",
            "price": "28.80",
            "revenue": 310384
        },
        "2011-08": {
            "month": "2011-08",
            "price": "27.34",
            "revenue": 216247
        },
        "2011-09": {
            "month": "2011-09",
            "price": "21.02",
            "revenue": 278393
        },
        "2011-10": {
            "month": "2011-10",
            "price": "16.13",
            "revenue": 328334
        },
        "2011-11": {
            "month": "2011-11",
            "price": "17.42",
            "revenue": 390872
        },
        "2011-12": {
            "month": "2011-12",
            "price": "15.21",
            "revenue": 384885
        },
        "2012-01": {
            "month": "2012-01",
            "price": "14.86",
            "revenue": 181389
        },
        "2012-02": {
            "month": "2012-02",
            "price": "17.00",
            "revenue": 219047
        },
        "2012-03": {
            "month": "2012-03",
            "price": "18.21",
            "revenue": 254104
        },
        "2012-04": {
            "month": "2012-04",
            "price": "17.34",
            "revenue": 240351
        },
        "2012-05": {
            "month": "2012-05",
            "price": "14.98",
            "revenue": 245576
        },
        "2012-06": {
            "month": "2012-06",
            "price": "13.38",
            "revenue": 207048
        },
        "2012-07": {
            "month": "2012-07",
            "price": "13.34",
            "revenue": 229409
        },
        "2012-08": {
            "month": "2012-08",
            "price": "14.09",
            "revenue": 240026
        },
        "2012-09": {
            "month": "2012-09",
            "price": "13.45",
            "revenue": 254473
        },
        "2012-10": {
            "month": "2012-10",
            "price": "12.87",
            "revenue": 277878
        },
        "2012-11": {
            "month": "2012-11",
            "price": "12.00",
            "revenue": 397672
        },
        "2012-12": {
            "month": "2012-12",
            "price": "15.79",
            "revenue": 311127
        },
        "2013-01": {
            "month": "2013-01",
            "price": "14.73",
            "revenue": 196909
        },
        "2013-02": {
            "month": "2013-02",
            "price": "13.52",
            "revenue": 99736
        },
        "2013-03": {
            "month": "2013-03",
            "price": "13.13",
            "revenue": 314023
        },
        "2013-04": {
            "month": "2013-04",
            "price": "13.80",
            "revenue": 316375
        },
        "2013-05": {
            "month": "2013-05",
            "price": "13.54",
            "revenue": 307402
        },
        "2013-06": {
            "month": "2013-06",
            "price": "14.54",
            "revenue": 277651
        },
        "2013-07": {
            "month": "2013-07",
            "price": "16.57",
            "revenue": 233816
        },
        "2013-08": {
            "month": "2013-08",
            "price": "16.77",
            "revenue": 279129
        },
        "2013-09": {
            "month": "2013-09",
            "price": "19.24",
            "revenue": 310911
        },
        "2013-10": {
            "month": "2013-10",
            "price": "20.99",
            "revenue": 384575
        },
        "2013-11": {
            "month": "2013-11",
            "price": "19.35",
            "revenue": 384572
        },
        "2013-12": {
            "month": "2013-12",
            "price": "20.25",
            "revenue": 277166
        },
        "2014-01": {
            "month": "2014-01",
            "price": "18.93",
            "revenue": 237406
        },
        "2014-02": {
            "month": "2014-02",
            "price": "19.11",
            "revenue": 248663
        },
        "2014-03": {
            "month": "2014-03",
            "price": "23.76",
            "revenue": 420036
        },
        "2014-04": {
            "month": "2014-04",
            "price": "24.34",
            "revenue": 357038
        },
        "2014-05": {
            "month": "2014-05",
            "price": "21.90",
            "revenue": 290590
        },
        "2014-06": {
            "month": "2014-06",
            "price": "21.06",
            "revenue": 250105
        },
        "2014-07": {
            "month": "2014-07",
            "price": "20.06",
            "revenue": 233430
        },
        "2014-08": {
            "month": "2014-08",
            "price": "19.78",
            "revenue": 256685
        },
        "2014-09": {
            "month": "2014-09",
            "price": "19.90",
            "revenue": 365482
        },
        "2014-10": {
            "month": "2014-10",
            "price": "19.06",
            "revenue": 348030
        },
        "2014-11": {
            "month": "2014-11",
            "price": "18.20",
            "revenue": 341202
        },
        "2014-12": {
            "month": "2014-12",
            "price": "18.33",
            "revenue": 330066
        },
        "2015-01": {
            "month": "2015-01",
            "price": "20.66",
            "revenue": 279165
        },
        "2015-02": {
            "month": "2015-02",
            "price": "22.66",
            "revenue": 142606
        },
        "2015-03": {
            "month": "2015-03",
            "price": "23.42",
            "revenue": 382460
        },
        "2015-04": {
            "month": "2015-04",
            "price": "25.90",
            "revenue": 367311
        },
        "2015-05": {
            "month": "2015-05",
            "price": "26.67",
            "revenue": 292886
        },
        "2015-06": {
            "month": "2015-06",
            "price": "31.88",
            "revenue": 251730
        },
        "2015-07": {
            "month": "2015-07",
            "price": "26.20",
            "revenue": 264766
        },
        "2015-08": {
            "month": "2015-08",
            "price": "23.94",
            "revenue": 287200
        },
        "2015-09": {
            "month": "2015-09",
            "price": "24.94",
            "revenue": 304559
        },
        "2015-10": {
            "month": "2015-10",
            "price": "28.26",
            "revenue": 302620
        },
        "2015-11": {
            "month": "2015-11",
            "price": "36.39",
            "revenue": 303872
        },
        "2015-12": {
            "month": "2015-12",
            "price": "32.43",
            "revenue": 292198
        },
        "2016-01": {
            "month": "2016-01",
            "price": "32.18",
            "revenue": 250054
        },
        "2016-02": {
            "month": "2016-02",
            "price": "33.34",
            "revenue": 153147
        },
        "2016-03": {
            "month": "2016-03",
            "price": "36.08",
            "revenue": 388683
        },
        "2016-04": {
            "month": "2016-04",
            "price": "38.53",
            "revenue": 315019
        },
        "2016-05": {
            "month": "2016-05",
            "price": "39.63",
            "revenue": 290098
        },
        "2016-06": {
            "month": "2016-06",
            "price": "36.76",
            "revenue": 255463
        },
        "2016-07": {
            "month": "2016-07",
            "price": "36.52",
            "revenue": 226844
        },
        "2016-08": {
            "month": "2016-08",
            "price": "33.96",
            "revenue": 302263
        },
        "2016-09": {
            "month": "2016-09",
            "price": "36.58",
            "revenue": 354524
        },
        "2016-10": {
            "month": "2016-10",
            "price": "38.87",
            "revenue": 328705
        },
        "2016-11": {
            "month": "2016-11",
            "price": "36.82",
            "revenue": 329949
        },
        "2016-12": {
            "month": "2016-12",
            "price": "37.18",
            "revenue": 280737
        },
        "2017-01": {
            "month": "2017-01",
            "price": "37.32",
            "revenue": 205706
        },
        "2017-02": {
            "month": "2017-02",
            "price": "37.08",
            "revenue": 245014
        },
        "2017-03": {
            "month": "2017-03",
            "price": "38.50",
            "revenue": 404757
        },
        "2017-04": {
            "month": "2017-04",
            "price": "38.02",
            "revenue": 349969
        },
        "2017-05": {
            "month": "2017-05",
            "price": "38.83",
            "revenue": 344001
        },
        "2017-06": {
            "month": "2017-06",
            "price": "44.20",
            "revenue": 341722
        },
        "2017-07": {
            "month": "2017-07",
            "price": "55.17",
            "revenue": 311079
        },
        "2017-08": {
            "month": "2017-08",
            "price": "53.43",
            "revenue": 394397
        },
        "2017-09": {
            "month": "2017-09",
            "price": "58.02",
            "revenue": 478188
        },
        "2017-10": {
            "month": "2017-10",
            "price": "70.89",
            "revenue": 368927
        },
        "2017-11": {
            "month": "2017-11",
            "price": "66.28",
            "revenue": 447313
        },
        "2017-12": {
            "month": "2017-12",
            "price": "62.87",
            "revenue": 343312
        },
        "2018-01": {
            "month": "2018-01",
            "price": "64.14",
            "revenue": 373171
        },
        "2018-02": {
            "month": "2018-02",
            "price": "61.17",
            "revenue": 201371
        },
        "2018-03": {
            "month": "2018-03",
            "price": "61.45",
            "revenue": 481598
        },
        "2018-04": {
            "month": "2018-04",
            "price": "53.72",
            "revenue": 409594
        },
        "2018-05": {
            "month": "2018-05",
            "price": "47.74",
            "revenue": 373082
        },
        "2018-06": {
            "month": "2018-06",
            "price": "47.74",
            "revenue": 341938
        },
        "2018-07": {
            "month": "2018-07",
            "price": "48.13",
            "revenue": 334248
        },
        "2018-08": {
            "month": "2018-08",
            "price": "48.85",
            "revenue": 412925
        },
        "2018-09": {
            "month": "2018-09",
            "price": "52.07",
            "revenue": 410126
        },
        "2018-10": {
            "month": "2018-10",
            "price": "42.71",
            "revenue": 392267
        },
        "2018-11": {
            "month": "2018-11",
            "price": "43.52",
            "revenue": 404209
        },
        "2018-12": {
            "month": "2018-12",
            "price": "41.94",
            "revenue": 1830023
        },
        "2019-01": {
            "month": "2019-01",
            "price": "40.82",
            "revenue": 580612
        },
        "2019-02": {
            "month": "2019-02",
            "price": "41.93",
            "revenue": 707600
        },
        "2019-03": {
            "month": "2019-03",
            "price": "41.27",
            "revenue": 868046
        },
        "2019-04": {
            "month": "2019-04",
            "price": "47.26",
            "revenue": 565164
        },
        "2019-05": {
            "month": "2019-05",
            "price": "47.11",
            "revenue": 416093
        },
        "2019-06": {
            "month": "2019-06",
            "price": "49.99",
            "revenue": 466154
        },
        "2019-07": {
            "month": "2019-07",
            "price": "50.60",
            "revenue": 425517
        },
        "2019-08": {
            "month": "2019-08",
            "price": "44.37",
            "revenue": 525611
        },
        "2019-09": {
            "month": "2019-09",
            "price": "43.26",
            "revenue": 572881
        },
        "2019-10": {
            "month": "2019-10",
            "price": "43.07",
            "revenue": 497108
        },
        "2019-11": {
            "month": "2019-11",
            "price": "42.30",
            "revenue": 523229
        },
        "2019-12": {
            "month": "2019-12",
            "price": "41.25",
            "revenue": 431591
        },
        "2020-01": {
            "month": "2020-01",
            "price": "44.98",
            "revenue": 327578
        },
        "2020-02": {
            "month": "2020-02",
            "price": "43.66",
            "revenue": 720401
        },
        "2020-03": {
            "month": "2020-03",
            "price": "32.12",
            "revenue": 1198220
        },
        "2020-04": {
            "month": "2020-04",
            "price": "28.65",
            "revenue": 676669
        },
        "2020-05": {
            "month": "2020-05",
            "price": "29.66",
            "revenue": 421773
        },
        "2020-06": {
            "month": "2020-06",
            "price": "31.06",
            "revenue": 412788
        },
        "2020-07": {
            "month": "2020-07",
            "price": "29.71",
            "revenue": 444484
        },
        "2020-08": {
            "month": "2020-08",
            "price": "29.80",
            "revenue": 409551
        },
        "2020-09": {
            "month": "2020-09",
            "price": "29.04",
            "revenue": 527936
        },
        "2020-10": {
            "month": "2020-10",
            "price": "28.48",
            "revenue": 466133
        },
        "2020-11": {
            "month": "2020-11",
            "price": "29.23",
            "revenue": 523877
        },
        "2020-12": {
            "month": "2020-12",
            "price": "29.63",
            "revenue": 481912
        },
        "2021-01": {
            "month": "2021-01",
            "price": "28.46",
            "revenue": 674476
        },
        "2021-02": {
            "month": "2021-02",
            "price": "28.94",
            "revenue": 297158
        },
        "2021-03": {
            "month": "2021-03",
            "price": "29.14",
            "revenue": 1482294
        },
        "2021-04": {
            "month": "2021-04",
            "price": "40.32",
            "revenue": 2317094
        },
        "2021-05": {
            "month": "2021-05",
            "price": "47.20",
            "revenue": 901429
        },
        "2021-06": {
            "month": "2021-06",
            "price": "48.26",
            "revenue": 624139
        },
        "2021-07": {
            "month": "2021-07",
            "price": "45.00",
            "revenue": 688039
        },
        "2021-08": {
            "month": "2021-08",
            "price": "38.53",
            "revenue": 589091
        },
        "2021-09": {
            "month": "2021-09",
            "price": "38.40",
            "revenue": 595107
        },
        "2021-10": {
            "month": "2021-10",
            "price": "35.55",
            "revenue": 518282
        },
        "2021-11": {
            "month": "2021-11",
            "price": "35.25",
            "revenue": 807332
        },
        "2021-12": {
            "month": "2021-12",
            "price": "34.54",
            "revenue": 652606
        },
        "2022-01": {
            "month": "2022-01",
            "price": "35.10",
            "revenue": 578508
        },
        "2022-02": {
            "month": "2022-02",
            "price": "35.95",
            "revenue": 452923
        },
        "2022-03": {
            "month": "2022-03",
            "price": "35.76",
            "revenue": 860629
        },
        "2022-04": {
            "month": "2022-04",
            "price": "36.18",
            "revenue": 1135602
        },
        "2022-05": {
            "month": "2022-05",
            "price": "34.57",
            "revenue": 1053493
        },
        "2022-06": {
            "month": "2022-06",
            "price": "34.61",
            "revenue": 614924
        },
        "2022-07": {
            "month": "2022-07",
            "price": "32.19",
            "revenue": 670082
        },
        "2022-08": {
            "month": "2022-08",
            "price": "30.19",
            "revenue": 729430
        },
        "2022-09": {
            "month": "2022-09",
            "price": "30.97",
            "revenue": 547753
        },
        "2022-10": {
            "month": "2022-10",
            "price": "27.02",
            "revenue": 531849
        },
        "2022-11": {
            "month": "2022-11",
            "price": "26.37",
            "revenue": 458183
        },
        "2022-12": {
            "month": "2022-12",
            "price": "26.60",
            "revenue": 439000
        },
        "2023-01": {
            "month": "2023-01",
            "price": "26.55",
            "revenue": 313373
        },
        "2023-02": {
            "month": "2023-02",
            "price": "27.62",
            "revenue": 454674
        },
        "2023-03": {
            "month": "2023-03",
            "price": "27.40",
            "revenue": 439749
        },
        "2023-04": {
            "month": "2023-04",
            "price": "26.46",
            "revenue": 341445
        },
        "2023-05": {
            "month": "2023-05",
            "price": "25.08",
            "revenue": 396521
        }
    }
}
