{
    "summary": {
        "stock_name": "金可-KY",
        "stock_id": "8406",
        "category": "生技醫療",
        "main_business": "隱形眼鏡<br>護理液",
        "website_url": "http://www.ginkointernational.com.tw",
        "ceo": "蔡國源",
        "pe_ratio": 28,
        "report_year_from": 2011,
        "report_year_to": 2021,
        "age": 12,
        "eps_negative_percentage": 0,
        "eps_growth_avg": {
            "last_all": 0.46,
            "last_2y": 6.32,
            "last_4y": -6.25,
            "last_8y": 0.46,
            "last_12y": null,
            "last_16y": null,
            "last_20y": null,
            "at_2006_last_3y": null,
            "at_2007_last_3y": null,
            "at_2008_last_3y": null,
            "at_2009_last_3y": null,
            "at_2010_last_3y": null,
            "at_2011_last_3y": null,
            "at_2012_last_3y": null,
            "at_2013_last_3y": null,
            "at_2014_last_3y": null,
            "at_2015_last_3y": null,
            "at_2016_last_3y": 8.86,
            "at_2017_last_3y": -7.67,
            "at_2018_last_3y": -11.25,
            "at_2019_last_3y": -2.35,
            "at_2020_last_3y": -6.57,
            "at_2021_last_3y": 1.2,
            "at_2022_last_3y": 1.2,
            "at_2023_last_3y": 1.2,
            "at_2006_last_all": null,
            "at_2007_last_all": null,
            "at_2008_last_all": null,
            "at_2009_last_all": null,
            "at_2010_last_all": null,
            "at_2011_last_all": null,
            "at_2012_last_all": null,
            "at_2013_last_all": null,
            "at_2014_last_all": 15.09,
            "at_2015_last_all": 12.85,
            "at_2016_last_all": 8.86,
            "at_2017_last_all": -0.12,
            "at_2018_last_all": -2.47,
            "at_2019_last_all": 4.16,
            "at_2020_last_all": 1.15,
            "at_2021_last_all": 0.46,
            "at_2022_last_all": 0.46,
            "at_2023_last_all": 0.46
        },
        "latest_eps": 9.85,
        "latest_price": 278.5,
        "latest_roe": 8.16,
        "latest_gross_margin": 50.85,
        "latest_equity": 11864180,
        "latest_revenue": 2467278,
        "latest_gross_profit": 1254615,
        "latest_net_income": 168327,
        "latest_debt_ratio": 49.22,
        "latest_current_ratio": 208.6,
        "latest_account_receivable_turnover_ratio": 0.7,
        "latest_inventory_turnover_ratio": 0.42,
        "latest_reinvestment_rate": 54.14,
        "latest_research_to_sale_ratio": 2.25
    },
    "eps_dividends": {
        "2001": {
            "cash": 0,
            "stock": 0,
            "eps": 0
        },
        "2002": {
            "cash": 0,
            "stock": 0,
            "eps": 0
        },
        "2003": {
            "cash": 0,
            "stock": 0,
            "eps": 0
        },
        "2004": {
            "cash": 0,
            "stock": 0,
            "eps": 0
        },
        "2005": {
            "cash": 0,
            "stock": 0,
            "eps": 0
        },
        "2006": {
            "cash": 0,
            "stock": 0,
            "eps": 0
        },
        "2007": {
            "cash": 0,
            "stock": 0,
            "eps": 0
        },
        "2008": {
            "cash": 0,
            "stock": 0,
            "eps": 0
        },
        "2009": {
            "cash": 0,
            "stock": 0,
            "eps": 0
        },
        "2010": {
            "cash": 1.6,
            "stock": 0,
            "eps": 0
        },
        "2011": {
            "cash": 0,
            "stock": 0,
            "eps": 0
        },
        "2012": {
            "cash": 2.3,
            "stock": 0,
            "eps": 12.01
        },
        "2013": {
            "cash": 4.99,
            "stock": 0,
            "eps": 15.62
        },
        "2014": {
            "cash": 6.6,
            "stock": 0,
            "eps": 15.64
        },
        "2015": {
            "cash": 6.6,
            "stock": 0,
            "eps": 16.95
        },
        "2016": {
            "cash": 6.8,
            "stock": 0,
            "eps": 16.42
        },
        "2017": {
            "cash": 6.8,
            "stock": 0,
            "eps": 10.5
        },
        "2018": {
            "cash": 6.8,
            "stock": 0,
            "eps": 9.01
        },
        "2019": {
            "cash": 5,
            "stock": 0,
            "eps": 12.97
        },
        "2020": {
            "cash": 3,
            "stock": 0.5,
            "eps": 10.38
        },
        "2021": {
            "cash": 6,
            "stock": 0,
            "eps": 9.86
        }
    },
    "dividends": {
        "2010-06-29": {
            "cash": 1.6,
            "stock": 0
        },
        "2012-03-30": {
            "cash": 2.3,
            "stock": 0
        },
        "2013-06-25": {
            "cash": 4.99,
            "stock": 0
        },
        "2014-08-27": {
            "cash": 6.6,
            "stock": 0
        },
        "2015-09-14": {
            "cash": 6.6,
            "stock": 0
        },
        "2016-08-19": {
            "cash": 6.8,
            "stock": 0
        },
        "2017-03-08": {
            "cash": 6.8,
            "stock": 0
        },
        "2018-03-07": {
            "cash": 6.8,
            "stock": 0
        },
        "2019-03-11": {
            "cash": 5,
            "stock": 0
        },
        "2020-09-10": {
            "cash": 3,
            "stock": 0.5
        },
        "2021-09-17": {
            "cash": 6,
            "stock": 0
        }
    },
    "prices": {
        "200101": "無",
        "200102": "無",
        "200103": "無",
        "200104": "無",
        "200105": "無",
        "200106": "無",
        "200107": "無",
        "200108": "無",
        "200109": "無",
        "200110": "無",
        "200111": "無",
        "200112": "無",
        "200201": "無",
        "200202": "無",
        "200203": "無",
        "200204": "無",
        "200205": "無",
        "200206": "無",
        "200207": "無",
        "200208": "無",
        "200209": "無",
        "200210": "無",
        "200211": "無",
        "200212": "無",
        "200301": "無",
        "200302": "無",
        "200303": "無",
        "200304": "無",
        "200305": "無",
        "200306": "無",
        "200307": "無",
        "200308": "無",
        "200309": "無",
        "200310": "無",
        "200311": "無",
        "200312": "無",
        "200401": "無",
        "200402": "無",
        "200403": "無",
        "200404": "無",
        "200405": "無",
        "200406": "無",
        "200407": "無",
        "200408": "無",
        "200409": "無",
        "200410": "無",
        "200411": "無",
        "200412": "無",
        "200501": "無",
        "200502": "無",
        "200503": "無",
        "200504": "無",
        "200505": "無",
        "200506": "無",
        "200507": "無",
        "200508": "無",
        "200509": "無",
        "200510": "無",
        "200511": "無",
        "200512": "無",
        "200601": "無",
        "200602": "無",
        "200603": "無",
        "200604": "無",
        "200605": "無",
        "200606": "無",
        "200607": "無",
        "200608": "無",
        "200609": "無",
        "200610": "無",
        "200611": "無",
        "200612": "無",
        "200701": "無",
        "200702": "無",
        "200703": "無",
        "200704": "無",
        "200705": "無",
        "200706": "無",
        "200707": "無",
        "200708": "無",
        "200709": "無",
        "200710": "無",
        "200711": "無",
        "200712": "無",
        "200801": "無",
        "200802": "無",
        "200803": "無",
        "200804": "無",
        "200805": "無",
        "200806": "無",
        "200807": "無",
        "200808": "無",
        "200809": "無",
        "200810": "無",
        "200811": "無",
        "200812": "無",
        "200901": "無",
        "200902": "無",
        "200903": "無",
        "200904": "無",
        "200905": "無",
        "200906": "無",
        "200907": "無",
        "200908": "無",
        "200909": "無",
        "200910": "無",
        "200911": "無",
        "200912": "無",
        "201001": "無",
        "201002": "無",
        "201003": "無",
        "201004": "無",
        "201005": "無",
        "201006": "無",
        "201007": "無",
        "201008": "無",
        "201009": "無",
        "201010": "無",
        "201011": "無",
        "201012": "無",
        "201101": "無",
        "201102": "無",
        "201103": "無",
        "201104": "無",
        "201105": "無",
        "201106": "無",
        "201107": "無",
        "201108": "無",
        "201109": "無",
        "201110": "無",
        "201111": "無",
        "201112": "無",
        "201201": "無",
        "201202": "無",
        "201203": "無",
        "201204": "232.50",
        "201205": "279.09",
        "201206": "302.93",
        "201207": "308.41",
        "201208": "348.57",
        "201209": "356.48",
        "201210": "366.09",
        "201211": "365.25",
        "201212": "340.33",
        "201301": "360.18",
        "201302": "406.42",
        "201303": "470.55",
        "201304": "526.95",
        "201305": "521.73",
        "201306": "492.66",
        "201307": "537.67",
        "201308": "548.57",
        "201309": "527.40",
        "201310": "551.05",
        "201311": "605.57",
        "201312": "605.91",
        "201401": "568.72",
        "201402": "564.76",
        "201403": "565.48",
        "201404": "527.19",
        "201405": "526.86",
        "201406": "541.75",
        "201407": "476.91",
        "201408": "423.10",
        "201409": "432.07",
        "201410": "413.43",
        "201411": "363.28",
        "201412": "351.69",
        "201501": "317.92",
        "201502": "309.19",
        "201503": "339.20",
        "201504": "410.88",
        "201505": "423.62",
        "201506": "410.07",
        "201507": "325.05",
        "201508": "315.93",
        "201509": "336.85",
        "201510": "348.98",
        "201511": "392.93",
        "201512": "422.07",
        "201601": "384.52",
        "201602": "359.96",
        "201603": "333.83",
        "201604": "341.79",
        "201605": "332.33",
        "201606": "338.67",
        "201607": "333.40",
        "201608": "318.98",
        "201609": "315.97",
        "201610": "302.78",
        "201611": "289.91",
        "201612": "306.61",
        "201701": "315.12",
        "201702": "303.44",
        "201703": "293.96",
        "201704": "268.19",
        "201705": "235.28",
        "201706": "243.59",
        "201707": "237.60",
        "201708": "241.26",
        "201709": "223.36",
        "201710": "211.47",
        "201711": "191.11",
        "201712": "201.93",
        "201801": "228.30",
        "201802": "214.27",
        "201803": "208.09",
        "201804": "243.86",
        "201805": "253.86",
        "201806": "261.10",
        "201807": "248.45",
        "201808": "208.52",
        "201809": "200.71",
        "201810": "179.82",
        "201811": "200.95",
        "201812": "219.00",
        "201901": "224.07",
        "201902": "235.04",
        "201903": "242.28",
        "201904": "229.25",
        "201905": "202.73",
        "201906": "194.55",
        "201907": "204.65",
        "201908": "182.83",
        "201909": "176.00",
        "201910": "179.57",
        "201911": "200.26",
        "201912": "211.02",
        "202001": "204.60",
        "202002": "185.74",
        "202003": "145.57",
        "202004": "141.35",
        "202005": "153.30",
        "202006": "153.70",
        "202007": "146.39",
        "202008": "129.62",
        "202009": "130.59",
        "202010": "129.34",
        "202011": "146.45",
        "202012": "149.91",
        "202101": "136.95",
        "202102": "141.42",
        "202103": "163.70",
        "202104": "178.29",
        "202105": "163.40",
        "202106": "218.74",
        "202107": "253.36",
        "202108": "211.00",
        "202109": "203.38",
        "202110": "184.28",
        "202111": "197.24",
        "202112": "266.02",
        "202201": "269.22",
        "202202": "275.70",
        "202203": "276.43",
        "202204": "278.21",
        "202205": "無",
        "202206": "無",
        "202207": "無",
        "202208": "無",
        "202209": "無",
        "202210": "無",
        "202211": "無",
        "202212": "無",
        "202301": "無",
        "202302": "無",
        "202303": "無",
        "202304": "無",
        "202305": "無",
        "202306": "無",
        "202307": "無",
        "202308": "無",
        "202309": "無"
    },
    "quarters": {
        "20011": {
            "year_quarter": 20011,
            "year": 2001,
            "quarter": 1,
            "eps": null,
            "eps_growth_year": null,
            "eps_4q": null,
            "eps_4q_growth_year": null,
            "roe": null,
            "roe_4q": 0,
            "gross_profit": null,
            "gross_margin": null,
            "gross_margin_4q_avg": 0,
            "net_income": null,
            "revenue": null,
            "common_shares": null,
            "book_valuer_per_share": null,
            "book_valuer_per_share_4q_avg": 0,
            "equity": null,
            "current_ratio": null,
            "debt_ratio": null,
            "inventory_turnover_ratio": null,
            "account_receivable_turnover_ratio": null,
            "reinvestment_rate": null,
            "research_to_sale_ratio": null,
            "price_fair": 0,
            "eps_avg_yearly": 0,
            "eps_latest_yearly": 0,
            "eps_growth_yearly": 0
        },
        "20012": {
            "year_quarter": 20012,
            "year": 2001,
            "quarter": 2,
            "eps": null,
            "eps_growth_year": null,
            "eps_4q": null,
            "eps_4q_growth_year": null,
            "roe": null,
            "roe_4q": 0,
            "gross_profit": null,
            "gross_margin": null,
            "gross_margin_4q_avg": 0,
            "net_income": null,
            "revenue": null,
            "common_shares": null,
            "book_valuer_per_share": null,
            "book_valuer_per_share_4q_avg": 0,
            "equity": null,
            "current_ratio": null,
            "debt_ratio": null,
            "inventory_turnover_ratio": null,
            "account_receivable_turnover_ratio": null,
            "reinvestment_rate": null,
            "research_to_sale_ratio": null,
            "price_fair": 0,
            "eps_avg_yearly": 0,
            "eps_latest_yearly": 0,
            "eps_growth_yearly": 0
        },
        "20013": {
            "year_quarter": 20013,
            "year": 2001,
            "quarter": 3,
            "eps": null,
            "eps_growth_year": null,
            "eps_4q": null,
            "eps_4q_growth_year": null,
            "roe": null,
            "roe_4q": 0,
            "gross_profit": null,
            "gross_margin": null,
            "gross_margin_4q_avg": 0,
            "net_income": null,
            "revenue": null,
            "common_shares": null,
            "book_valuer_per_share": null,
            "book_valuer_per_share_4q_avg": 0,
            "equity": null,
            "current_ratio": null,
            "debt_ratio": null,
            "inventory_turnover_ratio": null,
            "account_receivable_turnover_ratio": null,
            "reinvestment_rate": null,
            "research_to_sale_ratio": null,
            "price_fair": 0,
            "eps_avg_yearly": 0,
            "eps_latest_yearly": 0,
            "eps_growth_yearly": 0
        },
        "20014": {
            "year_quarter": 20014,
            "year": 2001,
            "quarter": 4,
            "eps": null,
            "eps_growth_year": null,
            "eps_4q": null,
            "eps_4q_growth_year": null,
            "roe": null,
            "roe_4q": 0,
            "gross_profit": null,
            "gross_margin": null,
            "gross_margin_4q_avg": 0,
            "net_income": null,
            "revenue": null,
            "common_shares": null,
            "book_valuer_per_share": null,
            "book_valuer_per_share_4q_avg": 0,
            "equity": null,
            "current_ratio": null,
            "debt_ratio": null,
            "inventory_turnover_ratio": null,
            "account_receivable_turnover_ratio": null,
            "reinvestment_rate": null,
            "research_to_sale_ratio": null,
            "price_fair": 0,
            "eps_avg_yearly": 0,
            "eps_latest_yearly": 0,
            "eps_growth_yearly": 0
        },
        "20021": {
            "year_quarter": 20021,
            "year": 2002,
            "quarter": 1,
            "eps": null,
            "eps_growth_year": null,
            "eps_4q": null,
            "eps_4q_growth_year": null,
            "roe": null,
            "roe_4q": 0,
            "gross_profit": null,
            "gross_margin": null,
            "gross_margin_4q_avg": 0,
            "net_income": null,
            "revenue": null,
            "common_shares": null,
            "book_valuer_per_share": null,
            "book_valuer_per_share_4q_avg": 0,
            "equity": null,
            "current_ratio": null,
            "debt_ratio": null,
            "inventory_turnover_ratio": null,
            "account_receivable_turnover_ratio": null,
            "reinvestment_rate": null,
            "research_to_sale_ratio": null,
            "price_fair": 0,
            "eps_avg_yearly": 0,
            "eps_latest_yearly": 0,
            "eps_growth_yearly": 0
        },
        "20022": {
            "year_quarter": 20022,
            "year": 2002,
            "quarter": 2,
            "eps": null,
            "eps_growth_year": null,
            "eps_4q": null,
            "eps_4q_growth_year": null,
            "roe": null,
            "roe_4q": 0,
            "gross_profit": null,
            "gross_margin": null,
            "gross_margin_4q_avg": 0,
            "net_income": null,
            "revenue": null,
            "common_shares": null,
            "book_valuer_per_share": null,
            "book_valuer_per_share_4q_avg": 0,
            "equity": null,
            "current_ratio": null,
            "debt_ratio": null,
            "inventory_turnover_ratio": null,
            "account_receivable_turnover_ratio": null,
            "reinvestment_rate": null,
            "research_to_sale_ratio": null,
            "price_fair": 0,
            "eps_avg_yearly": 0,
            "eps_latest_yearly": 0,
            "eps_growth_yearly": 0
        },
        "20023": {
            "year_quarter": 20023,
            "year": 2002,
            "quarter": 3,
            "eps": null,
            "eps_growth_year": null,
            "eps_4q": null,
            "eps_4q_growth_year": null,
            "roe": null,
            "roe_4q": 0,
            "gross_profit": null,
            "gross_margin": null,
            "gross_margin_4q_avg": 0,
            "net_income": null,
            "revenue": null,
            "common_shares": null,
            "book_valuer_per_share": null,
            "book_valuer_per_share_4q_avg": 0,
            "equity": null,
            "current_ratio": null,
            "debt_ratio": null,
            "inventory_turnover_ratio": null,
            "account_receivable_turnover_ratio": null,
            "reinvestment_rate": null,
            "research_to_sale_ratio": null,
            "price_fair": 0,
            "eps_avg_yearly": 0,
            "eps_latest_yearly": 0,
            "eps_growth_yearly": 0
        },
        "20024": {
            "year_quarter": 20024,
            "year": 2002,
            "quarter": 4,
            "eps": null,
            "eps_growth_year": null,
            "eps_4q": null,
            "eps_4q_growth_year": null,
            "roe": null,
            "roe_4q": 0,
            "gross_profit": null,
            "gross_margin": null,
            "gross_margin_4q_avg": 0,
            "net_income": null,
            "revenue": null,
            "common_shares": null,
            "book_valuer_per_share": null,
            "book_valuer_per_share_4q_avg": 0,
            "equity": null,
            "current_ratio": null,
            "debt_ratio": null,
            "inventory_turnover_ratio": null,
            "account_receivable_turnover_ratio": null,
            "reinvestment_rate": null,
            "research_to_sale_ratio": null,
            "price_fair": 0,
            "eps_avg_yearly": 0,
            "eps_latest_yearly": 0,
            "eps_growth_yearly": 0
        },
        "20031": {
            "year_quarter": 20031,
            "year": 2003,
            "quarter": 1,
            "eps": null,
            "eps_growth_year": null,
            "eps_4q": null,
            "eps_4q_growth_year": null,
            "roe": null,
            "roe_4q": 0,
            "gross_profit": null,
            "gross_margin": null,
            "gross_margin_4q_avg": 0,
            "net_income": null,
            "revenue": null,
            "common_shares": null,
            "book_valuer_per_share": null,
            "book_valuer_per_share_4q_avg": 0,
            "equity": null,
            "current_ratio": null,
            "debt_ratio": null,
            "inventory_turnover_ratio": null,
            "account_receivable_turnover_ratio": null,
            "reinvestment_rate": null,
            "research_to_sale_ratio": null,
            "price_fair": 0,
            "eps_avg_yearly": 0,
            "eps_latest_yearly": 0,
            "eps_growth_yearly": 0
        },
        "20032": {
            "year_quarter": 20032,
            "year": 2003,
            "quarter": 2,
            "eps": null,
            "eps_growth_year": null,
            "eps_4q": null,
            "eps_4q_growth_year": null,
            "roe": null,
            "roe_4q": 0,
            "gross_profit": null,
            "gross_margin": null,
            "gross_margin_4q_avg": 0,
            "net_income": null,
            "revenue": null,
            "common_shares": null,
            "book_valuer_per_share": null,
            "book_valuer_per_share_4q_avg": 0,
            "equity": null,
            "current_ratio": null,
            "debt_ratio": null,
            "inventory_turnover_ratio": null,
            "account_receivable_turnover_ratio": null,
            "reinvestment_rate": null,
            "research_to_sale_ratio": null,
            "price_fair": 0,
            "eps_avg_yearly": 0,
            "eps_latest_yearly": 0,
            "eps_growth_yearly": 0
        },
        "20033": {
            "year_quarter": 20033,
            "year": 2003,
            "quarter": 3,
            "eps": null,
            "eps_growth_year": null,
            "eps_4q": null,
            "eps_4q_growth_year": null,
            "roe": null,
            "roe_4q": 0,
            "gross_profit": null,
            "gross_margin": null,
            "gross_margin_4q_avg": 0,
            "net_income": null,
            "revenue": null,
            "common_shares": null,
            "book_valuer_per_share": null,
            "book_valuer_per_share_4q_avg": 0,
            "equity": null,
            "current_ratio": null,
            "debt_ratio": null,
            "inventory_turnover_ratio": null,
            "account_receivable_turnover_ratio": null,
            "reinvestment_rate": null,
            "research_to_sale_ratio": null,
            "price_fair": 0,
            "eps_avg_yearly": 0,
            "eps_latest_yearly": 0,
            "eps_growth_yearly": 0
        },
        "20034": {
            "year_quarter": 20034,
            "year": 2003,
            "quarter": 4,
            "eps": null,
            "eps_growth_year": null,
            "eps_4q": null,
            "eps_4q_growth_year": null,
            "roe": null,
            "roe_4q": 0,
            "gross_profit": null,
            "gross_margin": null,
            "gross_margin_4q_avg": 0,
            "net_income": null,
            "revenue": null,
            "common_shares": null,
            "book_valuer_per_share": null,
            "book_valuer_per_share_4q_avg": 0,
            "equity": null,
            "current_ratio": null,
            "debt_ratio": null,
            "inventory_turnover_ratio": null,
            "account_receivable_turnover_ratio": null,
            "reinvestment_rate": null,
            "research_to_sale_ratio": null,
            "price_fair": 0,
            "eps_avg_yearly": 0,
            "eps_latest_yearly": 0,
            "eps_growth_yearly": 0
        },
        "20041": {
            "year_quarter": 20041,
            "year": 2004,
            "quarter": 1,
            "eps": null,
            "eps_growth_year": null,
            "eps_4q": null,
            "eps_4q_growth_year": null,
            "roe": null,
            "roe_4q": 0,
            "gross_profit": null,
            "gross_margin": null,
            "gross_margin_4q_avg": 0,
            "net_income": null,
            "revenue": null,
            "common_shares": null,
            "book_valuer_per_share": null,
            "book_valuer_per_share_4q_avg": 0,
            "equity": null,
            "current_ratio": null,
            "debt_ratio": null,
            "inventory_turnover_ratio": null,
            "account_receivable_turnover_ratio": null,
            "reinvestment_rate": null,
            "research_to_sale_ratio": null,
            "price_fair": 0,
            "eps_avg_yearly": 0,
            "eps_latest_yearly": 0,
            "eps_growth_yearly": 0
        },
        "20042": {
            "year_quarter": 20042,
            "year": 2004,
            "quarter": 2,
            "eps": null,
            "eps_growth_year": null,
            "eps_4q": null,
            "eps_4q_growth_year": null,
            "roe": null,
            "roe_4q": 0,
            "gross_profit": null,
            "gross_margin": null,
            "gross_margin_4q_avg": 0,
            "net_income": null,
            "revenue": null,
            "common_shares": null,
            "book_valuer_per_share": null,
            "book_valuer_per_share_4q_avg": 0,
            "equity": null,
            "current_ratio": null,
            "debt_ratio": null,
            "inventory_turnover_ratio": null,
            "account_receivable_turnover_ratio": null,
            "reinvestment_rate": null,
            "research_to_sale_ratio": null,
            "price_fair": 0,
            "eps_avg_yearly": 0,
            "eps_latest_yearly": 0,
            "eps_growth_yearly": 0
        },
        "20043": {
            "year_quarter": 20043,
            "year": 2004,
            "quarter": 3,
            "eps": null,
            "eps_growth_year": null,
            "eps_4q": null,
            "eps_4q_growth_year": null,
            "roe": null,
            "roe_4q": 0,
            "gross_profit": null,
            "gross_margin": null,
            "gross_margin_4q_avg": 0,
            "net_income": null,
            "revenue": null,
            "common_shares": null,
            "book_valuer_per_share": null,
            "book_valuer_per_share_4q_avg": 0,
            "equity": null,
            "current_ratio": null,
            "debt_ratio": null,
            "inventory_turnover_ratio": null,
            "account_receivable_turnover_ratio": null,
            "reinvestment_rate": null,
            "research_to_sale_ratio": null,
            "price_fair": 0,
            "eps_avg_yearly": 0,
            "eps_latest_yearly": 0,
            "eps_growth_yearly": 0
        },
        "20044": {
            "year_quarter": 20044,
            "year": 2004,
            "quarter": 4,
            "eps": null,
            "eps_growth_year": null,
            "eps_4q": null,
            "eps_4q_growth_year": null,
            "roe": null,
            "roe_4q": 0,
            "gross_profit": null,
            "gross_margin": null,
            "gross_margin_4q_avg": 0,
            "net_income": null,
            "revenue": null,
            "common_shares": null,
            "book_valuer_per_share": null,
            "book_valuer_per_share_4q_avg": 0,
            "equity": null,
            "current_ratio": null,
            "debt_ratio": null,
            "inventory_turnover_ratio": null,
            "account_receivable_turnover_ratio": null,
            "reinvestment_rate": null,
            "research_to_sale_ratio": null,
            "price_fair": 0,
            "eps_avg_yearly": 0,
            "eps_latest_yearly": 0,
            "eps_growth_yearly": 0
        },
        "20051": {
            "year_quarter": 20051,
            "year": 2005,
            "quarter": 1,
            "eps": null,
            "eps_growth_year": null,
            "eps_4q": null,
            "eps_4q_growth_year": null,
            "roe": null,
            "roe_4q": 0,
            "gross_profit": null,
            "gross_margin": null,
            "gross_margin_4q_avg": 0,
            "net_income": null,
            "revenue": null,
            "common_shares": null,
            "book_valuer_per_share": null,
            "book_valuer_per_share_4q_avg": 0,
            "equity": null,
            "current_ratio": null,
            "debt_ratio": null,
            "inventory_turnover_ratio": null,
            "account_receivable_turnover_ratio": null,
            "reinvestment_rate": null,
            "research_to_sale_ratio": null,
            "price_fair": 0,
            "eps_avg_yearly": 0,
            "eps_latest_yearly": 0,
            "eps_growth_yearly": 0
        },
        "20052": {
            "year_quarter": 20052,
            "year": 2005,
            "quarter": 2,
            "eps": null,
            "eps_growth_year": null,
            "eps_4q": null,
            "eps_4q_growth_year": null,
            "roe": null,
            "roe_4q": 0,
            "gross_profit": null,
            "gross_margin": null,
            "gross_margin_4q_avg": 0,
            "net_income": null,
            "revenue": null,
            "common_shares": null,
            "book_valuer_per_share": null,
            "book_valuer_per_share_4q_avg": 0,
            "equity": null,
            "current_ratio": null,
            "debt_ratio": null,
            "inventory_turnover_ratio": null,
            "account_receivable_turnover_ratio": null,
            "reinvestment_rate": null,
            "research_to_sale_ratio": null,
            "price_fair": 0,
            "eps_avg_yearly": 0,
            "eps_latest_yearly": 0,
            "eps_growth_yearly": 0
        },
        "20053": {
            "year_quarter": 20053,
            "year": 2005,
            "quarter": 3,
            "eps": null,
            "eps_growth_year": null,
            "eps_4q": null,
            "eps_4q_growth_year": null,
            "roe": null,
            "roe_4q": 0,
            "gross_profit": null,
            "gross_margin": null,
            "gross_margin_4q_avg": 0,
            "net_income": null,
            "revenue": null,
            "common_shares": null,
            "book_valuer_per_share": null,
            "book_valuer_per_share_4q_avg": 0,
            "equity": null,
            "current_ratio": null,
            "debt_ratio": null,
            "inventory_turnover_ratio": null,
            "account_receivable_turnover_ratio": null,
            "reinvestment_rate": null,
            "research_to_sale_ratio": null,
            "price_fair": 0,
            "eps_avg_yearly": 0,
            "eps_latest_yearly": 0,
            "eps_growth_yearly": 0
        },
        "20054": {
            "year_quarter": 20054,
            "year": 2005,
            "quarter": 4,
            "eps": null,
            "eps_growth_year": null,
            "eps_4q": null,
            "eps_4q_growth_year": null,
            "roe": null,
            "roe_4q": 0,
            "gross_profit": null,
            "gross_margin": null,
            "gross_margin_4q_avg": 0,
            "net_income": null,
            "revenue": null,
            "common_shares": null,
            "book_valuer_per_share": null,
            "book_valuer_per_share_4q_avg": 0,
            "equity": null,
            "current_ratio": null,
            "debt_ratio": null,
            "inventory_turnover_ratio": null,
            "account_receivable_turnover_ratio": null,
            "reinvestment_rate": null,
            "research_to_sale_ratio": null,
            "price_fair": 0,
            "eps_avg_yearly": 0,
            "eps_latest_yearly": 0,
            "eps_growth_yearly": 0
        },
        "20061": {
            "year_quarter": 20061,
            "year": 2006,
            "quarter": 1,
            "eps": null,
            "eps_growth_year": null,
            "eps_4q": null,
            "eps_4q_growth_year": null,
            "roe": null,
            "roe_4q": 0,
            "gross_profit": null,
            "gross_margin": null,
            "gross_margin_4q_avg": 0,
            "net_income": null,
            "revenue": null,
            "common_shares": null,
            "book_valuer_per_share": null,
            "book_valuer_per_share_4q_avg": 0,
            "equity": null,
            "current_ratio": null,
            "debt_ratio": null,
            "inventory_turnover_ratio": null,
            "account_receivable_turnover_ratio": null,
            "reinvestment_rate": null,
            "research_to_sale_ratio": null,
            "price_fair": 0,
            "eps_avg_yearly": 0,
            "eps_latest_yearly": 0,
            "eps_growth_yearly": 0
        },
        "20062": {
            "year_quarter": 20062,
            "year": 2006,
            "quarter": 2,
            "eps": null,
            "eps_growth_year": null,
            "eps_4q": null,
            "eps_4q_growth_year": null,
            "roe": null,
            "roe_4q": 0,
            "gross_profit": null,
            "gross_margin": null,
            "gross_margin_4q_avg": 0,
            "net_income": null,
            "revenue": null,
            "common_shares": null,
            "book_valuer_per_share": null,
            "book_valuer_per_share_4q_avg": 0,
            "equity": null,
            "current_ratio": null,
            "debt_ratio": null,
            "inventory_turnover_ratio": null,
            "account_receivable_turnover_ratio": null,
            "reinvestment_rate": null,
            "research_to_sale_ratio": null,
            "price_fair": 0,
            "eps_avg_yearly": 0,
            "eps_latest_yearly": 0,
            "eps_growth_yearly": 0
        },
        "20063": {
            "year_quarter": 20063,
            "year": 2006,
            "quarter": 3,
            "eps": null,
            "eps_growth_year": null,
            "eps_4q": null,
            "eps_4q_growth_year": null,
            "roe": null,
            "roe_4q": 0,
            "gross_profit": null,
            "gross_margin": null,
            "gross_margin_4q_avg": 0,
            "net_income": null,
            "revenue": null,
            "common_shares": null,
            "book_valuer_per_share": null,
            "book_valuer_per_share_4q_avg": 0,
            "equity": null,
            "current_ratio": null,
            "debt_ratio": null,
            "inventory_turnover_ratio": null,
            "account_receivable_turnover_ratio": null,
            "reinvestment_rate": null,
            "research_to_sale_ratio": null,
            "price_fair": 0,
            "eps_avg_yearly": 0,
            "eps_latest_yearly": 0,
            "eps_growth_yearly": 0
        },
        "20064": {
            "year_quarter": 20064,
            "year": 2006,
            "quarter": 4,
            "eps": null,
            "eps_growth_year": null,
            "eps_4q": null,
            "eps_4q_growth_year": null,
            "roe": null,
            "roe_4q": 0,
            "gross_profit": null,
            "gross_margin": null,
            "gross_margin_4q_avg": 0,
            "net_income": null,
            "revenue": null,
            "common_shares": null,
            "book_valuer_per_share": null,
            "book_valuer_per_share_4q_avg": 0,
            "equity": null,
            "current_ratio": null,
            "debt_ratio": null,
            "inventory_turnover_ratio": null,
            "account_receivable_turnover_ratio": null,
            "reinvestment_rate": null,
            "research_to_sale_ratio": null,
            "price_fair": 0,
            "eps_avg_yearly": 0,
            "eps_latest_yearly": 0,
            "eps_growth_yearly": 0
        },
        "20071": {
            "year_quarter": 20071,
            "year": 2007,
            "quarter": 1,
            "eps": null,
            "eps_growth_year": null,
            "eps_4q": null,
            "eps_4q_growth_year": null,
            "roe": null,
            "roe_4q": 0,
            "gross_profit": null,
            "gross_margin": null,
            "gross_margin_4q_avg": 0,
            "net_income": null,
            "revenue": null,
            "common_shares": null,
            "book_valuer_per_share": null,
            "book_valuer_per_share_4q_avg": 0,
            "equity": null,
            "current_ratio": null,
            "debt_ratio": null,
            "inventory_turnover_ratio": null,
            "account_receivable_turnover_ratio": null,
            "reinvestment_rate": null,
            "research_to_sale_ratio": null,
            "price_fair": 0,
            "eps_avg_yearly": 0,
            "eps_latest_yearly": 0,
            "eps_growth_yearly": 0
        },
        "20072": {
            "year_quarter": 20072,
            "year": 2007,
            "quarter": 2,
            "eps": null,
            "eps_growth_year": null,
            "eps_4q": null,
            "eps_4q_growth_year": null,
            "roe": null,
            "roe_4q": 0,
            "gross_profit": null,
            "gross_margin": null,
            "gross_margin_4q_avg": 0,
            "net_income": null,
            "revenue": null,
            "common_shares": null,
            "book_valuer_per_share": null,
            "book_valuer_per_share_4q_avg": 0,
            "equity": null,
            "current_ratio": null,
            "debt_ratio": null,
            "inventory_turnover_ratio": null,
            "account_receivable_turnover_ratio": null,
            "reinvestment_rate": null,
            "research_to_sale_ratio": null,
            "price_fair": 0,
            "eps_avg_yearly": 0,
            "eps_latest_yearly": 0,
            "eps_growth_yearly": 0
        },
        "20073": {
            "year_quarter": 20073,
            "year": 2007,
            "quarter": 3,
            "eps": null,
            "eps_growth_year": null,
            "eps_4q": null,
            "eps_4q_growth_year": null,
            "roe": null,
            "roe_4q": 0,
            "gross_profit": null,
            "gross_margin": null,
            "gross_margin_4q_avg": 0,
            "net_income": null,
            "revenue": null,
            "common_shares": null,
            "book_valuer_per_share": null,
            "book_valuer_per_share_4q_avg": 0,
            "equity": null,
            "current_ratio": null,
            "debt_ratio": null,
            "inventory_turnover_ratio": null,
            "account_receivable_turnover_ratio": null,
            "reinvestment_rate": null,
            "research_to_sale_ratio": null,
            "price_fair": 0,
            "eps_avg_yearly": 0,
            "eps_latest_yearly": 0,
            "eps_growth_yearly": 0
        },
        "20074": {
            "year_quarter": 20074,
            "year": 2007,
            "quarter": 4,
            "eps": null,
            "eps_growth_year": null,
            "eps_4q": null,
            "eps_4q_growth_year": null,
            "roe": null,
            "roe_4q": 0,
            "gross_profit": null,
            "gross_margin": null,
            "gross_margin_4q_avg": 0,
            "net_income": null,
            "revenue": null,
            "common_shares": null,
            "book_valuer_per_share": null,
            "book_valuer_per_share_4q_avg": 0,
            "equity": null,
            "current_ratio": null,
            "debt_ratio": null,
            "inventory_turnover_ratio": null,
            "account_receivable_turnover_ratio": null,
            "reinvestment_rate": null,
            "research_to_sale_ratio": null,
            "price_fair": 0,
            "eps_avg_yearly": 0,
            "eps_latest_yearly": 0,
            "eps_growth_yearly": 0
        },
        "20081": {
            "year_quarter": 20081,
            "year": 2008,
            "quarter": 1,
            "eps": null,
            "eps_growth_year": null,
            "eps_4q": null,
            "eps_4q_growth_year": null,
            "roe": null,
            "roe_4q": 0,
            "gross_profit": null,
            "gross_margin": null,
            "gross_margin_4q_avg": 0,
            "net_income": null,
            "revenue": null,
            "common_shares": null,
            "book_valuer_per_share": null,
            "book_valuer_per_share_4q_avg": 0,
            "equity": null,
            "current_ratio": null,
            "debt_ratio": null,
            "inventory_turnover_ratio": null,
            "account_receivable_turnover_ratio": null,
            "reinvestment_rate": null,
            "research_to_sale_ratio": null,
            "price_fair": 0,
            "eps_avg_yearly": 0,
            "eps_latest_yearly": 0,
            "eps_growth_yearly": 0
        },
        "20082": {
            "year_quarter": 20082,
            "year": 2008,
            "quarter": 2,
            "eps": null,
            "eps_growth_year": null,
            "eps_4q": null,
            "eps_4q_growth_year": null,
            "roe": null,
            "roe_4q": 0,
            "gross_profit": null,
            "gross_margin": null,
            "gross_margin_4q_avg": 0,
            "net_income": null,
            "revenue": null,
            "common_shares": null,
            "book_valuer_per_share": null,
            "book_valuer_per_share_4q_avg": 0,
            "equity": null,
            "current_ratio": null,
            "debt_ratio": null,
            "inventory_turnover_ratio": null,
            "account_receivable_turnover_ratio": null,
            "reinvestment_rate": null,
            "research_to_sale_ratio": null,
            "price_fair": 0,
            "eps_avg_yearly": 0,
            "eps_latest_yearly": 0,
            "eps_growth_yearly": 0
        },
        "20083": {
            "year_quarter": 20083,
            "year": 2008,
            "quarter": 3,
            "eps": null,
            "eps_growth_year": null,
            "eps_4q": null,
            "eps_4q_growth_year": null,
            "roe": null,
            "roe_4q": 0,
            "gross_profit": null,
            "gross_margin": null,
            "gross_margin_4q_avg": 0,
            "net_income": null,
            "revenue": null,
            "common_shares": null,
            "book_valuer_per_share": null,
            "book_valuer_per_share_4q_avg": 0,
            "equity": null,
            "current_ratio": null,
            "debt_ratio": null,
            "inventory_turnover_ratio": null,
            "account_receivable_turnover_ratio": null,
            "reinvestment_rate": null,
            "research_to_sale_ratio": null,
            "price_fair": 0,
            "eps_avg_yearly": 0,
            "eps_latest_yearly": 0,
            "eps_growth_yearly": 0
        },
        "20084": {
            "year_quarter": 20084,
            "year": 2008,
            "quarter": 4,
            "eps": null,
            "eps_growth_year": null,
            "eps_4q": null,
            "eps_4q_growth_year": null,
            "roe": null,
            "roe_4q": 0,
            "gross_profit": null,
            "gross_margin": null,
            "gross_margin_4q_avg": 0,
            "net_income": null,
            "revenue": null,
            "common_shares": 2008,
            "book_valuer_per_share": 6354.37,
            "book_valuer_per_share_4q_avg": 1588.59,
            "equity": 1275958,
            "current_ratio": 129.39,
            "debt_ratio": 57.41,
            "inventory_turnover_ratio": null,
            "account_receivable_turnover_ratio": null,
            "reinvestment_rate": null,
            "research_to_sale_ratio": null,
            "price_fair": 0,
            "eps_avg_yearly": 0,
            "eps_latest_yearly": 0,
            "eps_growth_yearly": 0
        },
        "20091": {
            "year_quarter": 20091,
            "year": 2009,
            "quarter": 1,
            "eps": null,
            "eps_growth_year": null,
            "eps_4q": null,
            "eps_4q_growth_year": null,
            "roe": null,
            "roe_4q": 0,
            "gross_profit": null,
            "gross_margin": null,
            "gross_margin_4q_avg": 0,
            "net_income": null,
            "revenue": null,
            "common_shares": null,
            "book_valuer_per_share": null,
            "book_valuer_per_share_4q_avg": 1588.59,
            "equity": null,
            "current_ratio": null,
            "debt_ratio": null,
            "inventory_turnover_ratio": null,
            "account_receivable_turnover_ratio": null,
            "reinvestment_rate": null,
            "research_to_sale_ratio": null,
            "price_fair": 0,
            "eps_avg_yearly": 0,
            "eps_latest_yearly": 0,
            "eps_growth_yearly": 0
        },
        "20092": {
            "year_quarter": 20092,
            "year": 2009,
            "quarter": 2,
            "eps": null,
            "eps_growth_year": null,
            "eps_4q": null,
            "eps_4q_growth_year": null,
            "roe": null,
            "roe_4q": 0,
            "gross_profit": null,
            "gross_margin": null,
            "gross_margin_4q_avg": 0,
            "net_income": null,
            "revenue": null,
            "common_shares": null,
            "book_valuer_per_share": null,
            "book_valuer_per_share_4q_avg": 1588.59,
            "equity": null,
            "current_ratio": null,
            "debt_ratio": null,
            "inventory_turnover_ratio": null,
            "account_receivable_turnover_ratio": null,
            "reinvestment_rate": null,
            "research_to_sale_ratio": null,
            "price_fair": 0,
            "eps_avg_yearly": 0,
            "eps_latest_yearly": 0,
            "eps_growth_yearly": 0
        },
        "20093": {
            "year_quarter": 20093,
            "year": 2009,
            "quarter": 3,
            "eps": null,
            "eps_growth_year": null,
            "eps_4q": null,
            "eps_4q_growth_year": null,
            "roe": null,
            "roe_4q": 0,
            "gross_profit": null,
            "gross_margin": null,
            "gross_margin_4q_avg": 0,
            "net_income": null,
            "revenue": null,
            "common_shares": null,
            "book_valuer_per_share": null,
            "book_valuer_per_share_4q_avg": 1588.59,
            "equity": null,
            "current_ratio": null,
            "debt_ratio": null,
            "inventory_turnover_ratio": null,
            "account_receivable_turnover_ratio": null,
            "reinvestment_rate": null,
            "research_to_sale_ratio": null,
            "price_fair": 0,
            "eps_avg_yearly": 0,
            "eps_latest_yearly": 0,
            "eps_growth_yearly": 0
        },
        "20094": {
            "year_quarter": 20094,
            "year": 2009,
            "quarter": 4,
            "eps": null,
            "eps_growth_year": null,
            "eps_4q": null,
            "eps_4q_growth_year": null,
            "roe": null,
            "roe_4q": 0,
            "gross_profit": null,
            "gross_margin": null,
            "gross_margin_4q_avg": 0,
            "net_income": null,
            "revenue": null,
            "common_shares": 800000,
            "book_valuer_per_share": 19.13,
            "book_valuer_per_share_4q_avg": 4.78,
            "equity": 1530498,
            "current_ratio": 142.01,
            "debt_ratio": 51.46,
            "inventory_turnover_ratio": null,
            "account_receivable_turnover_ratio": null,
            "reinvestment_rate": null,
            "research_to_sale_ratio": null,
            "price_fair": 0,
            "eps_avg_yearly": 0,
            "eps_latest_yearly": 0,
            "eps_growth_yearly": 0
        },
        "20101": {
            "year_quarter": 20101,
            "year": 2010,
            "quarter": 1,
            "eps": null,
            "eps_growth_year": null,
            "eps_4q": null,
            "eps_4q_growth_year": null,
            "roe": null,
            "roe_4q": 0,
            "gross_profit": null,
            "gross_margin": null,
            "gross_margin_4q_avg": 0,
            "net_income": null,
            "revenue": null,
            "common_shares": null,
            "book_valuer_per_share": null,
            "book_valuer_per_share_4q_avg": 4.78,
            "equity": null,
            "current_ratio": null,
            "debt_ratio": null,
            "inventory_turnover_ratio": null,
            "account_receivable_turnover_ratio": null,
            "reinvestment_rate": null,
            "research_to_sale_ratio": null,
            "price_fair": 0,
            "eps_avg_yearly": 0,
            "eps_latest_yearly": 0,
            "eps_growth_yearly": 0
        },
        "20102": {
            "year_quarter": 20102,
            "year": 2010,
            "quarter": 2,
            "eps": null,
            "eps_growth_year": null,
            "eps_4q": null,
            "eps_4q_growth_year": null,
            "roe": null,
            "roe_4q": 0,
            "gross_profit": null,
            "gross_margin": null,
            "gross_margin_4q_avg": 0,
            "net_income": null,
            "revenue": null,
            "common_shares": null,
            "book_valuer_per_share": null,
            "book_valuer_per_share_4q_avg": 4.78,
            "equity": null,
            "current_ratio": null,
            "debt_ratio": null,
            "inventory_turnover_ratio": null,
            "account_receivable_turnover_ratio": null,
            "reinvestment_rate": null,
            "research_to_sale_ratio": null,
            "price_fair": 0,
            "eps_avg_yearly": 0,
            "eps_latest_yearly": 0,
            "eps_growth_yearly": 0
        },
        "20103": {
            "year_quarter": 20103,
            "year": 2010,
            "quarter": 3,
            "eps": null,
            "eps_growth_year": null,
            "eps_4q": null,
            "eps_4q_growth_year": null,
            "roe": null,
            "roe_4q": 0,
            "gross_profit": null,
            "gross_margin": null,
            "gross_margin_4q_avg": 0,
            "net_income": null,
            "revenue": null,
            "common_shares": null,
            "book_valuer_per_share": null,
            "book_valuer_per_share_4q_avg": 4.78,
            "equity": null,
            "current_ratio": null,
            "debt_ratio": null,
            "inventory_turnover_ratio": null,
            "account_receivable_turnover_ratio": null,
            "reinvestment_rate": null,
            "research_to_sale_ratio": null,
            "price_fair": 0,
            "eps_avg_yearly": 0,
            "eps_latest_yearly": 0,
            "eps_growth_yearly": 0
        },
        "20104": {
            "year_quarter": 20104,
            "year": 2010,
            "quarter": 4,
            "eps": null,
            "eps_growth_year": null,
            "eps_4q": null,
            "eps_4q_growth_year": null,
            "roe": null,
            "roe_4q": 0,
            "gross_profit": null,
            "gross_margin": null,
            "gross_margin_4q_avg": 0,
            "net_income": null,
            "revenue": null,
            "common_shares": 800000,
            "book_valuer_per_share": 25.17,
            "book_valuer_per_share_4q_avg": 6.29,
            "equity": 2013811,
            "current_ratio": 149.62,
            "debt_ratio": 46.53,
            "inventory_turnover_ratio": null,
            "account_receivable_turnover_ratio": null,
            "reinvestment_rate": null,
            "research_to_sale_ratio": null,
            "price_fair": 0,
            "eps_avg_yearly": 0,
            "eps_latest_yearly": 0,
            "eps_growth_yearly": 0
        },
        "20111": {
            "year_quarter": 20111,
            "year": 2011,
            "quarter": 1,
            "eps": null,
            "eps_growth_year": null,
            "eps_4q": null,
            "eps_4q_growth_year": null,
            "roe": null,
            "roe_4q": 0,
            "gross_profit": 445733,
            "gross_margin": null,
            "gross_margin_4q_avg": 0,
            "net_income": 174958,
            "revenue": 674221,
            "common_shares": 800000,
            "book_valuer_per_share": 27.81,
            "book_valuer_per_share_4q_avg": 13.25,
            "equity": 2224745,
            "current_ratio": 163.64,
            "debt_ratio": 50.07,
            "inventory_turnover_ratio": null,
            "account_receivable_turnover_ratio": null,
            "reinvestment_rate": null,
            "research_to_sale_ratio": null,
            "price_fair": 0,
            "eps_avg_yearly": 0,
            "eps_latest_yearly": 0,
            "eps_growth_yearly": 0
        },
        "20112": {
            "year_quarter": 20112,
            "year": 2011,
            "quarter": 2,
            "eps": null,
            "eps_growth_year": null,
            "eps_4q": null,
            "eps_4q_growth_year": null,
            "roe": null,
            "roe_4q": 0,
            "gross_profit": 465260,
            "gross_margin": null,
            "gross_margin_4q_avg": 0,
            "net_income": 201814,
            "revenue": 715567,
            "common_shares": 800000,
            "book_valuer_per_share": 32.9,
            "book_valuer_per_share_4q_avg": 21.47,
            "equity": 2631804,
            "current_ratio": 172.59,
            "debt_ratio": 39.74,
            "inventory_turnover_ratio": null,
            "account_receivable_turnover_ratio": null,
            "reinvestment_rate": null,
            "research_to_sale_ratio": null,
            "price_fair": 0,
            "eps_avg_yearly": 0,
            "eps_latest_yearly": 0,
            "eps_growth_yearly": 0
        },
        "20113": {
            "year_quarter": 20113,
            "year": 2011,
            "quarter": 3,
            "eps": null,
            "eps_growth_year": null,
            "eps_4q": null,
            "eps_4q_growth_year": null,
            "roe": null,
            "roe_4q": 0,
            "gross_profit": 487425,
            "gross_margin": null,
            "gross_margin_4q_avg": 0,
            "net_income": 171584,
            "revenue": 847885,
            "common_shares": 800000,
            "book_valuer_per_share": 37.36,
            "book_valuer_per_share_4q_avg": 30.81,
            "equity": 2988569,
            "current_ratio": 184.23,
            "debt_ratio": 41.38,
            "inventory_turnover_ratio": null,
            "account_receivable_turnover_ratio": null,
            "reinvestment_rate": null,
            "research_to_sale_ratio": null,
            "price_fair": 0,
            "eps_avg_yearly": 0,
            "eps_latest_yearly": 0,
            "eps_growth_yearly": 0
        },
        "20114": {
            "year_quarter": 20114,
            "year": 2011,
            "quarter": 4,
            "eps": null,
            "eps_growth_year": null,
            "eps_4q": null,
            "eps_4q_growth_year": null,
            "roe": null,
            "roe_4q": 0,
            "gross_profit": 584636,
            "gross_margin": null,
            "gross_margin_4q_avg": 0,
            "net_income": 213094,
            "revenue": 878127,
            "common_shares": 800000,
            "book_valuer_per_share": 40.2,
            "book_valuer_per_share_4q_avg": 34.57,
            "equity": 3216276,
            "current_ratio": 206.11,
            "debt_ratio": 37.58,
            "inventory_turnover_ratio": null,
            "account_receivable_turnover_ratio": null,
            "reinvestment_rate": null,
            "research_to_sale_ratio": null,
            "price_fair": 0,
            "eps_avg_yearly": 0,
            "eps_latest_yearly": 0,
            "eps_growth_yearly": 0
        },
        "20121": {
            "year_quarter": 20121,
            "year": 2012,
            "quarter": 1,
            "eps": 3.05,
            "eps_growth_year": null,
            "eps_4q": 3.05,
            "eps_4q_growth_year": null,
            "roe": 7.63,
            "roe_4q": 7.63,
            "gross_profit": 574437,
            "gross_margin": 64.94,
            "gross_margin_4q_avg": 16.24,
            "net_income": 243987,
            "revenue": 884523,
            "common_shares": 800000,
            "book_valuer_per_share": 39.78,
            "book_valuer_per_share_4q_avg": 37.56,
            "equity": 3182098,
            "current_ratio": 180.03,
            "debt_ratio": 43.84,
            "inventory_turnover_ratio": 0.65,
            "account_receivable_turnover_ratio": 0.41,
            "reinvestment_rate": null,
            "research_to_sale_ratio": null,
            "price_fair": 0,
            "eps_avg_yearly": 0,
            "eps_latest_yearly": 0,
            "eps_growth_yearly": 0
        },
        "20122": {
            "year_quarter": 20122,
            "year": 2012,
            "quarter": 2,
            "eps": 3.43,
            "eps_growth_year": null,
            "eps_4q": 6.14,
            "eps_4q_growth_year": null,
            "roe": 7.16,
            "roe_4q": 14.79,
            "gross_profit": 587848,
            "gross_margin": 64.75,
            "gross_margin_4q_avg": 32.42,
            "net_income": 308658,
            "revenue": 907805,
            "common_shares": 900000,
            "book_valuer_per_share": 60.43,
            "book_valuer_per_share_4q_avg": 44.44,
            "equity": 5438734,
            "current_ratio": 368.23,
            "debt_ratio": 23.23,
            "inventory_turnover_ratio": 0.63,
            "account_receivable_turnover_ratio": 0.35,
            "reinvestment_rate": null,
            "research_to_sale_ratio": null,
            "price_fair": 480.2,
            "eps_avg_yearly": 13.72,
            "eps_latest_yearly": 13.72,
            "eps_growth_yearly": 49.84
        },
        "20123": {
            "year_quarter": 20123,
            "year": 2012,
            "quarter": 3,
            "eps": 2.6,
            "eps_growth_year": null,
            "eps_4q": 8.73,
            "eps_4q_growth_year": null,
            "roe": 4.24,
            "roe_4q": 19.03,
            "gross_profit": 629346,
            "gross_margin": 63.24,
            "gross_margin_4q_avg": 48.23,
            "net_income": 234971,
            "revenue": 995115,
            "common_shares": 901050,
            "book_valuer_per_share": 62.57,
            "book_valuer_per_share_4q_avg": 50.75,
            "equity": 5639571,
            "current_ratio": 658.41,
            "debt_ratio": 14.19,
            "inventory_turnover_ratio": 0.68,
            "account_receivable_turnover_ratio": 0.34,
            "reinvestment_rate": null,
            "research_to_sale_ratio": null,
            "price_fair": 36.18,
            "eps_avg_yearly": 12.06,
            "eps_latest_yearly": 10.4,
            "eps_growth_yearly": -23.48
        },
        "20124": {
            "year_quarter": 20124,
            "year": 2012,
            "quarter": 4,
            "eps": 2.93,
            "eps_growth_year": null,
            "eps_4q": 11.65,
            "eps_4q_growth_year": null,
            "roe": 4.57,
            "roe_4q": 23.6,
            "gross_profit": 642417,
            "gross_margin": 63.06,
            "gross_margin_4q_avg": 64,
            "net_income": 264154,
            "revenue": 1018708,
            "common_shares": 903030,
            "book_valuer_per_share": 65.45,
            "book_valuer_per_share_4q_avg": 57.06,
            "equity": 5910378,
            "current_ratio": 507.97,
            "debt_ratio": 17.24,
            "inventory_turnover_ratio": 0.64,
            "account_receivable_turnover_ratio": 0.35,
            "reinvestment_rate": null,
            "research_to_sale_ratio": null,
            "price_fair": 134.65,
            "eps_avg_yearly": 11.95,
            "eps_latest_yearly": 11.72,
            "eps_growth_yearly": 1.27
        },
        "20131": {
            "year_quarter": 20131,
            "year": 2013,
            "quarter": 1,
            "eps": 2.91,
            "eps_growth_year": -4.59,
            "eps_4q": 11.83,
            "eps_4q_growth_year": 288.03,
            "roe": 4.28,
            "roe_4q": 20.25,
            "gross_profit": 634771,
            "gross_margin": 61.38,
            "gross_margin_4q_avg": 63.11,
            "net_income": 262396,
            "revenue": 1034212,
            "common_shares": 904310,
            "book_valuer_per_share": 70.07,
            "book_valuer_per_share_4q_avg": 64.63,
            "equity": 6336934,
            "current_ratio": 345.69,
            "debt_ratio": 20.36,
            "inventory_turnover_ratio": 0.58,
            "account_receivable_turnover_ratio": 0.36,
            "reinvestment_rate": null,
            "research_to_sale_ratio": null,
            "price_fair": 118.7,
            "eps_avg_yearly": 11.87,
            "eps_latest_yearly": 11.64,
            "eps_growth_yearly": 0.27
        },
        "20132": {
            "year_quarter": 20132,
            "year": 2013,
            "quarter": 2,
            "eps": 4.03,
            "eps_growth_year": 17.51,
            "eps_4q": 12.44,
            "eps_4q_growth_year": 102.59,
            "roe": 5.74,
            "roe_4q": 18.83,
            "gross_profit": 747058,
            "gross_margin": 61.49,
            "gross_margin_4q_avg": 62.29,
            "net_income": 365041,
            "revenue": 1214949,
            "common_shares": 904510,
            "book_valuer_per_share": 70.47,
            "book_valuer_per_share_4q_avg": 67.14,
            "equity": 6375048,
            "current_ratio": 248.61,
            "debt_ratio": 27.65,
            "inventory_turnover_ratio": 0.55,
            "account_receivable_turnover_ratio": 0.41,
            "reinvestment_rate": null,
            "research_to_sale_ratio": 0.98,
            "price_fair": 445.2,
            "eps_avg_yearly": 12.72,
            "eps_latest_yearly": 16.12,
            "eps_growth_yearly": 31.01
        },
        "20133": {
            "year_quarter": 20133,
            "year": 2013,
            "quarter": 3,
            "eps": 4.51,
            "eps_growth_year": 73.22,
            "eps_4q": 14.34,
            "eps_4q_growth_year": 64.35,
            "roe": 6.13,
            "roe_4q": 20.720000000000002,
            "gross_profit": 807727,
            "gross_margin": 63.58,
            "gross_margin_4q_avg": 62.38,
            "net_income": 408401,
            "revenue": 1270312,
            "common_shares": 906350,
            "book_valuer_per_share": 76.65,
            "book_valuer_per_share_4q_avg": 70.66,
            "equity": 6946837,
            "current_ratio": 310.86,
            "debt_ratio": 37.4,
            "inventory_turnover_ratio": 0.46,
            "account_receivable_turnover_ratio": 0.38,
            "reinvestment_rate": null,
            "research_to_sale_ratio": 1.17,
            "price_fair": 476.23,
            "eps_avg_yearly": 13.61,
            "eps_latest_yearly": 18.04,
            "eps_growth_yearly": 33.78
        },
        "20134": {
            "year_quarter": 20134,
            "year": 2013,
            "quarter": 4,
            "eps": 4.17,
            "eps_growth_year": 42.49,
            "eps_4q": 15.4,
            "eps_4q_growth_year": 32.26,
            "roe": 5.11,
            "roe_4q": 21.26,
            "gross_profit": 799234,
            "gross_margin": 58.79,
            "gross_margin_4q_avg": 61.31,
            "net_income": 384224,
            "revenue": 1359586,
            "common_shares": 921846,
            "book_valuer_per_share": 87.62,
            "book_valuer_per_share_4q_avg": 76.2,
            "equity": 8077358,
            "current_ratio": 312.74,
            "debt_ratio": 30.49,
            "inventory_turnover_ratio": 0.49,
            "account_receivable_turnover_ratio": 0.38,
            "reinvestment_rate": null,
            "research_to_sale_ratio": 1.93,
            "price_fair": 486.63,
            "eps_avg_yearly": 14.05,
            "eps_latest_yearly": 16.68,
            "eps_growth_yearly": 24.65
        },
        "20141": {
            "year_quarter": 20141,
            "year": 2014,
            "quarter": 1,
            "eps": 3.64,
            "eps_growth_year": 25.09,
            "eps_4q": 16.12,
            "eps_4q_growth_year": 36.25,
            "roe": 4.05,
            "roe_4q": 21.03,
            "gross_profit": 857838,
            "gross_margin": 63.23,
            "gross_margin_4q_avg": 61.77,
            "net_income": 335950,
            "revenue": 1356636,
            "common_shares": 926324,
            "book_valuer_per_share": 91.93,
            "book_valuer_per_share_4q_avg": 81.67,
            "equity": 8515649,
            "current_ratio": 355.89,
            "debt_ratio": 26.54,
            "inventory_turnover_ratio": 0.4,
            "account_receivable_turnover_ratio": 0.35,
            "reinvestment_rate": null,
            "research_to_sale_ratio": 1.42,
            "price_fair": 355.72,
            "eps_avg_yearly": 14.11,
            "eps_latest_yearly": 14.56,
            "eps_growth_yearly": 15.21
        },
        "20142": {
            "year_quarter": 20142,
            "year": 2014,
            "quarter": 2,
            "eps": 4.37,
            "eps_growth_year": 8.44,
            "eps_4q": 16.56,
            "eps_4q_growth_year": 33.11,
            "roe": 4.85,
            "roe_4q": 20.139999999999997,
            "gross_profit": 861537,
            "gross_margin": 59.53,
            "gross_margin_4q_avg": 61.28,
            "net_income": 405147,
            "revenue": 1447303,
            "common_shares": 926235,
            "book_valuer_per_share": 88.43,
            "book_valuer_per_share_4q_avg": 86.16,
            "equity": 8190767,
            "current_ratio": 247.94,
            "debt_ratio": 34.12,
            "inventory_turnover_ratio": 0.42,
            "account_receivable_turnover_ratio": 0.33,
            "reinvestment_rate": null,
            "research_to_sale_ratio": 1.51,
            "price_fair": 469.78,
            "eps_avg_yearly": 14.48,
            "eps_latest_yearly": 17.48,
            "eps_growth_yearly": 22.43
        },
        "20143": {
            "year_quarter": 20143,
            "year": 2014,
            "quarter": 3,
            "eps": 4.5,
            "eps_growth_year": -0.22,
            "eps_4q": 16.65,
            "eps_4q_growth_year": 16.06,
            "roe": 4.91,
            "roe_4q": 18.919999999999998,
            "gross_profit": 964667,
            "gross_margin": 62.17,
            "gross_margin_4q_avg": 60.93,
            "net_income": 416610,
            "revenue": 1551636,
            "common_shares": 926235,
            "book_valuer_per_share": 94.95,
            "book_valuer_per_share_4q_avg": 90.73,
            "equity": 8794869,
            "current_ratio": 198.38,
            "debt_ratio": 33.5,
            "inventory_turnover_ratio": 0.41,
            "account_receivable_turnover_ratio": 0.32,
            "reinvestment_rate": null,
            "research_to_sale_ratio": 1.05,
            "price_fair": 465.56,
            "eps_avg_yearly": 14.84,
            "eps_latest_yearly": 18,
            "eps_growth_yearly": 21.38
        },
        "20144": {
            "year_quarter": 20144,
            "year": 2014,
            "quarter": 4,
            "eps": 3.13,
            "eps_growth_year": -24.98,
            "eps_4q": 15.65,
            "eps_4q_growth_year": 1.59,
            "roe": 3.21,
            "roe_4q": 17.02,
            "gross_profit": 789512,
            "gross_margin": 55.32,
            "gross_margin_4q_avg": 60.06,
            "net_income": 289060,
            "revenue": 1427295,
            "common_shares": 926975,
            "book_valuer_per_share": 99.9,
            "book_valuer_per_share_4q_avg": 93.8,
            "equity": 9235479,
            "current_ratio": 184.6,
            "debt_ratio": 36.19,
            "inventory_turnover_ratio": 0.45,
            "account_receivable_turnover_ratio": 0.28,
            "reinvestment_rate": 64.6,
            "research_to_sale_ratio": 1.54,
            "price_fair": 268.61,
            "eps_avg_yearly": 14.63,
            "eps_latest_yearly": 12.52,
            "eps_growth_yearly": 8.37
        },
        "20151": {
            "year_quarter": 20151,
            "year": 2015,
            "quarter": 1,
            "eps": 3.62,
            "eps_growth_year": -0.55,
            "eps_4q": 15.64,
            "eps_4q_growth_year": -3.03,
            "roe": 3.57,
            "roe_4q": 16.54,
            "gross_profit": 838562,
            "gross_margin": 61.02,
            "gross_margin_4q_avg": 59.51,
            "net_income": 334727,
            "revenue": 1374158,
            "common_shares": 926975,
            "book_valuer_per_share": 102.68,
            "book_valuer_per_share_4q_avg": 96.49,
            "equity": 9492872,
            "current_ratio": 194,
            "debt_ratio": 34.48,
            "inventory_turnover_ratio": 0.37,
            "account_receivable_turnover_ratio": 0.26,
            "reinvestment_rate": 61.92,
            "research_to_sale_ratio": 1.31,
            "price_fair": 334.45,
            "eps_avg_yearly": 14.61,
            "eps_latest_yearly": 14.48,
            "eps_growth_yearly": 12.89
        },
        "20152": {
            "year_quarter": 20152,
            "year": 2015,
            "quarter": 2,
            "eps": 4.54,
            "eps_growth_year": 3.89,
            "eps_4q": 15.8,
            "eps_4q_growth_year": -4.6,
            "roe": 4.5,
            "roe_4q": 16.19,
            "gross_profit": 841523,
            "gross_margin": 57.32,
            "gross_margin_4q_avg": 58.96,
            "net_income": 419998,
            "revenue": 1467992,
            "common_shares": 926975,
            "book_valuer_per_share": 99.34,
            "book_valuer_per_share_4q_avg": 99.22,
            "equity": 9184229,
            "current_ratio": 176.75,
            "debt_ratio": 37.24,
            "inventory_turnover_ratio": 0.42,
            "account_receivable_turnover_ratio": 0.28,
            "reinvestment_rate": 56.07,
            "research_to_sale_ratio": 1.62,
            "price_fair": 442.35,
            "eps_avg_yearly": 14.89,
            "eps_latest_yearly": 18.16,
            "eps_growth_yearly": 19.72
        },
        "20153": {
            "year_quarter": 20153,
            "year": 2015,
            "quarter": 3,
            "eps": 4.38,
            "eps_growth_year": -2.67,
            "eps_4q": 15.67,
            "eps_4q_growth_year": -5.87,
            "roe": 4.23,
            "roe_4q": 15.510000000000002,
            "gross_profit": 1040265,
            "gross_margin": 62.92,
            "gross_margin_4q_avg": 59.15,
            "net_income": 404834,
            "revenue": 1653416,
            "common_shares": 926975,
            "book_valuer_per_share": 107.74,
            "book_valuer_per_share_4q_avg": 102.42,
            "equity": 9960630,
            "current_ratio": 189.8,
            "debt_ratio": 35.42,
            "inventory_turnover_ratio": 0.39,
            "account_receivable_turnover_ratio": 0.3,
            "reinvestment_rate": 51.5,
            "research_to_sale_ratio": 1.95,
            "price_fair": 411.53,
            "eps_avg_yearly": 15.07,
            "eps_latest_yearly": 17.52,
            "eps_growth_yearly": 17.3
        },
        "20154": {
            "year_quarter": 20154,
            "year": 2015,
            "quarter": 4,
            "eps": 4.41,
            "eps_growth_year": 40.96,
            "eps_4q": 16.95,
            "eps_4q_growth_year": 8.31,
            "roe": 4.09,
            "roe_4q": 16.39,
            "gross_profit": 963422,
            "gross_margin": 60.09,
            "gross_margin_4q_avg": 60.34,
            "net_income": 407463,
            "revenue": 1603297,
            "common_shares": 926975,
            "book_valuer_per_share": 107.95,
            "book_valuer_per_share_4q_avg": 104.43,
            "equity": 9980482,
            "current_ratio": 186.76,
            "debt_ratio": 37.35,
            "inventory_turnover_ratio": 0.38,
            "account_receivable_turnover_ratio": 0.29,
            "reinvestment_rate": 49.07,
            "research_to_sale_ratio": 2.3,
            "price_fair": 401.4,
            "eps_avg_yearly": 15.25,
            "eps_latest_yearly": 17.64,
            "eps_growth_yearly": 16.33
        },
        "20161": {
            "year_quarter": 20161,
            "year": 2016,
            "quarter": 1,
            "eps": 3.95,
            "eps_growth_year": 9.12,
            "eps_4q": 17.28,
            "eps_4q_growth_year": 10.5,
            "roe": 3.59,
            "roe_4q": 16.41,
            "gross_profit": 941098,
            "gross_margin": 60.97,
            "gross_margin_4q_avg": 60.33,
            "net_income": 364189,
            "revenue": 1543432,
            "common_shares": 926975,
            "book_valuer_per_share": 111.25,
            "book_valuer_per_share_4q_avg": 106.57,
            "equity": 10290289,
            "current_ratio": 186.84,
            "debt_ratio": 38,
            "inventory_turnover_ratio": 0.34,
            "account_receivable_turnover_ratio": 0.28,
            "reinvestment_rate": 44.92,
            "research_to_sale_ratio": 1.93,
            "price_fair": 346.88,
            "eps_avg_yearly": 15.28,
            "eps_latest_yearly": 15.8,
            "eps_growth_yearly": 12.7
        },
        "20162": {
            "year_quarter": 20162,
            "year": 2016,
            "quarter": 2,
            "eps": 4.28,
            "eps_growth_year": -5.73,
            "eps_4q": 17.01,
            "eps_4q_growth_year": 7.71,
            "roe": 3.95,
            "roe_4q": 15.86,
            "gross_profit": 923598,
            "gross_margin": 56.68,
            "gross_margin_4q_avg": 60.17,
            "net_income": 394592,
            "revenue": 1629498,
            "common_shares": 926975,
            "book_valuer_per_share": 104.95,
            "book_valuer_per_share_4q_avg": 107.97,
            "equity": 9706696,
            "current_ratio": 180.29,
            "debt_ratio": 38.97,
            "inventory_turnover_ratio": 0.37,
            "account_receivable_turnover_ratio": 0.28,
            "reinvestment_rate": 49.31,
            "research_to_sale_ratio": 1.41,
            "price_fair": 335.8,
            "eps_avg_yearly": 15.49,
            "eps_latest_yearly": 17.12,
            "eps_growth_yearly": 11.68
        },
        "20163": {
            "year_quarter": 20163,
            "year": 2016,
            "quarter": 3,
            "eps": 5.16,
            "eps_growth_year": 17.81,
            "eps_4q": 17.79,
            "eps_4q_growth_year": 13.55,
            "roe": 4.86,
            "roe_4q": 16.490000000000002,
            "gross_profit": 1048577,
            "gross_margin": 59.93,
            "gross_margin_4q_avg": 59.42,
            "net_income": 474505,
            "revenue": 1749561,
            "common_shares": 926975,
            "book_valuer_per_share": 106.28,
            "book_valuer_per_share_4q_avg": 107.61,
            "equity": 9836111,
            "current_ratio": 216.12,
            "debt_ratio": 41.8,
            "inventory_turnover_ratio": 0.36,
            "account_receivable_turnover_ratio": 0.3,
            "reinvestment_rate": 46.16,
            "research_to_sale_ratio": 1.28,
            "price_fair": 530.19,
            "eps_avg_yearly": 16.13,
            "eps_latest_yearly": 20.64,
            "eps_growth_yearly": 22.86
        },
        "20164": {
            "year_quarter": 20164,
            "year": 2016,
            "quarter": 4,
            "eps": 3.03,
            "eps_growth_year": -31.14,
            "eps_4q": 16.42,
            "eps_4q_growth_year": -3.13,
            "roe": 2.79,
            "roe_4q": 15.190000000000001,
            "gross_profit": 1001566,
            "gross_margin": 61.94,
            "gross_margin_4q_avg": 59.88,
            "net_income": 278200,
            "revenue": 1617001,
            "common_shares": 926975,
            "book_valuer_per_share": 109.31,
            "book_valuer_per_share_4q_avg": 107.95,
            "equity": 10115068,
            "current_ratio": 223.16,
            "debt_ratio": 41.48,
            "inventory_turnover_ratio": 0.31,
            "account_receivable_turnover_ratio": 0.28,
            "reinvestment_rate": 45.8,
            "research_to_sale_ratio": 1.76,
            "price_fair": 313,
            "eps_avg_yearly": 16.16,
            "eps_latest_yearly": 12.12,
            "eps_growth_yearly": 9.37
        },
        "20171": {
            "year_quarter": 20171,
            "year": 2017,
            "quarter": 1,
            "eps": 4.2,
            "eps_growth_year": 6.33,
            "eps_4q": 16.67,
            "eps_4q_growth_year": -3.49,
            "roe": 3.83,
            "roe_4q": 15.43,
            "gross_profit": 961966,
            "gross_margin": 61.06,
            "gross_margin_4q_avg": 59.9,
            "net_income": 386491,
            "revenue": 1575367,
            "common_shares": 926975,
            "book_valuer_per_share": 108.82,
            "book_valuer_per_share_4q_avg": 107.34,
            "equity": 10067358,
            "current_ratio": 225.15,
            "debt_ratio": 42.3,
            "inventory_turnover_ratio": 0.3,
            "account_receivable_turnover_ratio": 0.28,
            "reinvestment_rate": 43.83,
            "research_to_sale_ratio": 1.55,
            "price_fair": 481.15,
            "eps_avg_yearly": 16.48,
            "eps_latest_yearly": 16.8,
            "eps_growth_yearly": 19.2
        },
        "20172": {
            "year_quarter": 20172,
            "year": 2017,
            "quarter": 2,
            "eps": 1.81,
            "eps_growth_year": -57.71,
            "eps_4q": 14.21,
            "eps_4q_growth_year": -16.49,
            "roe": 1.66,
            "roe_4q": 13.14,
            "gross_profit": 667933,
            "gross_margin": 51.57,
            "gross_margin_4q_avg": 58.63,
            "net_income": 163996,
            "revenue": 1295115,
            "common_shares": 926975,
            "book_valuer_per_share": 105.41,
            "book_valuer_per_share_4q_avg": 107.46,
            "equity": 9747461,
            "current_ratio": 196.28,
            "debt_ratio": 44.86,
            "inventory_turnover_ratio": 0.3,
            "account_receivable_turnover_ratio": 0.24,
            "reinvestment_rate": 48.87,
            "research_to_sale_ratio": 2.36,
            "price_fair": 47.78,
            "eps_avg_yearly": 15.93,
            "eps_latest_yearly": 7.24,
            "eps_growth_yearly": -4.65
        },
        "20173": {
            "year_quarter": 20173,
            "year": 2017,
            "quarter": 3,
            "eps": 2.92,
            "eps_growth_year": -43.41,
            "eps_4q": 11.97,
            "eps_4q_growth_year": -32.73,
            "roe": 2.68,
            "roe_4q": 10.96,
            "gross_profit": 872874,
            "gross_margin": 54.56,
            "gross_margin_4q_avg": 57.28,
            "net_income": 265697,
            "revenue": 1599810,
            "common_shares": 926975,
            "book_valuer_per_share": 109.22,
            "book_valuer_per_share_4q_avg": 108.19,
            "equity": 10095483,
            "current_ratio": 175,
            "debt_ratio": 44.75,
            "inventory_turnover_ratio": 0.35,
            "account_receivable_turnover_ratio": 0.31,
            "reinvestment_rate": 48.18,
            "research_to_sale_ratio": 2.01,
            "price_fair": 274.86,
            "eps_avg_yearly": 15.53,
            "eps_latest_yearly": 11.68,
            "eps_growth_yearly": 7.7
        },
        "20174": {
            "year_quarter": 20174,
            "year": 2017,
            "quarter": 4,
            "eps": 1.57,
            "eps_growth_year": -48.26,
            "eps_4q": 10.5,
            "eps_4q_growth_year": -36.03,
            "roe": 1.4,
            "roe_4q": 9.57,
            "gross_profit": 721986,
            "gross_margin": 48.84,
            "gross_margin_4q_avg": 54.01,
            "net_income": 142726,
            "revenue": 1478227,
            "common_shares": 924505,
            "book_valuer_per_share": 111.07,
            "book_valuer_per_share_4q_avg": 108.63,
            "equity": 10264403,
            "current_ratio": 174.15,
            "debt_ratio": 45.83,
            "inventory_turnover_ratio": 0.37,
            "account_receivable_turnover_ratio": 0.31,
            "reinvestment_rate": 46.73,
            "research_to_sale_ratio": 2.5,
            "price_fair": 44.63,
            "eps_avg_yearly": 14.88,
            "eps_latest_yearly": 6.28,
            "eps_growth_yearly": -1.97
        },
        "20181": {
            "year_quarter": 20181,
            "year": 2018,
            "quarter": 1,
            "eps": 2.82,
            "eps_growth_year": -32.86,
            "eps_4q": 9.12,
            "eps_4q_growth_year": -45.3,
            "roe": 2.45,
            "roe_4q": 8.19,
            "gross_profit": 866002,
            "gross_margin": 53,
            "gross_margin_4q_avg": 51.99,
            "net_income": 258446,
            "revenue": 1634044,
            "common_shares": 924505,
            "book_valuer_per_share": 117.42,
            "book_valuer_per_share_4q_avg": 110.78,
            "equity": 10849025,
            "current_ratio": 176.69,
            "debt_ratio": 44.74,
            "inventory_turnover_ratio": 0.37,
            "account_receivable_turnover_ratio": 0.35,
            "reinvestment_rate": 51.89,
            "research_to_sale_ratio": 1.96,
            "price_fair": 456.46,
            "eps_avg_yearly": 14.67,
            "eps_latest_yearly": 11.28,
            "eps_growth_yearly": 21.11
        },
        "20182": {
            "year_quarter": 20182,
            "year": 2018,
            "quarter": 2,
            "eps": 1.48,
            "eps_growth_year": -18.23,
            "eps_4q": 8.79,
            "eps_4q_growth_year": -38.13,
            "roe": 1.28,
            "roe_4q": 7.8100000000000005,
            "gross_profit": 972812,
            "gross_margin": 53.43,
            "gross_margin_4q_avg": 52.46,
            "net_income": 135261,
            "revenue": 1820555,
            "common_shares": 924505,
            "book_valuer_per_share": 111.32,
            "book_valuer_per_share_4q_avg": 112.26,
            "equity": 10283787,
            "current_ratio": 172.53,
            "debt_ratio": 48.93,
            "inventory_turnover_ratio": 0.39,
            "account_receivable_turnover_ratio": 0.37,
            "reinvestment_rate": 55.15,
            "research_to_sale_ratio": 1.7,
            "price_fair": 198.33,
            "eps_avg_yearly": 13.95,
            "eps_latest_yearly": 5.92,
            "eps_growth_yearly": 4.22
        },
        "20183": {
            "year_quarter": 20183,
            "year": 2018,
            "quarter": 3,
            "eps": 2.01,
            "eps_growth_year": -31.16,
            "eps_4q": 7.89,
            "eps_4q_growth_year": -34.12,
            "roe": 1.81,
            "roe_4q": 6.9399999999999995,
            "gross_profit": 1043350,
            "gross_margin": 52.86,
            "gross_margin_4q_avg": 52.03,
            "net_income": 183970,
            "revenue": 1973668,
            "common_shares": 924505,
            "book_valuer_per_share": 108.97,
            "book_valuer_per_share_4q_avg": 112.2,
            "equity": 10064135,
            "current_ratio": 160.66,
            "debt_ratio": 49.84,
            "inventory_turnover_ratio": 0.42,
            "account_receivable_turnover_ratio": 0.42,
            "reinvestment_rate": 76.08,
            "research_to_sale_ratio": 1.9,
            "price_fair": 298.88,
            "eps_avg_yearly": 13.33,
            "eps_latest_yearly": 8.04,
            "eps_growth_yearly": 12.43
        },
        "20184": {
            "year_quarter": 20184,
            "year": 2018,
            "quarter": 4,
            "eps": 2.7,
            "eps_growth_year": 71.91,
            "eps_4q": 9.01,
            "eps_4q_growth_year": -14.18,
            "roe": 2.38,
            "roe_4q": 7.92,
            "gross_profit": 1028894,
            "gross_margin": 52.47,
            "gross_margin_4q_avg": 52.94,
            "net_income": 243021,
            "revenue": 1960934,
            "common_shares": 924505,
            "book_valuer_per_share": 112.52,
            "book_valuer_per_share_4q_avg": 112.56,
            "equity": 10386135,
            "current_ratio": 164.44,
            "debt_ratio": 48.52,
            "inventory_turnover_ratio": 0.41,
            "account_receivable_turnover_ratio": 0.46,
            "reinvestment_rate": 70.9,
            "research_to_sale_ratio": 2,
            "price_fair": 462.7,
            "eps_avg_yearly": 13.22,
            "eps_latest_yearly": 10.8,
            "eps_growth_yearly": 28.62
        },
        "20191": {
            "year_quarter": 20191,
            "year": 2019,
            "quarter": 1,
            "eps": 1.87,
            "eps_growth_year": -33.69,
            "eps_4q": 8.06,
            "eps_4q_growth_year": -11.66,
            "roe": 1.62,
            "roe_4q": 7.090000000000001,
            "gross_profit": 1002840,
            "gross_margin": 57.83,
            "gross_margin_4q_avg": 54.15,
            "net_income": 171844,
            "revenue": 1734239,
            "common_shares": 924505,
            "book_valuer_per_share": 117.67,
            "book_valuer_per_share_4q_avg": 112.62,
            "equity": 10861392,
            "current_ratio": 165.5,
            "debt_ratio": 49.57,
            "inventory_turnover_ratio": 0.31,
            "account_receivable_turnover_ratio": 0.44,
            "reinvestment_rate": 75.99,
            "research_to_sale_ratio": 2.71,
            "price_fair": 345.39,
            "eps_avg_yearly": 12.78,
            "eps_latest_yearly": 7.48,
            "eps_growth_yearly": 17.02
        },
        "20192": {
            "year_quarter": 20192,
            "year": 2019,
            "quarter": 2,
            "eps": 2.93,
            "eps_growth_year": 97.97,
            "eps_4q": 9.51,
            "eps_4q_growth_year": 8.18,
            "roe": 2.53,
            "roe_4q": 8.34,
            "gross_profit": 1091131,
            "gross_margin": 54.77,
            "gross_margin_4q_avg": 54.48,
            "net_income": 270691,
            "revenue": 1992243,
            "common_shares": 924505,
            "book_valuer_per_share": 114.12,
            "book_valuer_per_share_4q_avg": 113.32,
            "equity": 10531362,
            "current_ratio": 156.35,
            "debt_ratio": 51.42,
            "inventory_turnover_ratio": 0.37,
            "account_receivable_turnover_ratio": 0.48,
            "reinvestment_rate": 81.03,
            "research_to_sale_ratio": 2.46,
            "price_fair": 431.29,
            "eps_avg_yearly": 12.38,
            "eps_latest_yearly": 11.72,
            "eps_growth_yearly": 24.84
        },
        "20193": {
            "year_quarter": 20193,
            "year": 2019,
            "quarter": 3,
            "eps": 3.72,
            "eps_growth_year": 85.07,
            "eps_4q": 11.22,
            "eps_4q_growth_year": 42.33,
            "roe": 3.29,
            "roe_4q": 9.82,
            "gross_profit": 1168066,
            "gross_margin": 55.51,
            "gross_margin_4q_avg": 55.15,
            "net_income": 345188,
            "revenue": 2104309,
            "common_shares": 924505,
            "book_valuer_per_share": 113.03,
            "book_valuer_per_share_4q_avg": 114.34,
            "equity": 10431709,
            "current_ratio": 165.62,
            "debt_ratio": 53.52,
            "inventory_turnover_ratio": 0.37,
            "account_receivable_turnover_ratio": 0.5,
            "reinvestment_rate": 86.05,
            "research_to_sale_ratio": 2.5,
            "price_fair": 427.53,
            "eps_avg_yearly": 12.22,
            "eps_latest_yearly": 14.88,
            "eps_growth_yearly": 32.46
        },
        "20194": {
            "year_quarter": 20194,
            "year": 2019,
            "quarter": 4,
            "eps": 4.45,
            "eps_growth_year": 64.9,
            "eps_4q": 12.98,
            "eps_4q_growth_year": 43.94,
            "roe": 3.89,
            "roe_4q": 11.329999999999998,
            "gross_profit": 1185236,
            "gross_margin": 50.45,
            "gross_margin_4q_avg": 54.64,
            "net_income": 411920,
            "revenue": 2349392,
            "common_shares": 924505,
            "book_valuer_per_share": 116.34,
            "book_valuer_per_share_4q_avg": 115.29,
            "equity": 10738620,
            "current_ratio": 168.77,
            "debt_ratio": 51.72,
            "inventory_turnover_ratio": 0.47,
            "account_receivable_turnover_ratio": 0.58,
            "reinvestment_rate": 86.8,
            "research_to_sale_ratio": 1.88,
            "price_fair": 427.88,
            "eps_avg_yearly": 12.23,
            "eps_latest_yearly": 17.8,
            "eps_growth_yearly": 37.19
        },
        "20201": {
            "year_quarter": 20201,
            "year": 2020,
            "quarter": 1,
            "eps": 0.66,
            "eps_growth_year": -64.71,
            "eps_4q": 11.76,
            "eps_4q_growth_year": 45.99,
            "roe": 0.59,
            "roe_4q": 10.3,
            "gross_profit": 805439,
            "gross_margin": 56.31,
            "gross_margin_4q_avg": 54.26,
            "net_income": 63653,
            "revenue": 1430449,
            "common_shares": 924505,
            "book_valuer_per_share": 115.93,
            "book_valuer_per_share_4q_avg": 114.86,
            "equity": 10703708,
            "current_ratio": 177.14,
            "debt_ratio": 51.92,
            "inventory_turnover_ratio": 0.24,
            "account_receivable_turnover_ratio": 0.35,
            "reinvestment_rate": 94.75,
            "research_to_sale_ratio": 2.78,
            "price_fair": 325.08,
            "eps_avg_yearly": 11.4,
            "eps_latest_yearly": 2.64,
            "eps_growth_yearly": 18.51
        },
        "20202": {
            "year_quarter": 20202,
            "year": 2020,
            "quarter": 2,
            "eps": 2.17,
            "eps_growth_year": -25.94,
            "eps_4q": 10.48,
            "eps_4q_growth_year": 10.23,
            "roe": 1.9,
            "roe_4q": 9.67,
            "gross_profit": 893225,
            "gross_margin": 52.86,
            "gross_margin_4q_avg": 53.78,
            "net_income": 200525,
            "revenue": 1689815,
            "common_shares": 924505,
            "book_valuer_per_share": 113.21,
            "book_valuer_per_share_4q_avg": 114.63,
            "equity": 10451880,
            "current_ratio": 193.36,
            "debt_ratio": 50.86,
            "inventory_turnover_ratio": 0.29,
            "account_receivable_turnover_ratio": 0.42,
            "reinvestment_rate": 90.56,
            "research_to_sale_ratio": 2.79,
            "price_fair": 380.63,
            "eps_avg_yearly": 10.88,
            "eps_latest_yearly": 8.68,
            "eps_growth_yearly": 73.62
        },
        "20203": {
            "year_quarter": 20203,
            "year": 2020,
            "quarter": 3,
            "eps": 3.81,
            "eps_growth_year": 2.42,
            "eps_4q": 10.74,
            "eps_4q_growth_year": -4.29,
            "roe": 3.46,
            "roe_4q": 9.84,
            "gross_profit": 1011172,
            "gross_margin": 55.28,
            "gross_margin_4q_avg": 53.73,
            "net_income": 370317,
            "revenue": 1829182,
            "common_shares": 970730,
            "book_valuer_per_share": 112.89,
            "book_valuer_per_share_4q_avg": 114.59,
            "equity": 10945299,
            "current_ratio": 204.72,
            "debt_ratio": 49.11,
            "inventory_turnover_ratio": 0.29,
            "account_receivable_turnover_ratio": 0.47,
            "reinvestment_rate": 90.57,
            "research_to_sale_ratio": 2.6,
            "price_fair": 368.81,
            "eps_avg_yearly": 10.54,
            "eps_latest_yearly": 15.24,
            "eps_growth_yearly": 87.37
        },
        "20204": {
            "year_quarter": 20204,
            "year": 2020,
            "quarter": 4,
            "eps": 3.74,
            "eps_growth_year": -16.09,
            "eps_4q": 10.24,
            "eps_4q_growth_year": -21.1,
            "roe": 3.22,
            "roe_4q": 9.17,
            "gross_profit": 1288570,
            "gross_margin": 54.14,
            "gross_margin_4q_avg": 54.65,
            "net_income": 362725,
            "revenue": 2380279,
            "common_shares": 970730,
            "book_valuer_per_share": 119.4,
            "book_valuer_per_share_4q_avg": 115.36,
            "equity": 11577634,
            "current_ratio": 215.01,
            "debt_ratio": 47.81,
            "inventory_turnover_ratio": 0.38,
            "account_receivable_turnover_ratio": 0.62,
            "reinvestment_rate": 86.71,
            "research_to_sale_ratio": 2.52,
            "price_fair": 375.03,
            "eps_avg_yearly": 10.72,
            "eps_latest_yearly": 14.96,
            "eps_growth_yearly": 97.23
        },
        "20211": {
            "year_quarter": 20211,
            "year": 2021,
            "quarter": 1,
            "eps": 2.7,
            "eps_growth_year": 309.09,
            "eps_4q": 12.31,
            "eps_4q_growth_year": 4.67,
            "roe": 2.25,
            "roe_4q": 10.83,
            "gross_profit": 1096374,
            "gross_margin": 53.73,
            "gross_margin_4q_avg": 54,
            "net_income": 262743,
            "revenue": 2040553,
            "common_shares": 970730,
            "book_valuer_per_share": 121.69,
            "book_valuer_per_share_4q_avg": 116.8,
            "equity": 11801672,
            "current_ratio": 221.18,
            "debt_ratio": 47.41,
            "inventory_turnover_ratio": 0.33,
            "account_receivable_turnover_ratio": 0.53,
            "reinvestment_rate": 77.55,
            "research_to_sale_ratio": 2.36,
            "price_fair": 361.9,
            "eps_avg_yearly": 10.34,
            "eps_latest_yearly": 10.8,
            "eps_growth_yearly": 80.63
        },
        "20212": {
            "year_quarter": 20212,
            "year": 2021,
            "quarter": 2,
            "eps": 4.14,
            "eps_growth_year": 90.78,
            "eps_4q": 14.38,
            "eps_4q_growth_year": 37.15,
            "roe": 3.44,
            "roe_4q": 12.370000000000001,
            "gross_profit": 1182585,
            "gross_margin": 50.28,
            "gross_margin_4q_avg": 53.36,
            "net_income": 401621,
            "revenue": 2351880,
            "common_shares": 970730,
            "book_valuer_per_share": 118.86,
            "book_valuer_per_share_4q_avg": 118.21,
            "equity": 11527270,
            "current_ratio": 219.09,
            "debt_ratio": 48.49,
            "inventory_turnover_ratio": 0.4,
            "account_receivable_turnover_ratio": 0.63,
            "reinvestment_rate": 59.55,
            "research_to_sale_ratio": 1.9,
            "price_fair": 382.29,
            "eps_avg_yearly": 10.92,
            "eps_latest_yearly": 16.56,
            "eps_growth_yearly": 108.19
        },
        "20213": {
            "year_quarter": 20213,
            "year": 2021,
            "quarter": 3,
            "eps": 1.28,
            "eps_growth_year": -66.4,
            "eps_4q": 11.85,
            "eps_4q_growth_year": 10.32,
            "roe": 1.07,
            "roe_4q": 9.98,
            "gross_profit": 1037269,
            "gross_margin": 50.81,
            "gross_margin_4q_avg": 52.24,
            "net_income": 123753,
            "revenue": 2041537,
            "common_shares": 970730,
            "book_valuer_per_share": 119.38,
            "book_valuer_per_share_4q_avg": 119.83,
            "equity": 11588245,
            "current_ratio": 206.74,
            "debt_ratio": 49.41,
            "inventory_turnover_ratio": 0.35,
            "account_receivable_turnover_ratio": 0.56,
            "reinvestment_rate": 67.56,
            "research_to_sale_ratio": 2.29,
            "price_fair": 367.94,
            "eps_avg_yearly": 10.51,
            "eps_latest_yearly": 5.12,
            "eps_growth_yearly": 75.58
        },
        "20214": {
            "year_quarter": 20214,
            "year": 2021,
            "quarter": 4,
            "eps": 1.74,
            "eps_growth_year": -53.54,
            "eps_4q": 9.85,
            "eps_4q_growth_year": -3.78,
            "roe": 1.44,
            "roe_4q": 8.2,
            "gross_profit": 1254615,
            "gross_margin": 50.85,
            "gross_margin_4q_avg": 51.42,
            "net_income": 168327,
            "revenue": 2467278,
            "common_shares": 970730,
            "book_valuer_per_share": 122.23,
            "book_valuer_per_share_4q_avg": 120.54,
            "equity": 11864180,
            "current_ratio": 208.6,
            "debt_ratio": 49.22,
            "inventory_turnover_ratio": 0.42,
            "account_receivable_turnover_ratio": 0.7,
            "reinvestment_rate": 54.14,
            "research_to_sale_ratio": 2.25,
            "price_fair": 369.43,
            "eps_avg_yearly": 10.56,
            "eps_latest_yearly": 6.96,
            "eps_growth_yearly": 96.13
        }
    },
    "months": {
        "2012-04": {
            "month": "2012-04",
            "price": "232.50",
            "revenue": 290879
        },
        "2012-05": {
            "month": "2012-05",
            "price": "279.09",
            "revenue": 333062
        },
        "2012-06": {
            "month": "2012-06",
            "price": "302.93",
            "revenue": 285241
        },
        "2012-07": {
            "month": "2012-07",
            "price": "308.41",
            "revenue": 317297
        },
        "2012-08": {
            "month": "2012-08",
            "price": "348.57",
            "revenue": 314806
        },
        "2012-09": {
            "month": "2012-09",
            "price": "356.48",
            "revenue": 352965
        },
        "2012-10": {
            "month": "2012-10",
            "price": "366.09",
            "revenue": 271973
        },
        "2012-11": {
            "month": "2012-11",
            "price": "365.25",
            "revenue": 338500
        },
        "2012-12": {
            "month": "2012-12",
            "price": "340.33",
            "revenue": 400397
        },
        "2013-01": {
            "month": "2013-01",
            "price": "360.18",
            "revenue": 344754
        },
        "2013-02": {
            "month": "2013-02",
            "price": "406.42",
            "revenue": 264480
        },
        "2013-03": {
            "month": "2013-03",
            "price": "470.55",
            "revenue": 407648
        },
        "2013-04": {
            "month": "2013-04",
            "price": "526.95",
            "revenue": 411951
        },
        "2013-05": {
            "month": "2013-05",
            "price": "521.73",
            "revenue": 419055
        },
        "2013-06": {
            "month": "2013-06",
            "price": "492.66",
            "revenue": 400125
        },
        "2013-07": {
            "month": "2013-07",
            "price": "537.67",
            "revenue": 407818
        },
        "2013-08": {
            "month": "2013-08",
            "price": "548.57",
            "revenue": 430908
        },
        "2013-09": {
            "month": "2013-09",
            "price": "527.40",
            "revenue": 486124
        },
        "2013-10": {
            "month": "2013-10",
            "price": "551.05",
            "revenue": 404459
        },
        "2013-11": {
            "month": "2013-11",
            "price": "605.57",
            "revenue": 445119
        },
        "2013-12": {
            "month": "2013-12",
            "price": "605.91",
            "revenue": 465970
        },
        "2014-01": {
            "month": "2014-01",
            "price": "568.72",
            "revenue": 448160
        },
        "2014-02": {
            "month": "2014-02",
            "price": "564.76",
            "revenue": 403903
        },
        "2014-03": {
            "month": "2014-03",
            "price": "565.48",
            "revenue": 503700
        },
        "2014-04": {
            "month": "2014-04",
            "price": "527.19",
            "revenue": 464036
        },
        "2014-05": {
            "month": "2014-05",
            "price": "526.86",
            "revenue": 504735
        },
        "2014-06": {
            "month": "2014-06",
            "price": "541.75",
            "revenue": 472340
        },
        "2014-07": {
            "month": "2014-07",
            "price": "476.91",
            "revenue": 491189
        },
        "2014-08": {
            "month": "2014-08",
            "price": "423.10",
            "revenue": 532297
        },
        "2014-09": {
            "month": "2014-09",
            "price": "432.07",
            "revenue": 527857
        },
        "2014-10": {
            "month": "2014-10",
            "price": "413.43",
            "revenue": 449396
        },
        "2014-11": {
            "month": "2014-11",
            "price": "363.28",
            "revenue": 479283
        },
        "2014-12": {
            "month": "2014-12",
            "price": "351.69",
            "revenue": 496420
        },
        "2015-01": {
            "month": "2015-01",
            "price": "317.92",
            "revenue": 454428
        },
        "2015-02": {
            "month": "2015-02",
            "price": "309.19",
            "revenue": 397199
        },
        "2015-03": {
            "month": "2015-03",
            "price": "339.20",
            "revenue": 517172
        },
        "2015-04": {
            "month": "2015-04",
            "price": "410.88",
            "revenue": 478273
        },
        "2015-05": {
            "month": "2015-05",
            "price": "423.62",
            "revenue": 540180
        },
        "2015-06": {
            "month": "2015-06",
            "price": "410.07",
            "revenue": 444914
        },
        "2015-07": {
            "month": "2015-07",
            "price": "325.05",
            "revenue": 492248
        },
        "2015-08": {
            "month": "2015-08",
            "price": "315.93",
            "revenue": 555555
        },
        "2015-09": {
            "month": "2015-09",
            "price": "336.85",
            "revenue": 598068
        },
        "2015-10": {
            "month": "2015-10",
            "price": "348.98",
            "revenue": 523630
        },
        "2015-11": {
            "month": "2015-11",
            "price": "392.93",
            "revenue": 549926
        },
        "2015-12": {
            "month": "2015-12",
            "price": "422.07",
            "revenue": 549527
        },
        "2016-01": {
            "month": "2016-01",
            "price": "384.52",
            "revenue": 508885
        },
        "2016-02": {
            "month": "2016-02",
            "price": "359.96",
            "revenue": 454088
        },
        "2016-03": {
            "month": "2016-03",
            "price": "333.83",
            "revenue": 578745
        },
        "2016-04": {
            "month": "2016-04",
            "price": "341.79",
            "revenue": 528056
        },
        "2016-05": {
            "month": "2016-05",
            "price": "332.33",
            "revenue": 593699
        },
        "2016-06": {
            "month": "2016-06",
            "price": "338.67",
            "revenue": 506230
        },
        "2016-07": {
            "month": "2016-07",
            "price": "333.40",
            "revenue": 540678
        },
        "2016-08": {
            "month": "2016-08",
            "price": "318.98",
            "revenue": 579427
        },
        "2016-09": {
            "month": "2016-09",
            "price": "315.97",
            "revenue": 620473
        },
        "2016-10": {
            "month": "2016-10",
            "price": "302.78",
            "revenue": 525921
        },
        "2016-11": {
            "month": "2016-11",
            "price": "289.91",
            "revenue": 551076
        },
        "2016-12": {
            "month": "2016-12",
            "price": "306.61",
            "revenue": 538928
        },
        "2017-01": {
            "month": "2017-01",
            "price": "315.12",
            "revenue": 561450
        },
        "2017-02": {
            "month": "2017-02",
            "price": "303.44",
            "revenue": 480398
        },
        "2017-03": {
            "month": "2017-03",
            "price": "293.96",
            "revenue": 529000
        },
        "2017-04": {
            "month": "2017-04",
            "price": "268.19",
            "revenue": 415219
        },
        "2017-05": {
            "month": "2017-05",
            "price": "235.28",
            "revenue": 407319
        },
        "2017-06": {
            "month": "2017-06",
            "price": "243.59",
            "revenue": 475162
        },
        "2017-07": {
            "month": "2017-07",
            "price": "237.60",
            "revenue": 513065
        },
        "2017-08": {
            "month": "2017-08",
            "price": "241.26",
            "revenue": 516115
        },
        "2017-09": {
            "month": "2017-09",
            "price": "223.36",
            "revenue": 569061
        },
        "2017-10": {
            "month": "2017-10",
            "price": "211.47",
            "revenue": 503615
        },
        "2017-11": {
            "month": "2017-11",
            "price": "191.11",
            "revenue": 507836
        },
        "2017-12": {
            "month": "2017-12",
            "price": "201.93",
            "revenue": 462547
        },
        "2018-01": {
            "month": "2018-01",
            "price": "228.30",
            "revenue": 569879
        },
        "2018-02": {
            "month": "2018-02",
            "price": "214.27",
            "revenue": 449916
        },
        "2018-03": {
            "month": "2018-03",
            "price": "208.09",
            "revenue": 613389
        },
        "2018-04": {
            "month": "2018-04",
            "price": "243.86",
            "revenue": 511373
        },
        "2018-05": {
            "month": "2018-05",
            "price": "253.86",
            "revenue": 628612
        },
        "2018-06": {
            "month": "2018-06",
            "price": "261.10",
            "revenue": 681676
        },
        "2018-07": {
            "month": "2018-07",
            "price": "248.45",
            "revenue": 629531
        },
        "2018-08": {
            "month": "2018-08",
            "price": "208.52",
            "revenue": 637308
        },
        "2018-09": {
            "month": "2018-09",
            "price": "200.71",
            "revenue": 699141
        },
        "2018-10": {
            "month": "2018-10",
            "price": "179.82",
            "revenue": 674433
        },
        "2018-11": {
            "month": "2018-11",
            "price": "200.95",
            "revenue": 702217
        },
        "2018-12": {
            "month": "2018-12",
            "price": "219.00",
            "revenue": 595205
        },
        "2019-01": {
            "month": "2019-01",
            "price": "224.07",
            "revenue": 611625
        },
        "2019-02": {
            "month": "2019-02",
            "price": "235.04",
            "revenue": 473274
        },
        "2019-03": {
            "month": "2019-03",
            "price": "242.28",
            "revenue": 651966
        },
        "2019-04": {
            "month": "2019-04",
            "price": "229.25",
            "revenue": 604459
        },
        "2019-05": {
            "month": "2019-05",
            "price": "202.73",
            "revenue": 669939
        },
        "2019-06": {
            "month": "2019-06",
            "price": "194.55",
            "revenue": 714197
        },
        "2019-07": {
            "month": "2019-07",
            "price": "204.65",
            "revenue": 648361
        },
        "2019-08": {
            "month": "2019-08",
            "price": "182.83",
            "revenue": 640100
        },
        "2019-09": {
            "month": "2019-09",
            "price": "176.00",
            "revenue": 811158
        },
        "2019-10": {
            "month": "2019-10",
            "price": "179.57",
            "revenue": 773816
        },
        "2019-11": {
            "month": "2019-11",
            "price": "200.26",
            "revenue": 831457
        },
        "2019-12": {
            "month": "2019-12",
            "price": "211.02",
            "revenue": 729839
        },
        "2020-01": {
            "month": "2020-01",
            "price": "204.60",
            "revenue": 530904
        },
        "2020-02": {
            "month": "2020-02",
            "price": "185.74",
            "revenue": 408747
        },
        "2020-03": {
            "month": "2020-03",
            "price": "145.57",
            "revenue": 489842
        },
        "2020-04": {
            "month": "2020-04",
            "price": "141.35",
            "revenue": 487404
        },
        "2020-05": {
            "month": "2020-05",
            "price": "153.30",
            "revenue": 539514
        },
        "2020-06": {
            "month": "2020-06",
            "price": "153.70",
            "revenue": 658606
        },
        "2020-07": {
            "month": "2020-07",
            "price": "146.39",
            "revenue": 520965
        },
        "2020-08": {
            "month": "2020-08",
            "price": "129.62",
            "revenue": 553788
        },
        "2020-09": {
            "month": "2020-09",
            "price": "130.59",
            "revenue": 761093
        },
        "2020-10": {
            "month": "2020-10",
            "price": "129.34",
            "revenue": 792523
        },
        "2020-11": {
            "month": "2020-11",
            "price": "146.45",
            "revenue": 902651
        },
        "2020-12": {
            "month": "2020-12",
            "price": "149.91",
            "revenue": 701198
        },
        "2021-01": {
            "month": "2021-01",
            "price": "136.95",
            "revenue": 808052
        },
        "2021-02": {
            "month": "2021-02",
            "price": "141.42",
            "revenue": 457312
        },
        "2021-03": {
            "month": "2021-03",
            "price": "163.70",
            "revenue": 774023
        },
        "2021-04": {
            "month": "2021-04",
            "price": "178.29",
            "revenue": 736092
        },
        "2021-05": {
            "month": "2021-05",
            "price": "163.40",
            "revenue": 792742
        },
        "2021-06": {
            "month": "2021-06",
            "price": "218.74",
            "revenue": 823831
        },
        "2021-07": {
            "month": "2021-07",
            "price": "253.36",
            "revenue": 574443
        },
        "2021-08": {
            "month": "2021-08",
            "price": "211.00",
            "revenue": 644253
        },
        "2021-09": {
            "month": "2021-09",
            "price": "203.38",
            "revenue": 814745
        },
        "2021-10": {
            "month": "2021-10",
            "price": "184.28",
            "revenue": 859394
        },
        "2021-11": {
            "month": "2021-11",
            "price": "197.24",
            "revenue": 971214
        },
        "2021-12": {
            "month": "2021-12",
            "price": "266.02",
            "revenue": 643403
        },
        "2022-01": {
            "month": "2022-01",
            "price": "269.22",
            "revenue": 752360
        },
        "2022-02": {
            "month": "2022-02",
            "price": "275.70",
            "revenue": 647198
        },
        "2022-03": {
            "month": "2022-03",
            "price": "276.43",
            "revenue": 774124
        }
    }
}
