{
    "summary": {
        "stock_name": "商之器",
        "stock_id": "8409",
        "category": "生技醫療",
        "main_business": "智慧醫療<br>行動醫療",
        "website_url": "http://www.ebmtech.com",
        "ceo": "盤龍",
        "pe_ratio": -51,
        "report_year_from": 2009,
        "report_year_to": 2023,
        "age": 15,
        "eps_negative_percentage": 91,
        "eps_growth_avg": {
            "last_all": -100,
            "last_2y": -100,
            "last_4y": -100,
            "last_8y": -100,
            "last_12y": null,
            "last_16y": null,
            "last_20y": null,
            "at_2006_last_3y": null,
            "at_2007_last_3y": null,
            "at_2008_last_3y": null,
            "at_2009_last_3y": null,
            "at_2010_last_3y": null,
            "at_2011_last_3y": null,
            "at_2012_last_3y": null,
            "at_2013_last_3y": null,
            "at_2014_last_3y": null,
            "at_2015_last_3y": null,
            "at_2016_last_3y": null,
            "at_2017_last_3y": null,
            "at_2018_last_3y": null,
            "at_2019_last_3y": null,
            "at_2020_last_3y": null,
            "at_2021_last_3y": null,
            "at_2022_last_3y": null,
            "at_2023_last_3y": -100,
            "at_2024_last_3y": -100,
            "at_2006_last_all": null,
            "at_2007_last_all": null,
            "at_2008_last_all": null,
            "at_2009_last_all": null,
            "at_2010_last_all": null,
            "at_2011_last_all": null,
            "at_2012_last_all": null,
            "at_2013_last_all": null,
            "at_2014_last_all": null,
            "at_2015_last_all": null,
            "at_2016_last_all": null,
            "at_2017_last_all": null,
            "at_2018_last_all": null,
            "at_2019_last_all": null,
            "at_2020_last_all": null,
            "at_2021_last_all": null,
            "at_2022_last_all": null,
            "at_2023_last_all": -100,
            "at_2024_last_all": -100
        },
        "latest_eps": -0.44,
        "latest_price": 22.35,
        "latest_roe": -4.47,
        "latest_gross_margin": 79.63,
        "latest_equity": 306657,
        "latest_revenue": 97347,
        "latest_gross_profit": 77514,
        "latest_net_income": 32703,
        "latest_debt_ratio": 36.93,
        "latest_current_ratio": 138.33,
        "latest_account_receivable_turnover_ratio": 2.62,
        "latest_inventory_turnover_ratio": 7.43,
        "latest_reinvestment_rate": null,
        "latest_research_to_sale_ratio": 15.15
    },
    "eps_dividends": {
        "2001": {
            "cash": 0,
            "stock": 0,
            "eps": 0
        },
        "2002": {
            "cash": 0,
            "stock": 0,
            "eps": 0
        },
        "2003": {
            "cash": 0,
            "stock": 0,
            "eps": 0
        },
        "2004": {
            "cash": 0,
            "stock": 0,
            "eps": 0
        },
        "2005": {
            "cash": 0,
            "stock": 0,
            "eps": 0
        },
        "2006": {
            "cash": 0,
            "stock": 0,
            "eps": 0
        },
        "2007": {
            "cash": 0,
            "stock": 0,
            "eps": 0
        },
        "2008": {
            "cash": 0,
            "stock": 0,
            "eps": 0
        },
        "2009": {
            "cash": 0,
            "stock": 0,
            "eps": 0
        },
        "2010": {
            "cash": 0,
            "stock": 0,
            "eps": 0
        },
        "2011": {
            "cash": 0.2,
            "stock": 0,
            "eps": 0
        },
        "2012": {
            "cash": 0.2,
            "stock": 0.2,
            "eps": 0
        },
        "2013": {
            "cash": 0,
            "stock": 0,
            "eps": -0.1
        },
        "2014": {
            "cash": 0,
            "stock": 0,
            "eps": -2.9
        },
        "2015": {
            "cash": 0,
            "stock": 0,
            "eps": -0.21
        },
        "2016": {
            "cash": 0,
            "stock": 0,
            "eps": -2.18
        },
        "2017": {
            "cash": 0,
            "stock": 0,
            "eps": -1.51
        },
        "2018": {
            "cash": 0,
            "stock": 0,
            "eps": -0.37
        },
        "2019": {
            "cash": 0,
            "stock": 0,
            "eps": -0.51
        },
        "2020": {
            "cash": 0,
            "stock": 0,
            "eps": -1.07
        },
        "2021": {
            "cash": 0,
            "stock": 0,
            "eps": -0.84
        },
        "2022": {
            "cash": 0,
            "stock": 0,
            "eps": 0.13
        },
        "2023": {
            "cash": 0,
            "stock": 0,
            "eps": -0.44
        }
    },
    "dividends": {
        "2011-04-12": {
            "cash": 0.2,
            "stock": 0
        },
        "2012-06-19": {
            "cash": 0.2,
            "stock": 0.2
        }
    },
    "prices": {
        "200101": "無",
        "200102": "無",
        "200103": "無",
        "200104": "無",
        "200105": "無",
        "200106": "無",
        "200107": "無",
        "200108": "無",
        "200109": "無",
        "200110": "無",
        "200111": "無",
        "200112": "無",
        "200201": "無",
        "200202": "無",
        "200203": "無",
        "200204": "無",
        "200205": "無",
        "200206": "無",
        "200207": "無",
        "200208": "無",
        "200209": "無",
        "200210": "無",
        "200211": "無",
        "200212": "無",
        "200301": "無",
        "200302": "無",
        "200303": "無",
        "200304": "無",
        "200305": "無",
        "200306": "無",
        "200307": "無",
        "200308": "無",
        "200309": "無",
        "200310": "無",
        "200311": "無",
        "200312": "無",
        "200401": "無",
        "200402": "無",
        "200403": "無",
        "200404": "無",
        "200405": "無",
        "200406": "無",
        "200407": "無",
        "200408": "無",
        "200409": "無",
        "200410": "無",
        "200411": "無",
        "200412": "無",
        "200501": "無",
        "200502": "無",
        "200503": "無",
        "200504": "無",
        "200505": "無",
        "200506": "無",
        "200507": "無",
        "200508": "無",
        "200509": "無",
        "200510": "無",
        "200511": "無",
        "200512": "無",
        "200601": "無",
        "200602": "無",
        "200603": "無",
        "200604": "無",
        "200605": "無",
        "200606": "無",
        "200607": "無",
        "200608": "無",
        "200609": "無",
        "200610": "無",
        "200611": "無",
        "200612": "無",
        "200701": "無",
        "200702": "無",
        "200703": "無",
        "200704": "無",
        "200705": "無",
        "200706": "無",
        "200707": "無",
        "200708": "無",
        "200709": "無",
        "200710": "無",
        "200711": "無",
        "200712": "無",
        "200801": "無",
        "200802": "無",
        "200803": "無",
        "200804": "無",
        "200805": "無",
        "200806": "無",
        "200807": "無",
        "200808": "無",
        "200809": "無",
        "200810": "無",
        "200811": "無",
        "200812": "無",
        "200901": "無",
        "200902": "無",
        "200903": "無",
        "200904": "無",
        "200905": "無",
        "200906": "無",
        "200907": "無",
        "200908": "無",
        "200909": "無",
        "200910": "無",
        "200911": "無",
        "200912": "無",
        "201001": "無",
        "201002": "無",
        "201003": "無",
        "201004": "39.51",
        "201005": "36.10",
        "201006": "34.47",
        "201007": "33.96",
        "201008": "33.98",
        "201009": "33.51",
        "201010": "33.23",
        "201011": "33.24",
        "201012": "33.09",
        "201101": "32.53",
        "201102": "32.79",
        "201103": "29.68",
        "201104": "31.20",
        "201105": "31.52",
        "201106": "30.30",
        "201107": "28.85",
        "201108": "25.26",
        "201109": "20.79",
        "201110": "19.70",
        "201111": "19.57",
        "201112": "21.75",
        "201201": "22.88",
        "201202": "23.73",
        "201203": "23.84",
        "201204": "23.78",
        "201205": "24.52",
        "201206": "24.25",
        "201207": "22.72",
        "201208": "22.75",
        "201209": "22.60",
        "201210": "21.74",
        "201211": "21.51",
        "201212": "20.07",
        "201301": "19.12",
        "201302": "19.22",
        "201303": "19.16",
        "201304": "19.20",
        "201305": "20.81",
        "201306": "23.48",
        "201307": "22.07",
        "201308": "27.18",
        "201309": "29.18",
        "201310": "36.35",
        "201311": "36.41",
        "201312": "56.15",
        "201401": "66.15",
        "201402": "63.65",
        "201403": "64.03",
        "201404": "63.93",
        "201405": "63.56",
        "201406": "55.86",
        "201407": "55.53",
        "201408": "46.53",
        "201409": "45.38",
        "201410": "44.59",
        "201411": "39.36",
        "201412": "40.27",
        "201501": "39.59",
        "201502": "38.76",
        "201503": "37.18",
        "201504": "33.02",
        "201505": "28.17",
        "201506": "25.47",
        "201507": "26.48",
        "201508": "23.90",
        "201509": "23.43",
        "201510": "27.83",
        "201511": "33.37",
        "201512": "31.68",
        "201601": "30.09",
        "201602": "29.18",
        "201603": "31.21",
        "201604": "30.52",
        "201605": "28.54",
        "201606": "26.71",
        "201607": "27.70",
        "201608": "25.85",
        "201609": "24.86",
        "201610": "23.42",
        "201611": "22.00",
        "201612": "23.07",
        "201701": "23.35",
        "201702": "23.18",
        "201703": "22.45",
        "201704": "20.79",
        "201705": "19.88",
        "201706": "19.46",
        "201707": "18.68",
        "201708": "16.93",
        "201709": "16.62",
        "201710": "15.68",
        "201711": "15.27",
        "201712": "15.04",
        "201801": "15.36",
        "201802": "15.33",
        "201803": "17.78",
        "201804": "20.38",
        "201805": "17.47",
        "201806": "17.42",
        "201807": "16.68",
        "201808": "15.93",
        "201809": "16.16",
        "201810": "15.12",
        "201811": "15.14",
        "201812": "15.55",
        "201901": "16.83",
        "201902": "17.22",
        "201903": "17.04",
        "201904": "17.81",
        "201905": "17.28",
        "201906": "16.42",
        "201907": "16.53",
        "201908": "15.91",
        "201909": "15.26",
        "201910": "14.80",
        "201911": "14.60",
        "201912": "15.11",
        "202001": "14.95",
        "202002": "21.59",
        "202003": "16.97",
        "202004": "15.86",
        "202005": "18.26",
        "202006": "20.02",
        "202007": "21.60",
        "202008": "19.82",
        "202009": "19.36",
        "202010": "18.66",
        "202011": "18.03",
        "202012": "18.00",
        "202101": "19.23",
        "202102": "18.80",
        "202103": "18.60",
        "202104": "18.65",
        "202105": "18.72",
        "202106": "18.99",
        "202107": "19.25",
        "202108": "17.60",
        "202109": "16.83",
        "202110": "15.76",
        "202111": "15.76",
        "202112": "16.69",
        "202201": "17.39",
        "202202": "17.38",
        "202203": "16.57",
        "202204": "24.76",
        "202205": "24.04",
        "202206": "25.08",
        "202207": "22.25",
        "202208": "21.29",
        "202209": "21.08",
        "202210": "18.23",
        "202211": "18.39",
        "202212": "19.02",
        "202301": "18.94",
        "202302": "19.66",
        "202303": "20.88",
        "202304": "25.23",
        "202305": "23.05",
        "202306": "23.30",
        "202307": "26.48",
        "202308": "26.60",
        "202309": "26.31",
        "202310": "24.84",
        "202311": "25.95",
        "202312": "25.39"
    },
    "quarters": {
        "20011": {
            "year_quarter": 20011,
            "year": 2001,
            "quarter": 1,
            "eps": null,
            "eps_growth_year": null,
            "eps_4q": null,
            "eps_4q_growth_year": null,
            "roe": null,
            "roe_4q": 0,
            "gross_profit": null,
            "gross_margin": null,
            "gross_margin_4q_avg": 0,
            "net_income": null,
            "net_income_4q": null,
            "revenue": null,
            "revenue_4q": null,
            "common_shares": null,
            "book_valuer_per_share": null,
            "book_valuer_per_share_4q_avg": 0,
            "equity": null,
            "current_ratio": null,
            "debt_ratio": null,
            "inventory_turnover_ratio": null,
            "account_receivable_turnover_ratio": null,
            "reinvestment_rate": null,
            "research_to_sale_ratio": null,
            "price_fair": 0,
            "eps_avg_yearly": 0,
            "eps_latest_yearly": 0,
            "eps_growth_yearly": 0
        },
        "20012": {
            "year_quarter": 20012,
            "year": 2001,
            "quarter": 2,
            "eps": null,
            "eps_growth_year": null,
            "eps_4q": null,
            "eps_4q_growth_year": null,
            "roe": null,
            "roe_4q": 0,
            "gross_profit": null,
            "gross_margin": null,
            "gross_margin_4q_avg": 0,
            "net_income": null,
            "net_income_4q": null,
            "revenue": null,
            "revenue_4q": null,
            "common_shares": null,
            "book_valuer_per_share": null,
            "book_valuer_per_share_4q_avg": 0,
            "equity": null,
            "current_ratio": null,
            "debt_ratio": null,
            "inventory_turnover_ratio": null,
            "account_receivable_turnover_ratio": null,
            "reinvestment_rate": null,
            "research_to_sale_ratio": null,
            "price_fair": 0,
            "eps_avg_yearly": 0,
            "eps_latest_yearly": 0,
            "eps_growth_yearly": 0
        },
        "20013": {
            "year_quarter": 20013,
            "year": 2001,
            "quarter": 3,
            "eps": null,
            "eps_growth_year": null,
            "eps_4q": null,
            "eps_4q_growth_year": null,
            "roe": null,
            "roe_4q": 0,
            "gross_profit": null,
            "gross_margin": null,
            "gross_margin_4q_avg": 0,
            "net_income": null,
            "net_income_4q": null,
            "revenue": null,
            "revenue_4q": null,
            "common_shares": null,
            "book_valuer_per_share": null,
            "book_valuer_per_share_4q_avg": 0,
            "equity": null,
            "current_ratio": null,
            "debt_ratio": null,
            "inventory_turnover_ratio": null,
            "account_receivable_turnover_ratio": null,
            "reinvestment_rate": null,
            "research_to_sale_ratio": null,
            "price_fair": 0,
            "eps_avg_yearly": 0,
            "eps_latest_yearly": 0,
            "eps_growth_yearly": 0
        },
        "20014": {
            "year_quarter": 20014,
            "year": 2001,
            "quarter": 4,
            "eps": null,
            "eps_growth_year": null,
            "eps_4q": null,
            "eps_4q_growth_year": null,
            "roe": null,
            "roe_4q": 0,
            "gross_profit": null,
            "gross_margin": null,
            "gross_margin_4q_avg": 0,
            "net_income": null,
            "net_income_4q": null,
            "revenue": null,
            "revenue_4q": null,
            "common_shares": null,
            "book_valuer_per_share": null,
            "book_valuer_per_share_4q_avg": 0,
            "equity": null,
            "current_ratio": null,
            "debt_ratio": null,
            "inventory_turnover_ratio": null,
            "account_receivable_turnover_ratio": null,
            "reinvestment_rate": null,
            "research_to_sale_ratio": null,
            "price_fair": 0,
            "eps_avg_yearly": 0,
            "eps_latest_yearly": 0,
            "eps_growth_yearly": 0
        },
        "20021": {
            "year_quarter": 20021,
            "year": 2002,
            "quarter": 1,
            "eps": null,
            "eps_growth_year": null,
            "eps_4q": null,
            "eps_4q_growth_year": null,
            "roe": null,
            "roe_4q": 0,
            "gross_profit": null,
            "gross_margin": null,
            "gross_margin_4q_avg": 0,
            "net_income": null,
            "net_income_4q": null,
            "revenue": null,
            "revenue_4q": null,
            "common_shares": null,
            "book_valuer_per_share": null,
            "book_valuer_per_share_4q_avg": 0,
            "equity": null,
            "current_ratio": null,
            "debt_ratio": null,
            "inventory_turnover_ratio": null,
            "account_receivable_turnover_ratio": null,
            "reinvestment_rate": null,
            "research_to_sale_ratio": null,
            "price_fair": 0,
            "eps_avg_yearly": 0,
            "eps_latest_yearly": 0,
            "eps_growth_yearly": 0
        },
        "20022": {
            "year_quarter": 20022,
            "year": 2002,
            "quarter": 2,
            "eps": null,
            "eps_growth_year": null,
            "eps_4q": null,
            "eps_4q_growth_year": null,
            "roe": null,
            "roe_4q": 0,
            "gross_profit": null,
            "gross_margin": null,
            "gross_margin_4q_avg": 0,
            "net_income": null,
            "net_income_4q": null,
            "revenue": null,
            "revenue_4q": null,
            "common_shares": null,
            "book_valuer_per_share": null,
            "book_valuer_per_share_4q_avg": 0,
            "equity": null,
            "current_ratio": null,
            "debt_ratio": null,
            "inventory_turnover_ratio": null,
            "account_receivable_turnover_ratio": null,
            "reinvestment_rate": null,
            "research_to_sale_ratio": null,
            "price_fair": 0,
            "eps_avg_yearly": 0,
            "eps_latest_yearly": 0,
            "eps_growth_yearly": 0
        },
        "20023": {
            "year_quarter": 20023,
            "year": 2002,
            "quarter": 3,
            "eps": null,
            "eps_growth_year": null,
            "eps_4q": null,
            "eps_4q_growth_year": null,
            "roe": null,
            "roe_4q": 0,
            "gross_profit": null,
            "gross_margin": null,
            "gross_margin_4q_avg": 0,
            "net_income": null,
            "net_income_4q": null,
            "revenue": null,
            "revenue_4q": null,
            "common_shares": null,
            "book_valuer_per_share": null,
            "book_valuer_per_share_4q_avg": 0,
            "equity": null,
            "current_ratio": null,
            "debt_ratio": null,
            "inventory_turnover_ratio": null,
            "account_receivable_turnover_ratio": null,
            "reinvestment_rate": null,
            "research_to_sale_ratio": null,
            "price_fair": 0,
            "eps_avg_yearly": 0,
            "eps_latest_yearly": 0,
            "eps_growth_yearly": 0
        },
        "20024": {
            "year_quarter": 20024,
            "year": 2002,
            "quarter": 4,
            "eps": null,
            "eps_growth_year": null,
            "eps_4q": null,
            "eps_4q_growth_year": null,
            "roe": null,
            "roe_4q": 0,
            "gross_profit": null,
            "gross_margin": null,
            "gross_margin_4q_avg": 0,
            "net_income": null,
            "net_income_4q": null,
            "revenue": null,
            "revenue_4q": null,
            "common_shares": null,
            "book_valuer_per_share": null,
            "book_valuer_per_share_4q_avg": 0,
            "equity": null,
            "current_ratio": null,
            "debt_ratio": null,
            "inventory_turnover_ratio": null,
            "account_receivable_turnover_ratio": null,
            "reinvestment_rate": null,
            "research_to_sale_ratio": null,
            "price_fair": 0,
            "eps_avg_yearly": 0,
            "eps_latest_yearly": 0,
            "eps_growth_yearly": 0
        },
        "20031": {
            "year_quarter": 20031,
            "year": 2003,
            "quarter": 1,
            "eps": null,
            "eps_growth_year": null,
            "eps_4q": null,
            "eps_4q_growth_year": null,
            "roe": null,
            "roe_4q": 0,
            "gross_profit": null,
            "gross_margin": null,
            "gross_margin_4q_avg": 0,
            "net_income": null,
            "net_income_4q": null,
            "revenue": null,
            "revenue_4q": null,
            "common_shares": null,
            "book_valuer_per_share": null,
            "book_valuer_per_share_4q_avg": 0,
            "equity": null,
            "current_ratio": null,
            "debt_ratio": null,
            "inventory_turnover_ratio": null,
            "account_receivable_turnover_ratio": null,
            "reinvestment_rate": null,
            "research_to_sale_ratio": null,
            "price_fair": 0,
            "eps_avg_yearly": 0,
            "eps_latest_yearly": 0,
            "eps_growth_yearly": 0
        },
        "20032": {
            "year_quarter": 20032,
            "year": 2003,
            "quarter": 2,
            "eps": null,
            "eps_growth_year": null,
            "eps_4q": null,
            "eps_4q_growth_year": null,
            "roe": null,
            "roe_4q": 0,
            "gross_profit": null,
            "gross_margin": null,
            "gross_margin_4q_avg": 0,
            "net_income": null,
            "net_income_4q": null,
            "revenue": null,
            "revenue_4q": null,
            "common_shares": null,
            "book_valuer_per_share": null,
            "book_valuer_per_share_4q_avg": 0,
            "equity": null,
            "current_ratio": null,
            "debt_ratio": null,
            "inventory_turnover_ratio": null,
            "account_receivable_turnover_ratio": null,
            "reinvestment_rate": null,
            "research_to_sale_ratio": null,
            "price_fair": 0,
            "eps_avg_yearly": 0,
            "eps_latest_yearly": 0,
            "eps_growth_yearly": 0
        },
        "20033": {
            "year_quarter": 20033,
            "year": 2003,
            "quarter": 3,
            "eps": null,
            "eps_growth_year": null,
            "eps_4q": null,
            "eps_4q_growth_year": null,
            "roe": null,
            "roe_4q": 0,
            "gross_profit": null,
            "gross_margin": null,
            "gross_margin_4q_avg": 0,
            "net_income": null,
            "net_income_4q": null,
            "revenue": null,
            "revenue_4q": null,
            "common_shares": null,
            "book_valuer_per_share": null,
            "book_valuer_per_share_4q_avg": 0,
            "equity": null,
            "current_ratio": null,
            "debt_ratio": null,
            "inventory_turnover_ratio": null,
            "account_receivable_turnover_ratio": null,
            "reinvestment_rate": null,
            "research_to_sale_ratio": null,
            "price_fair": 0,
            "eps_avg_yearly": 0,
            "eps_latest_yearly": 0,
            "eps_growth_yearly": 0
        },
        "20034": {
            "year_quarter": 20034,
            "year": 2003,
            "quarter": 4,
            "eps": null,
            "eps_growth_year": null,
            "eps_4q": null,
            "eps_4q_growth_year": null,
            "roe": null,
            "roe_4q": 0,
            "gross_profit": null,
            "gross_margin": null,
            "gross_margin_4q_avg": 0,
            "net_income": null,
            "net_income_4q": null,
            "revenue": null,
            "revenue_4q": null,
            "common_shares": null,
            "book_valuer_per_share": null,
            "book_valuer_per_share_4q_avg": 0,
            "equity": null,
            "current_ratio": null,
            "debt_ratio": null,
            "inventory_turnover_ratio": null,
            "account_receivable_turnover_ratio": null,
            "reinvestment_rate": null,
            "research_to_sale_ratio": null,
            "price_fair": 0,
            "eps_avg_yearly": 0,
            "eps_latest_yearly": 0,
            "eps_growth_yearly": 0
        },
        "20041": {
            "year_quarter": 20041,
            "year": 2004,
            "quarter": 1,
            "eps": null,
            "eps_growth_year": null,
            "eps_4q": null,
            "eps_4q_growth_year": null,
            "roe": null,
            "roe_4q": 0,
            "gross_profit": null,
            "gross_margin": null,
            "gross_margin_4q_avg": 0,
            "net_income": null,
            "net_income_4q": null,
            "revenue": null,
            "revenue_4q": null,
            "common_shares": null,
            "book_valuer_per_share": null,
            "book_valuer_per_share_4q_avg": 0,
            "equity": null,
            "current_ratio": null,
            "debt_ratio": null,
            "inventory_turnover_ratio": null,
            "account_receivable_turnover_ratio": null,
            "reinvestment_rate": null,
            "research_to_sale_ratio": null,
            "price_fair": 0,
            "eps_avg_yearly": 0,
            "eps_latest_yearly": 0,
            "eps_growth_yearly": 0
        },
        "20042": {
            "year_quarter": 20042,
            "year": 2004,
            "quarter": 2,
            "eps": null,
            "eps_growth_year": null,
            "eps_4q": null,
            "eps_4q_growth_year": null,
            "roe": null,
            "roe_4q": 0,
            "gross_profit": null,
            "gross_margin": null,
            "gross_margin_4q_avg": 0,
            "net_income": null,
            "net_income_4q": null,
            "revenue": null,
            "revenue_4q": null,
            "common_shares": null,
            "book_valuer_per_share": null,
            "book_valuer_per_share_4q_avg": 0,
            "equity": null,
            "current_ratio": null,
            "debt_ratio": null,
            "inventory_turnover_ratio": null,
            "account_receivable_turnover_ratio": null,
            "reinvestment_rate": null,
            "research_to_sale_ratio": null,
            "price_fair": 0,
            "eps_avg_yearly": 0,
            "eps_latest_yearly": 0,
            "eps_growth_yearly": 0
        },
        "20043": {
            "year_quarter": 20043,
            "year": 2004,
            "quarter": 3,
            "eps": null,
            "eps_growth_year": null,
            "eps_4q": null,
            "eps_4q_growth_year": null,
            "roe": null,
            "roe_4q": 0,
            "gross_profit": null,
            "gross_margin": null,
            "gross_margin_4q_avg": 0,
            "net_income": null,
            "net_income_4q": null,
            "revenue": null,
            "revenue_4q": null,
            "common_shares": null,
            "book_valuer_per_share": null,
            "book_valuer_per_share_4q_avg": 0,
            "equity": null,
            "current_ratio": null,
            "debt_ratio": null,
            "inventory_turnover_ratio": null,
            "account_receivable_turnover_ratio": null,
            "reinvestment_rate": null,
            "research_to_sale_ratio": null,
            "price_fair": 0,
            "eps_avg_yearly": 0,
            "eps_latest_yearly": 0,
            "eps_growth_yearly": 0
        },
        "20044": {
            "year_quarter": 20044,
            "year": 2004,
            "quarter": 4,
            "eps": null,
            "eps_growth_year": null,
            "eps_4q": null,
            "eps_4q_growth_year": null,
            "roe": null,
            "roe_4q": 0,
            "gross_profit": null,
            "gross_margin": null,
            "gross_margin_4q_avg": 0,
            "net_income": null,
            "net_income_4q": null,
            "revenue": null,
            "revenue_4q": null,
            "common_shares": 99574,
            "book_valuer_per_share": 13.73,
            "book_valuer_per_share_4q_avg": 3.43,
            "equity": 136712,
            "current_ratio": 145.8,
            "debt_ratio": 60.14,
            "inventory_turnover_ratio": null,
            "account_receivable_turnover_ratio": null,
            "reinvestment_rate": null,
            "research_to_sale_ratio": null,
            "price_fair": 0,
            "eps_avg_yearly": 0,
            "eps_latest_yearly": 0,
            "eps_growth_yearly": 0
        },
        "20051": {
            "year_quarter": 20051,
            "year": 2005,
            "quarter": 1,
            "eps": null,
            "eps_growth_year": null,
            "eps_4q": null,
            "eps_4q_growth_year": null,
            "roe": null,
            "roe_4q": 0,
            "gross_profit": null,
            "gross_margin": null,
            "gross_margin_4q_avg": 0,
            "net_income": null,
            "net_income_4q": null,
            "revenue": null,
            "revenue_4q": null,
            "common_shares": null,
            "book_valuer_per_share": null,
            "book_valuer_per_share_4q_avg": 3.43,
            "equity": null,
            "current_ratio": null,
            "debt_ratio": null,
            "inventory_turnover_ratio": null,
            "account_receivable_turnover_ratio": null,
            "reinvestment_rate": null,
            "research_to_sale_ratio": null,
            "price_fair": 0,
            "eps_avg_yearly": 0,
            "eps_latest_yearly": 0,
            "eps_growth_yearly": 0
        },
        "20052": {
            "year_quarter": 20052,
            "year": 2005,
            "quarter": 2,
            "eps": null,
            "eps_growth_year": null,
            "eps_4q": null,
            "eps_4q_growth_year": null,
            "roe": null,
            "roe_4q": 0,
            "gross_profit": null,
            "gross_margin": null,
            "gross_margin_4q_avg": 0,
            "net_income": null,
            "net_income_4q": null,
            "revenue": null,
            "revenue_4q": null,
            "common_shares": null,
            "book_valuer_per_share": null,
            "book_valuer_per_share_4q_avg": 3.43,
            "equity": null,
            "current_ratio": null,
            "debt_ratio": null,
            "inventory_turnover_ratio": null,
            "account_receivable_turnover_ratio": null,
            "reinvestment_rate": null,
            "research_to_sale_ratio": null,
            "price_fair": 0,
            "eps_avg_yearly": 0,
            "eps_latest_yearly": 0,
            "eps_growth_yearly": 0
        },
        "20053": {
            "year_quarter": 20053,
            "year": 2005,
            "quarter": 3,
            "eps": null,
            "eps_growth_year": null,
            "eps_4q": null,
            "eps_4q_growth_year": null,
            "roe": null,
            "roe_4q": 0,
            "gross_profit": null,
            "gross_margin": null,
            "gross_margin_4q_avg": 0,
            "net_income": null,
            "net_income_4q": null,
            "revenue": null,
            "revenue_4q": null,
            "common_shares": null,
            "book_valuer_per_share": null,
            "book_valuer_per_share_4q_avg": 3.43,
            "equity": null,
            "current_ratio": null,
            "debt_ratio": null,
            "inventory_turnover_ratio": null,
            "account_receivable_turnover_ratio": null,
            "reinvestment_rate": null,
            "research_to_sale_ratio": null,
            "price_fair": 0,
            "eps_avg_yearly": 0,
            "eps_latest_yearly": 0,
            "eps_growth_yearly": 0
        },
        "20054": {
            "year_quarter": 20054,
            "year": 2005,
            "quarter": 4,
            "eps": null,
            "eps_growth_year": null,
            "eps_4q": null,
            "eps_4q_growth_year": null,
            "roe": null,
            "roe_4q": 0,
            "gross_profit": null,
            "gross_margin": null,
            "gross_margin_4q_avg": 0,
            "net_income": null,
            "net_income_4q": null,
            "revenue": null,
            "revenue_4q": null,
            "common_shares": 120000,
            "book_valuer_per_share": 9.14,
            "book_valuer_per_share_4q_avg": 2.29,
            "equity": 109701,
            "current_ratio": 84.98,
            "debt_ratio": 65.27,
            "inventory_turnover_ratio": null,
            "account_receivable_turnover_ratio": null,
            "reinvestment_rate": null,
            "research_to_sale_ratio": null,
            "price_fair": 0,
            "eps_avg_yearly": 0,
            "eps_latest_yearly": 0,
            "eps_growth_yearly": 0
        },
        "20061": {
            "year_quarter": 20061,
            "year": 2006,
            "quarter": 1,
            "eps": null,
            "eps_growth_year": null,
            "eps_4q": null,
            "eps_4q_growth_year": null,
            "roe": null,
            "roe_4q": 0,
            "gross_profit": null,
            "gross_margin": null,
            "gross_margin_4q_avg": 0,
            "net_income": null,
            "net_income_4q": null,
            "revenue": null,
            "revenue_4q": null,
            "common_shares": null,
            "book_valuer_per_share": null,
            "book_valuer_per_share_4q_avg": 2.29,
            "equity": null,
            "current_ratio": null,
            "debt_ratio": null,
            "inventory_turnover_ratio": null,
            "account_receivable_turnover_ratio": null,
            "reinvestment_rate": null,
            "research_to_sale_ratio": null,
            "price_fair": 0,
            "eps_avg_yearly": 0,
            "eps_latest_yearly": 0,
            "eps_growth_yearly": 0
        },
        "20062": {
            "year_quarter": 20062,
            "year": 2006,
            "quarter": 2,
            "eps": null,
            "eps_growth_year": null,
            "eps_4q": null,
            "eps_4q_growth_year": null,
            "roe": null,
            "roe_4q": 0,
            "gross_profit": null,
            "gross_margin": null,
            "gross_margin_4q_avg": 0,
            "net_income": null,
            "net_income_4q": null,
            "revenue": null,
            "revenue_4q": null,
            "common_shares": null,
            "book_valuer_per_share": null,
            "book_valuer_per_share_4q_avg": 2.29,
            "equity": null,
            "current_ratio": null,
            "debt_ratio": null,
            "inventory_turnover_ratio": null,
            "account_receivable_turnover_ratio": null,
            "reinvestment_rate": null,
            "research_to_sale_ratio": null,
            "price_fair": 0,
            "eps_avg_yearly": 0,
            "eps_latest_yearly": 0,
            "eps_growth_yearly": 0
        },
        "20063": {
            "year_quarter": 20063,
            "year": 2006,
            "quarter": 3,
            "eps": null,
            "eps_growth_year": null,
            "eps_4q": null,
            "eps_4q_growth_year": null,
            "roe": null,
            "roe_4q": 0,
            "gross_profit": null,
            "gross_margin": null,
            "gross_margin_4q_avg": 0,
            "net_income": null,
            "net_income_4q": null,
            "revenue": null,
            "revenue_4q": null,
            "common_shares": null,
            "book_valuer_per_share": null,
            "book_valuer_per_share_4q_avg": 2.29,
            "equity": null,
            "current_ratio": null,
            "debt_ratio": null,
            "inventory_turnover_ratio": null,
            "account_receivable_turnover_ratio": null,
            "reinvestment_rate": null,
            "research_to_sale_ratio": null,
            "price_fair": 0,
            "eps_avg_yearly": 0,
            "eps_latest_yearly": 0,
            "eps_growth_yearly": 0
        },
        "20064": {
            "year_quarter": 20064,
            "year": 2006,
            "quarter": 4,
            "eps": null,
            "eps_growth_year": null,
            "eps_4q": null,
            "eps_4q_growth_year": null,
            "roe": null,
            "roe_4q": 0,
            "gross_profit": null,
            "gross_margin": null,
            "gross_margin_4q_avg": 0,
            "net_income": null,
            "net_income_4q": null,
            "revenue": null,
            "revenue_4q": null,
            "common_shares": 120000,
            "book_valuer_per_share": 9.23,
            "book_valuer_per_share_4q_avg": 2.31,
            "equity": 110763,
            "current_ratio": 95.36,
            "debt_ratio": 70.24,
            "inventory_turnover_ratio": null,
            "account_receivable_turnover_ratio": null,
            "reinvestment_rate": null,
            "research_to_sale_ratio": null,
            "price_fair": 0,
            "eps_avg_yearly": 0,
            "eps_latest_yearly": 0,
            "eps_growth_yearly": 0
        },
        "20071": {
            "year_quarter": 20071,
            "year": 2007,
            "quarter": 1,
            "eps": null,
            "eps_growth_year": null,
            "eps_4q": null,
            "eps_4q_growth_year": null,
            "roe": null,
            "roe_4q": 0,
            "gross_profit": null,
            "gross_margin": null,
            "gross_margin_4q_avg": 0,
            "net_income": null,
            "net_income_4q": null,
            "revenue": null,
            "revenue_4q": null,
            "common_shares": null,
            "book_valuer_per_share": null,
            "book_valuer_per_share_4q_avg": 2.31,
            "equity": null,
            "current_ratio": null,
            "debt_ratio": null,
            "inventory_turnover_ratio": null,
            "account_receivable_turnover_ratio": null,
            "reinvestment_rate": null,
            "research_to_sale_ratio": null,
            "price_fair": 0,
            "eps_avg_yearly": 0,
            "eps_latest_yearly": 0,
            "eps_growth_yearly": 0
        },
        "20072": {
            "year_quarter": 20072,
            "year": 2007,
            "quarter": 2,
            "eps": null,
            "eps_growth_year": null,
            "eps_4q": null,
            "eps_4q_growth_year": null,
            "roe": null,
            "roe_4q": 0,
            "gross_profit": null,
            "gross_margin": null,
            "gross_margin_4q_avg": 0,
            "net_income": null,
            "net_income_4q": null,
            "revenue": null,
            "revenue_4q": null,
            "common_shares": null,
            "book_valuer_per_share": null,
            "book_valuer_per_share_4q_avg": 2.31,
            "equity": null,
            "current_ratio": null,
            "debt_ratio": null,
            "inventory_turnover_ratio": null,
            "account_receivable_turnover_ratio": null,
            "reinvestment_rate": null,
            "research_to_sale_ratio": null,
            "price_fair": 0,
            "eps_avg_yearly": 0,
            "eps_latest_yearly": 0,
            "eps_growth_yearly": 0
        },
        "20073": {
            "year_quarter": 20073,
            "year": 2007,
            "quarter": 3,
            "eps": null,
            "eps_growth_year": null,
            "eps_4q": null,
            "eps_4q_growth_year": null,
            "roe": null,
            "roe_4q": 0,
            "gross_profit": null,
            "gross_margin": null,
            "gross_margin_4q_avg": 0,
            "net_income": null,
            "net_income_4q": null,
            "revenue": null,
            "revenue_4q": null,
            "common_shares": null,
            "book_valuer_per_share": null,
            "book_valuer_per_share_4q_avg": 2.31,
            "equity": null,
            "current_ratio": null,
            "debt_ratio": null,
            "inventory_turnover_ratio": null,
            "account_receivable_turnover_ratio": null,
            "reinvestment_rate": null,
            "research_to_sale_ratio": null,
            "price_fair": 0,
            "eps_avg_yearly": 0,
            "eps_latest_yearly": 0,
            "eps_growth_yearly": 0
        },
        "20074": {
            "year_quarter": 20074,
            "year": 2007,
            "quarter": 4,
            "eps": null,
            "eps_growth_year": null,
            "eps_4q": null,
            "eps_4q_growth_year": null,
            "roe": null,
            "roe_4q": 0,
            "gross_profit": null,
            "gross_margin": null,
            "gross_margin_4q_avg": 0,
            "net_income": null,
            "net_income_4q": null,
            "revenue": null,
            "revenue_4q": null,
            "common_shares": 120000,
            "book_valuer_per_share": 7.25,
            "book_valuer_per_share_4q_avg": 1.81,
            "equity": 86951,
            "current_ratio": 92.32,
            "debt_ratio": 76.72,
            "inventory_turnover_ratio": null,
            "account_receivable_turnover_ratio": null,
            "reinvestment_rate": null,
            "research_to_sale_ratio": null,
            "price_fair": 0,
            "eps_avg_yearly": 0,
            "eps_latest_yearly": 0,
            "eps_growth_yearly": 0
        },
        "20081": {
            "year_quarter": 20081,
            "year": 2008,
            "quarter": 1,
            "eps": null,
            "eps_growth_year": null,
            "eps_4q": null,
            "eps_4q_growth_year": null,
            "roe": null,
            "roe_4q": 0,
            "gross_profit": null,
            "gross_margin": null,
            "gross_margin_4q_avg": 0,
            "net_income": null,
            "net_income_4q": null,
            "revenue": null,
            "revenue_4q": null,
            "common_shares": null,
            "book_valuer_per_share": null,
            "book_valuer_per_share_4q_avg": 1.81,
            "equity": null,
            "current_ratio": null,
            "debt_ratio": null,
            "inventory_turnover_ratio": null,
            "account_receivable_turnover_ratio": null,
            "reinvestment_rate": null,
            "research_to_sale_ratio": null,
            "price_fair": 0,
            "eps_avg_yearly": 0,
            "eps_latest_yearly": 0,
            "eps_growth_yearly": 0
        },
        "20082": {
            "year_quarter": 20082,
            "year": 2008,
            "quarter": 2,
            "eps": null,
            "eps_growth_year": null,
            "eps_4q": null,
            "eps_4q_growth_year": null,
            "roe": null,
            "roe_4q": 0,
            "gross_profit": null,
            "gross_margin": null,
            "gross_margin_4q_avg": 0,
            "net_income": null,
            "net_income_4q": null,
            "revenue": null,
            "revenue_4q": null,
            "common_shares": null,
            "book_valuer_per_share": null,
            "book_valuer_per_share_4q_avg": 1.81,
            "equity": null,
            "current_ratio": null,
            "debt_ratio": null,
            "inventory_turnover_ratio": null,
            "account_receivable_turnover_ratio": null,
            "reinvestment_rate": null,
            "research_to_sale_ratio": null,
            "price_fair": 0,
            "eps_avg_yearly": 0,
            "eps_latest_yearly": 0,
            "eps_growth_yearly": 0
        },
        "20083": {
            "year_quarter": 20083,
            "year": 2008,
            "quarter": 3,
            "eps": null,
            "eps_growth_year": null,
            "eps_4q": null,
            "eps_4q_growth_year": null,
            "roe": null,
            "roe_4q": 0,
            "gross_profit": null,
            "gross_margin": null,
            "gross_margin_4q_avg": 0,
            "net_income": null,
            "net_income_4q": null,
            "revenue": null,
            "revenue_4q": null,
            "common_shares": null,
            "book_valuer_per_share": null,
            "book_valuer_per_share_4q_avg": 1.81,
            "equity": null,
            "current_ratio": null,
            "debt_ratio": null,
            "inventory_turnover_ratio": null,
            "account_receivable_turnover_ratio": null,
            "reinvestment_rate": null,
            "research_to_sale_ratio": null,
            "price_fair": 0,
            "eps_avg_yearly": 0,
            "eps_latest_yearly": 0,
            "eps_growth_yearly": 0
        },
        "20084": {
            "year_quarter": 20084,
            "year": 2008,
            "quarter": 4,
            "eps": null,
            "eps_growth_year": null,
            "eps_4q": null,
            "eps_4q_growth_year": null,
            "roe": null,
            "roe_4q": 0,
            "gross_profit": null,
            "gross_margin": null,
            "gross_margin_4q_avg": 0,
            "net_income": null,
            "net_income_4q": null,
            "revenue": null,
            "revenue_4q": null,
            "common_shares": 152000,
            "book_valuer_per_share": 8.87,
            "book_valuer_per_share_4q_avg": 2.22,
            "equity": 134769,
            "current_ratio": 112.1,
            "debt_ratio": 61.29,
            "inventory_turnover_ratio": null,
            "account_receivable_turnover_ratio": null,
            "reinvestment_rate": null,
            "research_to_sale_ratio": null,
            "price_fair": 0,
            "eps_avg_yearly": 0,
            "eps_latest_yearly": 0,
            "eps_growth_yearly": 0
        },
        "20091": {
            "year_quarter": 20091,
            "year": 2009,
            "quarter": 1,
            "eps": null,
            "eps_growth_year": null,
            "eps_4q": null,
            "eps_4q_growth_year": null,
            "roe": null,
            "roe_4q": 0,
            "gross_profit": null,
            "gross_margin": null,
            "gross_margin_4q_avg": 0,
            "net_income": null,
            "net_income_4q": null,
            "revenue": null,
            "revenue_4q": null,
            "common_shares": null,
            "book_valuer_per_share": null,
            "book_valuer_per_share_4q_avg": 2.22,
            "equity": null,
            "current_ratio": null,
            "debt_ratio": null,
            "inventory_turnover_ratio": null,
            "account_receivable_turnover_ratio": null,
            "reinvestment_rate": null,
            "research_to_sale_ratio": null,
            "price_fair": 0,
            "eps_avg_yearly": 0,
            "eps_latest_yearly": 0,
            "eps_growth_yearly": 0
        },
        "20092": {
            "year_quarter": 20092,
            "year": 2009,
            "quarter": 2,
            "eps": null,
            "eps_growth_year": null,
            "eps_4q": null,
            "eps_4q_growth_year": null,
            "roe": null,
            "roe_4q": 0,
            "gross_profit": null,
            "gross_margin": null,
            "gross_margin_4q_avg": 0,
            "net_income": null,
            "net_income_4q": null,
            "revenue": null,
            "revenue_4q": null,
            "common_shares": 152000,
            "book_valuer_per_share": null,
            "book_valuer_per_share_4q_avg": 2.22,
            "equity": 116266,
            "current_ratio": null,
            "debt_ratio": null,
            "inventory_turnover_ratio": null,
            "account_receivable_turnover_ratio": null,
            "reinvestment_rate": null,
            "research_to_sale_ratio": null,
            "price_fair": 0,
            "eps_avg_yearly": 0,
            "eps_latest_yearly": 0,
            "eps_growth_yearly": 0
        },
        "20093": {
            "year_quarter": 20093,
            "year": 2009,
            "quarter": 3,
            "eps": null,
            "eps_growth_year": null,
            "eps_4q": null,
            "eps_4q_growth_year": null,
            "roe": null,
            "roe_4q": 0,
            "gross_profit": null,
            "gross_margin": null,
            "gross_margin_4q_avg": 0,
            "net_income": null,
            "net_income_4q": null,
            "revenue": null,
            "revenue_4q": null,
            "common_shares": null,
            "book_valuer_per_share": null,
            "book_valuer_per_share_4q_avg": 2.22,
            "equity": null,
            "current_ratio": null,
            "debt_ratio": null,
            "inventory_turnover_ratio": null,
            "account_receivable_turnover_ratio": null,
            "reinvestment_rate": null,
            "research_to_sale_ratio": null,
            "price_fair": 0,
            "eps_avg_yearly": 0,
            "eps_latest_yearly": 0,
            "eps_growth_yearly": 0
        },
        "20094": {
            "year_quarter": 20094,
            "year": 2009,
            "quarter": 4,
            "eps": null,
            "eps_growth_year": null,
            "eps_4q": null,
            "eps_4q_growth_year": null,
            "roe": null,
            "roe_4q": 0,
            "gross_profit": null,
            "gross_margin": null,
            "gross_margin_4q_avg": 0,
            "net_income": null,
            "net_income_4q": null,
            "revenue": null,
            "revenue_4q": null,
            "common_shares": 200000,
            "book_valuer_per_share": 11.63,
            "book_valuer_per_share_4q_avg": 2.91,
            "equity": 232528,
            "current_ratio": 182.6,
            "debt_ratio": 48.61,
            "inventory_turnover_ratio": null,
            "account_receivable_turnover_ratio": null,
            "reinvestment_rate": null,
            "research_to_sale_ratio": null,
            "price_fair": 0,
            "eps_avg_yearly": 0,
            "eps_latest_yearly": 0,
            "eps_growth_yearly": 0
        },
        "20101": {
            "year_quarter": 20101,
            "year": 2010,
            "quarter": 1,
            "eps": null,
            "eps_growth_year": null,
            "eps_4q": null,
            "eps_4q_growth_year": null,
            "roe": null,
            "roe_4q": 0,
            "gross_profit": null,
            "gross_margin": null,
            "gross_margin_4q_avg": 0,
            "net_income": null,
            "net_income_4q": null,
            "revenue": null,
            "revenue_4q": null,
            "common_shares": null,
            "book_valuer_per_share": null,
            "book_valuer_per_share_4q_avg": 2.91,
            "equity": null,
            "current_ratio": null,
            "debt_ratio": null,
            "inventory_turnover_ratio": null,
            "account_receivable_turnover_ratio": null,
            "reinvestment_rate": null,
            "research_to_sale_ratio": null,
            "price_fair": 0,
            "eps_avg_yearly": 0,
            "eps_latest_yearly": 0,
            "eps_growth_yearly": 0
        },
        "20102": {
            "year_quarter": 20102,
            "year": 2010,
            "quarter": 2,
            "eps": null,
            "eps_growth_year": null,
            "eps_4q": null,
            "eps_4q_growth_year": null,
            "roe": null,
            "roe_4q": 0,
            "gross_profit": null,
            "gross_margin": null,
            "gross_margin_4q_avg": 0,
            "net_income": null,
            "net_income_4q": null,
            "revenue": null,
            "revenue_4q": null,
            "common_shares": 200000,
            "book_valuer_per_share": 11.05,
            "book_valuer_per_share_4q_avg": 5.67,
            "equity": 220953,
            "current_ratio": 262.79,
            "debt_ratio": 36.45,
            "inventory_turnover_ratio": null,
            "account_receivable_turnover_ratio": null,
            "reinvestment_rate": null,
            "research_to_sale_ratio": null,
            "price_fair": 0,
            "eps_avg_yearly": 0,
            "eps_latest_yearly": 0,
            "eps_growth_yearly": 0
        },
        "20103": {
            "year_quarter": 20103,
            "year": 2010,
            "quarter": 3,
            "eps": null,
            "eps_growth_year": null,
            "eps_4q": null,
            "eps_4q_growth_year": null,
            "roe": null,
            "roe_4q": 0,
            "gross_profit": null,
            "gross_margin": null,
            "gross_margin_4q_avg": 0,
            "net_income": null,
            "net_income_4q": null,
            "revenue": null,
            "revenue_4q": null,
            "common_shares": null,
            "book_valuer_per_share": null,
            "book_valuer_per_share_4q_avg": 5.67,
            "equity": null,
            "current_ratio": null,
            "debt_ratio": null,
            "inventory_turnover_ratio": null,
            "account_receivable_turnover_ratio": null,
            "reinvestment_rate": null,
            "research_to_sale_ratio": null,
            "price_fair": 0,
            "eps_avg_yearly": 0,
            "eps_latest_yearly": 0,
            "eps_growth_yearly": 0
        },
        "20104": {
            "year_quarter": 20104,
            "year": 2010,
            "quarter": 4,
            "eps": null,
            "eps_growth_year": null,
            "eps_4q": null,
            "eps_4q_growth_year": null,
            "roe": null,
            "roe_4q": 0,
            "gross_profit": null,
            "gross_margin": null,
            "gross_margin_4q_avg": 0,
            "net_income": null,
            "net_income_4q": null,
            "revenue": null,
            "revenue_4q": null,
            "common_shares": 200000,
            "book_valuer_per_share": 11.93,
            "book_valuer_per_share_4q_avg": 5.75,
            "equity": 238569,
            "current_ratio": 282.32,
            "debt_ratio": 33.81,
            "inventory_turnover_ratio": null,
            "account_receivable_turnover_ratio": null,
            "reinvestment_rate": null,
            "research_to_sale_ratio": null,
            "price_fair": 0,
            "eps_avg_yearly": 0,
            "eps_latest_yearly": 0,
            "eps_growth_yearly": 0
        },
        "20111": {
            "year_quarter": 20111,
            "year": 2011,
            "quarter": 1,
            "eps": null,
            "eps_growth_year": null,
            "eps_4q": null,
            "eps_4q_growth_year": null,
            "roe": null,
            "roe_4q": 0,
            "gross_profit": null,
            "gross_margin": null,
            "gross_margin_4q_avg": 0,
            "net_income": null,
            "net_income_4q": null,
            "revenue": null,
            "revenue_4q": null,
            "common_shares": null,
            "book_valuer_per_share": null,
            "book_valuer_per_share_4q_avg": 5.75,
            "equity": null,
            "current_ratio": null,
            "debt_ratio": null,
            "inventory_turnover_ratio": null,
            "account_receivable_turnover_ratio": null,
            "reinvestment_rate": null,
            "research_to_sale_ratio": null,
            "price_fair": 0,
            "eps_avg_yearly": 0,
            "eps_latest_yearly": 0,
            "eps_growth_yearly": 0
        },
        "20112": {
            "year_quarter": 20112,
            "year": 2011,
            "quarter": 2,
            "eps": null,
            "eps_growth_year": null,
            "eps_4q": null,
            "eps_4q_growth_year": null,
            "roe": null,
            "roe_4q": 0,
            "gross_profit": null,
            "gross_margin": null,
            "gross_margin_4q_avg": 0,
            "net_income": null,
            "net_income_4q": null,
            "revenue": null,
            "revenue_4q": null,
            "common_shares": 200000,
            "book_valuer_per_share": 10.78,
            "book_valuer_per_share_4q_avg": 5.68,
            "equity": 215672,
            "current_ratio": 230.48,
            "debt_ratio": 36.71,
            "inventory_turnover_ratio": null,
            "account_receivable_turnover_ratio": null,
            "reinvestment_rate": null,
            "research_to_sale_ratio": null,
            "price_fair": 0,
            "eps_avg_yearly": 0,
            "eps_latest_yearly": 0,
            "eps_growth_yearly": 0
        },
        "20113": {
            "year_quarter": 20113,
            "year": 2011,
            "quarter": 3,
            "eps": null,
            "eps_growth_year": null,
            "eps_4q": null,
            "eps_4q_growth_year": null,
            "roe": null,
            "roe_4q": 0,
            "gross_profit": null,
            "gross_margin": null,
            "gross_margin_4q_avg": 0,
            "net_income": null,
            "net_income_4q": null,
            "revenue": null,
            "revenue_4q": null,
            "common_shares": null,
            "book_valuer_per_share": null,
            "book_valuer_per_share_4q_avg": 5.68,
            "equity": null,
            "current_ratio": null,
            "debt_ratio": null,
            "inventory_turnover_ratio": null,
            "account_receivable_turnover_ratio": null,
            "reinvestment_rate": null,
            "research_to_sale_ratio": null,
            "price_fair": 0,
            "eps_avg_yearly": 0,
            "eps_latest_yearly": 0,
            "eps_growth_yearly": 0
        },
        "20114": {
            "year_quarter": 20114,
            "year": 2011,
            "quarter": 4,
            "eps": null,
            "eps_growth_year": null,
            "eps_4q": null,
            "eps_4q_growth_year": null,
            "roe": null,
            "roe_4q": 0,
            "gross_profit": null,
            "gross_margin": null,
            "gross_margin_4q_avg": 0,
            "net_income": null,
            "net_income_4q": null,
            "revenue": null,
            "revenue_4q": null,
            "common_shares": 200000,
            "book_valuer_per_share": 12.35,
            "book_valuer_per_share_4q_avg": 5.78,
            "equity": 247041,
            "current_ratio": 252.85,
            "debt_ratio": 33.77,
            "inventory_turnover_ratio": null,
            "account_receivable_turnover_ratio": null,
            "reinvestment_rate": null,
            "research_to_sale_ratio": null,
            "price_fair": 0,
            "eps_avg_yearly": 0,
            "eps_latest_yearly": 0,
            "eps_growth_yearly": 0
        },
        "20121": {
            "year_quarter": 20121,
            "year": 2012,
            "quarter": 1,
            "eps": null,
            "eps_growth_year": null,
            "eps_4q": null,
            "eps_4q_growth_year": null,
            "roe": null,
            "roe_4q": 0,
            "gross_profit": 31681,
            "gross_margin": null,
            "gross_margin_4q_avg": 0,
            "net_income": -9579,
            "net_income_4q": null,
            "revenue": 45863,
            "revenue_4q": null,
            "common_shares": 200000,
            "book_valuer_per_share": null,
            "book_valuer_per_share_4q_avg": 5.78,
            "equity": 233314,
            "current_ratio": null,
            "debt_ratio": null,
            "inventory_turnover_ratio": null,
            "account_receivable_turnover_ratio": null,
            "reinvestment_rate": null,
            "research_to_sale_ratio": null,
            "price_fair": 0,
            "eps_avg_yearly": 0,
            "eps_latest_yearly": 0,
            "eps_growth_yearly": 0
        },
        "20122": {
            "year_quarter": 20122,
            "year": 2012,
            "quarter": 2,
            "eps": null,
            "eps_growth_year": null,
            "eps_4q": null,
            "eps_4q_growth_year": null,
            "roe": null,
            "roe_4q": 0,
            "gross_profit": 28561,
            "gross_margin": null,
            "gross_margin_4q_avg": 0,
            "net_income": -13921,
            "net_income_4q": null,
            "revenue": 43580,
            "revenue_4q": null,
            "common_shares": 200000,
            "book_valuer_per_share": 10.92,
            "book_valuer_per_share_4q_avg": 5.82,
            "equity": 218381,
            "current_ratio": 223.92,
            "debt_ratio": 34.74,
            "inventory_turnover_ratio": null,
            "account_receivable_turnover_ratio": null,
            "reinvestment_rate": null,
            "research_to_sale_ratio": null,
            "price_fair": 0,
            "eps_avg_yearly": 0,
            "eps_latest_yearly": 0,
            "eps_growth_yearly": 0
        },
        "20123": {
            "year_quarter": 20123,
            "year": 2012,
            "quarter": 3,
            "eps": null,
            "eps_growth_year": null,
            "eps_4q": null,
            "eps_4q_growth_year": null,
            "roe": null,
            "roe_4q": 0,
            "gross_profit": 36477,
            "gross_margin": null,
            "gross_margin_4q_avg": 0,
            "net_income": -3299,
            "net_income_4q": null,
            "revenue": 54785,
            "revenue_4q": null,
            "common_shares": 204000,
            "book_valuer_per_share": null,
            "book_valuer_per_share_4q_avg": 5.82,
            "equity": 211818,
            "current_ratio": null,
            "debt_ratio": null,
            "inventory_turnover_ratio": null,
            "account_receivable_turnover_ratio": null,
            "reinvestment_rate": null,
            "research_to_sale_ratio": null,
            "price_fair": 0,
            "eps_avg_yearly": 0,
            "eps_latest_yearly": 0,
            "eps_growth_yearly": 0
        },
        "20124": {
            "year_quarter": 20124,
            "year": 2012,
            "quarter": 4,
            "eps": null,
            "eps_growth_year": null,
            "eps_4q": null,
            "eps_4q_growth_year": null,
            "roe": null,
            "roe_4q": 0,
            "gross_profit": 53502,
            "gross_margin": null,
            "gross_margin_4q_avg": 0,
            "net_income": -5642,
            "net_income_4q": null,
            "revenue": 68833,
            "revenue_4q": null,
            "common_shares": 204000,
            "book_valuer_per_share": 10.21,
            "book_valuer_per_share_4q_avg": 5.28,
            "equity": 208283,
            "current_ratio": 222.21,
            "debt_ratio": 34.75,
            "inventory_turnover_ratio": null,
            "account_receivable_turnover_ratio": null,
            "reinvestment_rate": null,
            "research_to_sale_ratio": null,
            "price_fair": 0,
            "eps_avg_yearly": 0,
            "eps_latest_yearly": 0,
            "eps_growth_yearly": 0
        },
        "20131": {
            "year_quarter": 20131,
            "year": 2013,
            "quarter": 1,
            "eps": -0.69,
            "eps_growth_year": null,
            "eps_4q": -0.69,
            "eps_4q_growth_year": null,
            "roe": -7.04,
            "roe_4q": -7.04,
            "gross_profit": 24440,
            "gross_margin": 69.04,
            "gross_margin_4q_avg": 17.26,
            "net_income": -14129,
            "net_income_4q": null,
            "revenue": 35401,
            "revenue_4q": null,
            "common_shares": 204000,
            "book_valuer_per_share": 9.46,
            "book_valuer_per_share_4q_avg": 7.65,
            "equity": 193069,
            "current_ratio": 214.22,
            "debt_ratio": 34.46,
            "inventory_turnover_ratio": 2.45,
            "account_receivable_turnover_ratio": 0.54,
            "reinvestment_rate": null,
            "research_to_sale_ratio": 19.85,
            "price_fair": 0,
            "eps_avg_yearly": 0,
            "eps_latest_yearly": 0,
            "eps_growth_yearly": 0
        },
        "20132": {
            "year_quarter": 20132,
            "year": 2013,
            "quarter": 2,
            "eps": -0.25,
            "eps_growth_year": null,
            "eps_4q": -0.94,
            "eps_4q_growth_year": null,
            "roe": -2.62,
            "roe_4q": -9.66,
            "gross_profit": 35621,
            "gross_margin": 68.45,
            "gross_margin_4q_avg": 34.37,
            "net_income": -5001,
            "net_income_4q": null,
            "revenue": 52036,
            "revenue_4q": null,
            "common_shares": 204000,
            "book_valuer_per_share": 9.25,
            "book_valuer_per_share_4q_avg": 7.23,
            "equity": 188734,
            "current_ratio": 195.93,
            "debt_ratio": 36.06,
            "inventory_turnover_ratio": 4.31,
            "account_receivable_turnover_ratio": 0.82,
            "reinvestment_rate": null,
            "research_to_sale_ratio": 13,
            "price_fair": 0,
            "eps_avg_yearly": 0,
            "eps_latest_yearly": 0,
            "eps_growth_yearly": 0
        },
        "20133": {
            "year_quarter": 20133,
            "year": 2013,
            "quarter": 3,
            "eps": -0.45,
            "eps_growth_year": null,
            "eps_4q": -1.39,
            "eps_4q_growth_year": null,
            "roe": -5,
            "roe_4q": -14.66,
            "gross_profit": 29123,
            "gross_margin": 68.3,
            "gross_margin_4q_avg": 51.45,
            "net_income": -9190,
            "net_income_4q": null,
            "revenue": 42637,
            "revenue_4q": null,
            "common_shares": 204000,
            "book_valuer_per_share": 8.77,
            "book_valuer_per_share_4q_avg": 9.42,
            "equity": 178924,
            "current_ratio": 188.56,
            "debt_ratio": 36.38,
            "inventory_turnover_ratio": 4.44,
            "account_receivable_turnover_ratio": 0.65,
            "reinvestment_rate": null,
            "research_to_sale_ratio": 15.58,
            "price_fair": 0,
            "eps_avg_yearly": 0,
            "eps_latest_yearly": 0,
            "eps_growth_yearly": 0
        },
        "20134": {
            "year_quarter": 20134,
            "year": 2013,
            "quarter": 4,
            "eps": 1.29,
            "eps_growth_year": null,
            "eps_4q": 0.07,
            "eps_4q_growth_year": null,
            "roe": 13.04,
            "roe_4q": -1.620000000000001,
            "gross_profit": 82779,
            "gross_margin": 79.27,
            "gross_margin_4q_avg": 71.27,
            "net_income": 29910,
            "net_income_4q": null,
            "revenue": 104422,
            "revenue_4q": null,
            "common_shares": 231200,
            "book_valuer_per_share": 12.11,
            "book_valuer_per_share_4q_avg": 9.9,
            "equity": 279916,
            "current_ratio": 405.59,
            "debt_ratio": 16.22,
            "inventory_turnover_ratio": 8.34,
            "account_receivable_turnover_ratio": 1.1,
            "reinvestment_rate": null,
            "research_to_sale_ratio": 6.62,
            "price_fair": 0,
            "eps_avg_yearly": 0,
            "eps_latest_yearly": 0,
            "eps_growth_yearly": 0
        },
        "20141": {
            "year_quarter": 20141,
            "year": 2014,
            "quarter": 1,
            "eps": -0.97,
            "eps_growth_year": null,
            "eps_4q": -0.3,
            "eps_4q_growth_year": null,
            "roe": -8.37,
            "roe_4q": -2.95,
            "gross_profit": 24195,
            "gross_margin": 68.3,
            "gross_margin_4q_avg": 71.08,
            "net_income": -22541,
            "net_income_4q": null,
            "revenue": 35425,
            "revenue_4q": null,
            "common_shares": 231200,
            "book_valuer_per_share": 11.19,
            "book_valuer_per_share_4q_avg": 10.33,
            "equity": 258650,
            "current_ratio": 323.67,
            "debt_ratio": 18.22,
            "inventory_turnover_ratio": 6.16,
            "account_receivable_turnover_ratio": 0.31,
            "reinvestment_rate": null,
            "research_to_sale_ratio": 18.41,
            "price_fair": 0,
            "eps_avg_yearly": 0,
            "eps_latest_yearly": 0,
            "eps_growth_yearly": 0
        },
        "20142": {
            "year_quarter": 20142,
            "year": 2014,
            "quarter": 2,
            "eps": -1.5,
            "eps_growth_year": null,
            "eps_4q": -1.57,
            "eps_4q_growth_year": null,
            "roe": -14.37,
            "roe_4q": -14.7,
            "gross_profit": 22062,
            "gross_margin": 68.12,
            "gross_margin_4q_avg": 71,
            "net_income": -34583,
            "net_income_4q": null,
            "revenue": 32388,
            "revenue_4q": null,
            "common_shares": 231200,
            "book_valuer_per_share": 9.63,
            "book_valuer_per_share_4q_avg": 10.43,
            "equity": 222756,
            "current_ratio": 185.37,
            "debt_ratio": 33.66,
            "inventory_turnover_ratio": 2.69,
            "account_receivable_turnover_ratio": 0.38,
            "reinvestment_rate": null,
            "research_to_sale_ratio": 23.11,
            "price_fair": 0,
            "eps_avg_yearly": 0,
            "eps_latest_yearly": 0,
            "eps_growth_yearly": 0
        },
        "20143": {
            "year_quarter": 20143,
            "year": 2014,
            "quarter": 3,
            "eps": -1.25,
            "eps_growth_year": null,
            "eps_4q": -2.16,
            "eps_4q_growth_year": null,
            "roe": -10.12,
            "roe_4q": -19.82,
            "gross_profit": 26883,
            "gross_margin": 64.89,
            "gross_margin_4q_avg": 70.15,
            "net_income": -33246,
            "net_income_4q": null,
            "revenue": 41427,
            "revenue_4q": null,
            "common_shares": 280000,
            "book_valuer_per_share": 15.5,
            "book_valuer_per_share_4q_avg": 12.11,
            "equity": 434036,
            "current_ratio": 607.69,
            "debt_ratio": 11.12,
            "inventory_turnover_ratio": 1.96,
            "account_receivable_turnover_ratio": 0.69,
            "reinvestment_rate": null,
            "research_to_sale_ratio": 17.05,
            "price_fair": 0,
            "eps_avg_yearly": 0,
            "eps_latest_yearly": 0,
            "eps_growth_yearly": 0
        },
        "20144": {
            "year_quarter": 20144,
            "year": 2014,
            "quarter": 4,
            "eps": 0.82,
            "eps_growth_year": -36.96,
            "eps_4q": -2.41,
            "eps_4q_growth_year": -3607.14,
            "roe": 5.12,
            "roe_4q": -27.739999999999995,
            "gross_profit": 71870,
            "gross_margin": 70.64,
            "gross_margin_4q_avg": 67.99,
            "net_income": 22836,
            "net_income_4q": null,
            "revenue": 101745,
            "revenue_4q": null,
            "common_shares": 280000,
            "book_valuer_per_share": 16.35,
            "book_valuer_per_share_4q_avg": 13.17,
            "equity": 457872,
            "current_ratio": 818.62,
            "debt_ratio": 9.04,
            "inventory_turnover_ratio": 4.75,
            "account_receivable_turnover_ratio": 1.35,
            "reinvestment_rate": null,
            "research_to_sale_ratio": 6.96,
            "price_fair": 0,
            "eps_avg_yearly": 0,
            "eps_latest_yearly": 0,
            "eps_growth_yearly": 0
        },
        "20151": {
            "year_quarter": 20151,
            "year": 2015,
            "quarter": 1,
            "eps": -1.02,
            "eps_growth_year": null,
            "eps_4q": -2.63,
            "eps_4q_growth_year": null,
            "roe": -6.46,
            "roe_4q": -25.83,
            "gross_profit": 17996,
            "gross_margin": 61.31,
            "gross_margin_4q_avg": 66.24,
            "net_income": -28594,
            "net_income_4q": null,
            "revenue": 29351,
            "revenue_4q": null,
            "common_shares": 280000,
            "book_valuer_per_share": 15.28,
            "book_valuer_per_share_4q_avg": 14.19,
            "equity": 427923,
            "current_ratio": 382.46,
            "debt_ratio": 13.9,
            "inventory_turnover_ratio": 2.38,
            "account_receivable_turnover_ratio": 0.39,
            "reinvestment_rate": null,
            "research_to_sale_ratio": 30.43,
            "price_fair": 0,
            "eps_avg_yearly": 0,
            "eps_latest_yearly": 0,
            "eps_growth_yearly": 0
        },
        "20152": {
            "year_quarter": 20152,
            "year": 2015,
            "quarter": 2,
            "eps": -0.39,
            "eps_growth_year": null,
            "eps_4q": -1.78,
            "eps_4q_growth_year": null,
            "roe": -2.58,
            "roe_4q": -14.04,
            "gross_profit": 39292,
            "gross_margin": 56.78,
            "gross_margin_4q_avg": 63.41,
            "net_income": -10881,
            "net_income_4q": null,
            "revenue": 69205,
            "revenue_4q": null,
            "common_shares": 280000,
            "book_valuer_per_share": 14.82,
            "book_valuer_per_share_4q_avg": 15.49,
            "equity": 415092,
            "current_ratio": 279,
            "debt_ratio": 13.58,
            "inventory_turnover_ratio": 4.55,
            "account_receivable_turnover_ratio": 1.08,
            "reinvestment_rate": null,
            "research_to_sale_ratio": 11.85,
            "price_fair": 0,
            "eps_avg_yearly": 0,
            "eps_latest_yearly": 0,
            "eps_growth_yearly": 0
        },
        "20153": {
            "year_quarter": 20153,
            "year": 2015,
            "quarter": 3,
            "eps": -0.39,
            "eps_growth_year": null,
            "eps_4q": -0.98,
            "eps_4q_growth_year": null,
            "roe": -2.7,
            "roe_4q": -6.62,
            "gross_profit": 37379,
            "gross_margin": 53.94,
            "gross_margin_4q_avg": 60.67,
            "net_income": -10928,
            "net_income_4q": null,
            "revenue": 69295,
            "revenue_4q": null,
            "common_shares": 280000,
            "book_valuer_per_share": 14.04,
            "book_valuer_per_share_4q_avg": 15.12,
            "equity": 393161,
            "current_ratio": 248.89,
            "debt_ratio": 15.15,
            "inventory_turnover_ratio": 3.65,
            "account_receivable_turnover_ratio": 1.06,
            "reinvestment_rate": null,
            "research_to_sale_ratio": 11.2,
            "price_fair": 0,
            "eps_avg_yearly": 0,
            "eps_latest_yearly": 0,
            "eps_growth_yearly": 0
        },
        "20154": {
            "year_quarter": 20154,
            "year": 2015,
            "quarter": 4,
            "eps": 1.59,
            "eps_growth_year": 94.8,
            "eps_4q": -0.21,
            "eps_4q_growth_year": null,
            "roe": 10.44,
            "roe_4q": -1.3000000000000007,
            "gross_profit": 95176,
            "gross_margin": 74.2,
            "gross_margin_4q_avg": 61.56,
            "net_income": 44485,
            "net_income_4q": null,
            "revenue": 128262,
            "revenue_4q": null,
            "common_shares": 280000,
            "book_valuer_per_share": 16.39,
            "book_valuer_per_share_4q_avg": 15.13,
            "equity": 458993,
            "current_ratio": 349.68,
            "debt_ratio": 12.87,
            "inventory_turnover_ratio": 4.48,
            "account_receivable_turnover_ratio": 1.69,
            "reinvestment_rate": null,
            "research_to_sale_ratio": 7.08,
            "price_fair": 0,
            "eps_avg_yearly": 0,
            "eps_latest_yearly": 0,
            "eps_growth_yearly": 0
        },
        "20161": {
            "year_quarter": 20161,
            "year": 2016,
            "quarter": 1,
            "eps": -1.01,
            "eps_growth_year": null,
            "eps_4q": -0.2,
            "eps_4q_growth_year": null,
            "roe": -6.36,
            "roe_4q": -1.200000000000001,
            "gross_profit": 14648,
            "gross_margin": 48.97,
            "gross_margin_4q_avg": 58.47,
            "net_income": -28384,
            "net_income_4q": null,
            "revenue": 29912,
            "revenue_4q": null,
            "common_shares": 280000,
            "book_valuer_per_share": 15.48,
            "book_valuer_per_share_4q_avg": 15.18,
            "equity": 433513,
            "current_ratio": 357.19,
            "debt_ratio": 11.48,
            "inventory_turnover_ratio": 3.08,
            "account_receivable_turnover_ratio": 0.36,
            "reinvestment_rate": null,
            "research_to_sale_ratio": 35.63,
            "price_fair": 0,
            "eps_avg_yearly": 0,
            "eps_latest_yearly": 0,
            "eps_growth_yearly": 0
        },
        "20162": {
            "year_quarter": 20162,
            "year": 2016,
            "quarter": 2,
            "eps": -0.85,
            "eps_growth_year": null,
            "eps_4q": -0.67,
            "eps_4q_growth_year": null,
            "roe": -5.79,
            "roe_4q": -4.410000000000001,
            "gross_profit": 25042,
            "gross_margin": 45.12,
            "gross_margin_4q_avg": 55.56,
            "net_income": -23810,
            "net_income_4q": null,
            "revenue": 55503,
            "revenue_4q": null,
            "common_shares": 280000,
            "book_valuer_per_share": 13.9,
            "book_valuer_per_share_4q_avg": 14.95,
            "equity": 389218,
            "current_ratio": 227.34,
            "debt_ratio": 19.1,
            "inventory_turnover_ratio": 3.96,
            "account_receivable_turnover_ratio": 0.89,
            "reinvestment_rate": null,
            "research_to_sale_ratio": 19.89,
            "price_fair": 0,
            "eps_avg_yearly": 0,
            "eps_latest_yearly": 0,
            "eps_growth_yearly": 0
        },
        "20163": {
            "year_quarter": 20163,
            "year": 2016,
            "quarter": 3,
            "eps": -0.46,
            "eps_growth_year": null,
            "eps_4q": -0.73,
            "eps_4q_growth_year": null,
            "roe": -3.37,
            "roe_4q": -5.08,
            "gross_profit": 31563,
            "gross_margin": 52.12,
            "gross_margin_4q_avg": 55.1,
            "net_income": -12794,
            "net_income_4q": null,
            "revenue": 60560,
            "revenue_4q": null,
            "common_shares": 280000,
            "book_valuer_per_share": 13.21,
            "book_valuer_per_share_4q_avg": 14.75,
            "equity": 369867,
            "current_ratio": 192.07,
            "debt_ratio": 22.29,
            "inventory_turnover_ratio": 3.53,
            "account_receivable_turnover_ratio": 1.27,
            "reinvestment_rate": null,
            "research_to_sale_ratio": 17.8,
            "price_fair": 0,
            "eps_avg_yearly": 0,
            "eps_latest_yearly": 0,
            "eps_growth_yearly": 0
        },
        "20164": {
            "year_quarter": 20164,
            "year": 2016,
            "quarter": 4,
            "eps": 0.14,
            "eps_growth_year": -90.92,
            "eps_4q": -2.18,
            "eps_4q_growth_year": null,
            "roe": 1.09,
            "roe_4q": -14.43,
            "gross_profit": 57636,
            "gross_margin": 52.84,
            "gross_margin_4q_avg": 49.76,
            "net_income": 4038,
            "net_income_4q": null,
            "revenue": 109071,
            "revenue_4q": null,
            "common_shares": 280000,
            "book_valuer_per_share": 13.37,
            "book_valuer_per_share_4q_avg": 13.99,
            "equity": 374370,
            "current_ratio": 229.29,
            "debt_ratio": 18.04,
            "inventory_turnover_ratio": 8.03,
            "account_receivable_turnover_ratio": 2.41,
            "reinvestment_rate": null,
            "research_to_sale_ratio": 12.62,
            "price_fair": 0,
            "eps_avg_yearly": 0,
            "eps_latest_yearly": 0,
            "eps_growth_yearly": 0
        },
        "20171": {
            "year_quarter": 20171,
            "year": 2017,
            "quarter": 1,
            "eps": -0.52,
            "eps_growth_year": null,
            "eps_4q": -1.68,
            "eps_4q_growth_year": null,
            "roe": -4,
            "roe_4q": -12.07,
            "gross_profit": 26816,
            "gross_margin": 53.92,
            "gross_margin_4q_avg": 51,
            "net_income": -14581,
            "net_income_4q": null,
            "revenue": 49732,
            "revenue_4q": null,
            "common_shares": 280000,
            "book_valuer_per_share": 12.68,
            "book_valuer_per_share_4q_avg": 13.29,
            "equity": 354941,
            "current_ratio": 197.3,
            "debt_ratio": 21.31,
            "inventory_turnover_ratio": 4.13,
            "account_receivable_turnover_ratio": 1.35,
            "reinvestment_rate": null,
            "research_to_sale_ratio": 22.75,
            "price_fair": 0,
            "eps_avg_yearly": 0,
            "eps_latest_yearly": 0,
            "eps_growth_yearly": 0
        },
        "20172": {
            "year_quarter": 20172,
            "year": 2017,
            "quarter": 2,
            "eps": -0.64,
            "eps_growth_year": null,
            "eps_4q": -1.48,
            "eps_4q_growth_year": null,
            "roe": -5.16,
            "roe_4q": -11.440000000000001,
            "gross_profit": 23630,
            "gross_margin": 58.36,
            "gross_margin_4q_avg": 54.31,
            "net_income": -17994,
            "net_income_4q": null,
            "revenue": 40490,
            "revenue_4q": null,
            "common_shares": 280000,
            "book_valuer_per_share": 12.21,
            "book_valuer_per_share_4q_avg": 12.87,
            "equity": 341958,
            "current_ratio": 169.98,
            "debt_ratio": 23.91,
            "inventory_turnover_ratio": 2.54,
            "account_receivable_turnover_ratio": 1.23,
            "reinvestment_rate": null,
            "research_to_sale_ratio": 27.89,
            "price_fair": 0,
            "eps_avg_yearly": 0,
            "eps_latest_yearly": 0,
            "eps_growth_yearly": 0
        },
        "20173": {
            "year_quarter": 20173,
            "year": 2017,
            "quarter": 3,
            "eps": -0.56,
            "eps_growth_year": null,
            "eps_4q": -1.58,
            "eps_4q_growth_year": null,
            "roe": -4.66,
            "roe_4q": -12.73,
            "gross_profit": 30180,
            "gross_margin": 68.31,
            "gross_margin_4q_avg": 58.36,
            "net_income": -15618,
            "net_income_4q": null,
            "revenue": 44178,
            "revenue_4q": null,
            "common_shares": 280000,
            "book_valuer_per_share": 11.72,
            "book_valuer_per_share_4q_avg": 12.5,
            "equity": 328146,
            "current_ratio": 172.47,
            "debt_ratio": 20.61,
            "inventory_turnover_ratio": 1.8,
            "account_receivable_turnover_ratio": 1.35,
            "reinvestment_rate": null,
            "research_to_sale_ratio": 30.42,
            "price_fair": 0,
            "eps_avg_yearly": 0,
            "eps_latest_yearly": 0,
            "eps_growth_yearly": 0
        },
        "20174": {
            "year_quarter": 20174,
            "year": 2017,
            "quarter": 4,
            "eps": 0.21,
            "eps_growth_year": 44.73,
            "eps_4q": -1.51,
            "eps_4q_growth_year": null,
            "roe": 1.76,
            "roe_4q": -12.06,
            "gross_profit": 46129,
            "gross_margin": 68.94,
            "gross_margin_4q_avg": 62.38,
            "net_income": 5844,
            "net_income_4q": null,
            "revenue": 66914,
            "revenue_4q": null,
            "common_shares": 280000,
            "book_valuer_per_share": 11.97,
            "book_valuer_per_share_4q_avg": 12.15,
            "equity": 335233,
            "current_ratio": 193.06,
            "debt_ratio": 19.32,
            "inventory_turnover_ratio": 3.33,
            "account_receivable_turnover_ratio": 2.19,
            "reinvestment_rate": null,
            "research_to_sale_ratio": 21.46,
            "price_fair": 0,
            "eps_avg_yearly": 0,
            "eps_latest_yearly": 0,
            "eps_growth_yearly": 0
        },
        "20181": {
            "year_quarter": 20181,
            "year": 2018,
            "quarter": 1,
            "eps": -0.28,
            "eps_growth_year": null,
            "eps_4q": -1.28,
            "eps_4q_growth_year": null,
            "roe": -2.4,
            "roe_4q": -10.46,
            "gross_profit": 26620,
            "gross_margin": 70.17,
            "gross_margin_4q_avg": 66.45,
            "net_income": -7945,
            "net_income_4q": null,
            "revenue": 37937,
            "revenue_4q": null,
            "common_shares": 280000,
            "book_valuer_per_share": 11.71,
            "book_valuer_per_share_4q_avg": 11.9,
            "equity": 327955,
            "current_ratio": 259,
            "debt_ratio": 17.87,
            "inventory_turnover_ratio": 2.2,
            "account_receivable_turnover_ratio": 1.12,
            "reinvestment_rate": null,
            "research_to_sale_ratio": 29.63,
            "price_fair": 0,
            "eps_avg_yearly": 0,
            "eps_latest_yearly": 0,
            "eps_growth_yearly": 0
        },
        "20182": {
            "year_quarter": 20182,
            "year": 2018,
            "quarter": 2,
            "eps": -0.38,
            "eps_growth_year": null,
            "eps_4q": -1.01,
            "eps_4q_growth_year": null,
            "roe": -3.3,
            "roe_4q": -8.6,
            "gross_profit": 31209,
            "gross_margin": 75.93,
            "gross_margin_4q_avg": 70.84,
            "net_income": -10658,
            "net_income_4q": null,
            "revenue": 41101,
            "revenue_4q": null,
            "common_shares": 280000,
            "book_valuer_per_share": 11.37,
            "book_valuer_per_share_4q_avg": 11.69,
            "equity": 318284,
            "current_ratio": 238.82,
            "debt_ratio": 18.84,
            "inventory_turnover_ratio": 1.97,
            "account_receivable_turnover_ratio": 1.31,
            "reinvestment_rate": null,
            "research_to_sale_ratio": 33.41,
            "price_fair": 0,
            "eps_avg_yearly": 0,
            "eps_latest_yearly": 0,
            "eps_growth_yearly": 0
        },
        "20183": {
            "year_quarter": 20183,
            "year": 2018,
            "quarter": 3,
            "eps": -0.66,
            "eps_growth_year": null,
            "eps_4q": -1.12,
            "eps_4q_growth_year": null,
            "roe": -6.04,
            "roe_4q": -9.98,
            "gross_profit": 27694,
            "gross_margin": 77.71,
            "gross_margin_4q_avg": 73.19,
            "net_income": -18596,
            "net_income_4q": null,
            "revenue": 35637,
            "revenue_4q": null,
            "common_shares": 280000,
            "book_valuer_per_share": 10.62,
            "book_valuer_per_share_4q_avg": 11.42,
            "equity": 297315,
            "current_ratio": 192.4,
            "debt_ratio": 22.98,
            "inventory_turnover_ratio": 1.24,
            "account_receivable_turnover_ratio": 1.11,
            "reinvestment_rate": null,
            "research_to_sale_ratio": 35.17,
            "price_fair": 0,
            "eps_avg_yearly": 0,
            "eps_latest_yearly": 0,
            "eps_growth_yearly": 0
        },
        "20184": {
            "year_quarter": 20184,
            "year": 2018,
            "quarter": 4,
            "eps": 0.95,
            "eps_growth_year": 357.05,
            "eps_4q": -0.37,
            "eps_4q_growth_year": null,
            "roe": 8.6,
            "roe_4q": -3.14,
            "gross_profit": 78760,
            "gross_margin": 81.76,
            "gross_margin_4q_avg": 76.39,
            "net_income": 26710,
            "net_income_4q": null,
            "revenue": 96333,
            "revenue_4q": null,
            "common_shares": 280000,
            "book_valuer_per_share": 11.56,
            "book_valuer_per_share_4q_avg": 11.32,
            "equity": 323651,
            "current_ratio": 194.47,
            "debt_ratio": 25.51,
            "inventory_turnover_ratio": 2.81,
            "account_receivable_turnover_ratio": 1.64,
            "reinvestment_rate": null,
            "research_to_sale_ratio": 17.38,
            "price_fair": 0,
            "eps_avg_yearly": 0,
            "eps_latest_yearly": 0,
            "eps_growth_yearly": 0
        },
        "20191": {
            "year_quarter": 20191,
            "year": 2019,
            "quarter": 1,
            "eps": -0.4,
            "eps_growth_year": null,
            "eps_4q": -0.49,
            "eps_4q_growth_year": null,
            "roe": -3.51,
            "roe_4q": -4.25,
            "gross_profit": 37507,
            "gross_margin": 80.21,
            "gross_margin_4q_avg": 78.9,
            "net_income": -11198,
            "net_income_4q": null,
            "revenue": 46760,
            "revenue_4q": null,
            "common_shares": 280000,
            "book_valuer_per_share": 11.22,
            "book_valuer_per_share_4q_avg": 11.19,
            "equity": 314104,
            "current_ratio": 208,
            "debt_ratio": 22.65,
            "inventory_turnover_ratio": 2.14,
            "account_receivable_turnover_ratio": 0.69,
            "reinvestment_rate": null,
            "research_to_sale_ratio": 30.48,
            "price_fair": 0,
            "eps_avg_yearly": 0,
            "eps_latest_yearly": 0,
            "eps_growth_yearly": 0
        },
        "20192": {
            "year_quarter": 20192,
            "year": 2019,
            "quarter": 2,
            "eps": -0.26,
            "eps_growth_year": null,
            "eps_4q": -0.37,
            "eps_4q_growth_year": null,
            "roe": -2.31,
            "roe_4q": -3.2600000000000007,
            "gross_profit": 33892,
            "gross_margin": 73.55,
            "gross_margin_4q_avg": 78.31,
            "net_income": -7170,
            "net_income_4q": null,
            "revenue": 46079,
            "revenue_4q": null,
            "common_shares": 280000,
            "book_valuer_per_share": 10.96,
            "book_valuer_per_share_4q_avg": 11.09,
            "equity": 306749,
            "current_ratio": 179.95,
            "debt_ratio": 24.44,
            "inventory_turnover_ratio": 3.48,
            "account_receivable_turnover_ratio": 0.99,
            "reinvestment_rate": null,
            "research_to_sale_ratio": 28.77,
            "price_fair": 0,
            "eps_avg_yearly": 0,
            "eps_latest_yearly": 0,
            "eps_growth_yearly": 0
        },
        "20193": {
            "year_quarter": 20193,
            "year": 2019,
            "quarter": 3,
            "eps": -0.84,
            "eps_growth_year": null,
            "eps_4q": -0.55,
            "eps_4q_growth_year": null,
            "roe": -8.04,
            "roe_4q": -5.26,
            "gross_profit": 23237,
            "gross_margin": 72.36,
            "gross_margin_4q_avg": 76.97,
            "net_income": -23657,
            "net_income_4q": null,
            "revenue": 32112,
            "revenue_4q": null,
            "common_shares": 280000,
            "book_valuer_per_share": 10.06,
            "book_valuer_per_share_4q_avg": 10.95,
            "equity": 281581,
            "current_ratio": 147.05,
            "debt_ratio": 29.77,
            "inventory_turnover_ratio": 1.1,
            "account_receivable_turnover_ratio": 0.94,
            "reinvestment_rate": null,
            "research_to_sale_ratio": 41.24,
            "price_fair": 0,
            "eps_avg_yearly": 0,
            "eps_latest_yearly": 0,
            "eps_growth_yearly": 0
        },
        "20194": {
            "year_quarter": 20194,
            "year": 2019,
            "quarter": 4,
            "eps": 0.99,
            "eps_growth_year": 3.4,
            "eps_4q": -0.51,
            "eps_4q_growth_year": null,
            "roe": 9.4,
            "roe_4q": -4.459999999999999,
            "gross_profit": 78510,
            "gross_margin": 71.57,
            "gross_margin_4q_avg": 74.42,
            "net_income": 27619,
            "net_income_4q": null,
            "revenue": 109692,
            "revenue_4q": null,
            "common_shares": 280000,
            "book_valuer_per_share": 10.92,
            "book_valuer_per_share_4q_avg": 10.79,
            "equity": 305762,
            "current_ratio": 162.35,
            "debt_ratio": 31.75,
            "inventory_turnover_ratio": 1.78,
            "account_receivable_turnover_ratio": 2.39,
            "reinvestment_rate": null,
            "research_to_sale_ratio": 18.43,
            "price_fair": 0,
            "eps_avg_yearly": 0,
            "eps_latest_yearly": 0,
            "eps_growth_yearly": 0
        },
        "20201": {
            "year_quarter": 20201,
            "year": 2020,
            "quarter": 1,
            "eps": -0.44,
            "eps_growth_year": null,
            "eps_4q": -0.56,
            "eps_4q_growth_year": null,
            "roe": -4.13,
            "roe_4q": -5.079999999999998,
            "gross_profit": 38229,
            "gross_margin": 58.41,
            "gross_margin_4q_avg": 68.97,
            "net_income": -12366,
            "net_income_4q": null,
            "revenue": 65452,
            "revenue_4q": null,
            "common_shares": 280000,
            "book_valuer_per_share": 10.48,
            "book_valuer_per_share_4q_avg": 10.61,
            "equity": 293373,
            "current_ratio": 172.9,
            "debt_ratio": 25.72,
            "inventory_turnover_ratio": 2.15,
            "account_receivable_turnover_ratio": 1.58,
            "reinvestment_rate": null,
            "research_to_sale_ratio": 26.52,
            "price_fair": 0,
            "eps_avg_yearly": 0,
            "eps_latest_yearly": 0,
            "eps_growth_yearly": 0
        },
        "20202": {
            "year_quarter": 20202,
            "year": 2020,
            "quarter": 2,
            "eps": -0.99,
            "eps_growth_year": null,
            "eps_4q": -1.29,
            "eps_4q_growth_year": null,
            "roe": -9.97,
            "roe_4q": -12.74,
            "gross_profit": 19316,
            "gross_margin": 64.57,
            "gross_margin_4q_avg": 66.73,
            "net_income": -28233,
            "net_income_4q": null,
            "revenue": 29915,
            "revenue_4q": null,
            "common_shares": 280000,
            "book_valuer_per_share": 9.42,
            "book_valuer_per_share_4q_avg": 10.22,
            "equity": 273160,
            "current_ratio": 142.36,
            "debt_ratio": 27.99,
            "inventory_turnover_ratio": 3.29,
            "account_receivable_turnover_ratio": 1.65,
            "reinvestment_rate": null,
            "research_to_sale_ratio": 64.56,
            "price_fair": 0,
            "eps_avg_yearly": 0,
            "eps_latest_yearly": 0,
            "eps_growth_yearly": 0
        },
        "20203": {
            "year_quarter": 20203,
            "year": 2020,
            "quarter": 3,
            "eps": -0.27,
            "eps_growth_year": null,
            "eps_4q": -0.72,
            "eps_4q_growth_year": null,
            "roe": -3.04,
            "roe_4q": -7.74,
            "gross_profit": 32051,
            "gross_margin": 74.51,
            "gross_margin_4q_avg": 67.27,
            "net_income": -8039,
            "net_income_4q": null,
            "revenue": 43016,
            "revenue_4q": null,
            "common_shares": 280000,
            "book_valuer_per_share": 9.15,
            "book_valuer_per_share_4q_avg": 9.99,
            "equity": 256316,
            "current_ratio": 109.88,
            "debt_ratio": 34.64,
            "inventory_turnover_ratio": 1.84,
            "account_receivable_turnover_ratio": 2.25,
            "reinvestment_rate": null,
            "research_to_sale_ratio": 37.47,
            "price_fair": 0,
            "eps_avg_yearly": 0,
            "eps_latest_yearly": 0,
            "eps_growth_yearly": 0
        },
        "20204": {
            "year_quarter": 20204,
            "year": 2020,
            "quarter": 4,
            "eps": 0.63,
            "eps_growth_year": -36.21,
            "eps_4q": -1.08,
            "eps_4q_growth_year": null,
            "roe": 6.65,
            "roe_4q": -10.49,
            "gross_profit": 55990,
            "gross_margin": 72.76,
            "gross_margin_4q_avg": 67.56,
            "net_income": 17619,
            "net_income_4q": null,
            "revenue": 76954,
            "revenue_4q": null,
            "common_shares": 280000,
            "book_valuer_per_share": 9.77,
            "book_valuer_per_share_4q_avg": 9.71,
            "equity": 273618,
            "current_ratio": 111.23,
            "debt_ratio": 35.86,
            "inventory_turnover_ratio": 2.82,
            "account_receivable_turnover_ratio": 2.32,
            "reinvestment_rate": null,
            "research_to_sale_ratio": 22.94,
            "price_fair": 0,
            "eps_avg_yearly": 0,
            "eps_latest_yearly": 0,
            "eps_growth_yearly": 0
        },
        "20211": {
            "year_quarter": 20211,
            "year": 2021,
            "quarter": 1,
            "eps": -0.57,
            "eps_growth_year": null,
            "eps_4q": -1.21,
            "eps_4q_growth_year": null,
            "roe": -6.06,
            "roe_4q": -12.42,
            "gross_profit": 14144,
            "gross_margin": 50.85,
            "gross_margin_4q_avg": 65.67,
            "net_income": -16081,
            "net_income_4q": null,
            "revenue": 27817,
            "revenue_4q": null,
            "common_shares": 280000,
            "book_valuer_per_share": 9.2,
            "book_valuer_per_share_4q_avg": 9.39,
            "equity": 257493,
            "current_ratio": 113.55,
            "debt_ratio": 34.49,
            "inventory_turnover_ratio": 3.48,
            "account_receivable_turnover_ratio": 0.81,
            "reinvestment_rate": null,
            "research_to_sale_ratio": 46.22,
            "price_fair": 0,
            "eps_avg_yearly": 0,
            "eps_latest_yearly": 0,
            "eps_growth_yearly": 0
        },
        "20212": {
            "year_quarter": 20212,
            "year": 2021,
            "quarter": 2,
            "eps": -0.65,
            "eps_growth_year": null,
            "eps_4q": -0.86,
            "eps_4q_growth_year": null,
            "roe": -7.31,
            "roe_4q": -9.759999999999998,
            "gross_profit": 23898,
            "gross_margin": 71.24,
            "gross_margin_4q_avg": 67.34,
            "net_income": -18108,
            "net_income_4q": null,
            "revenue": 33544,
            "revenue_4q": null,
            "common_shares": 280000,
            "book_valuer_per_share": 8.5,
            "book_valuer_per_share_4q_avg": 9.16,
            "equity": 238031,
            "current_ratio": 99.68,
            "debt_ratio": 53.86,
            "inventory_turnover_ratio": 0.16,
            "account_receivable_turnover_ratio": 1.43,
            "reinvestment_rate": null,
            "research_to_sale_ratio": 36.61,
            "price_fair": 0,
            "eps_avg_yearly": 0,
            "eps_latest_yearly": 0,
            "eps_growth_yearly": 0
        },
        "20213": {
            "year_quarter": 20213,
            "year": 2021,
            "quarter": 3,
            "eps": -0.3,
            "eps_growth_year": null,
            "eps_4q": -0.81,
            "eps_4q_growth_year": null,
            "roe": -3.54,
            "roe_4q": -10.26,
            "gross_profit": 31792,
            "gross_margin": 67.23,
            "gross_margin_4q_avg": 65.52,
            "net_income": -9318,
            "net_income_4q": null,
            "revenue": 47287,
            "revenue_4q": null,
            "common_shares": 320000,
            "book_valuer_per_share": 9,
            "book_valuer_per_share_4q_avg": 9.12,
            "equity": 288143,
            "current_ratio": 118.02,
            "debt_ratio": 50.75,
            "inventory_turnover_ratio": 0.13,
            "account_receivable_turnover_ratio": 1.52,
            "reinvestment_rate": null,
            "research_to_sale_ratio": 27.21,
            "price_fair": 0,
            "eps_avg_yearly": 0,
            "eps_latest_yearly": 0,
            "eps_growth_yearly": 0
        },
        "20214": {
            "year_quarter": 20214,
            "year": 2021,
            "quarter": 4,
            "eps": 0.68,
            "eps_growth_year": 7.5,
            "eps_4q": -0.68,
            "eps_4q_growth_year": null,
            "roe": 7.24,
            "roe_4q": -9.669999999999998,
            "gross_profit": 61458,
            "gross_margin": 71.23,
            "gross_margin_4q_avg": 65.14,
            "net_income": 21646,
            "net_income_4q": null,
            "revenue": 86286,
            "revenue_4q": null,
            "common_shares": 320000,
            "book_valuer_per_share": 9.68,
            "book_valuer_per_share_4q_avg": 9.1,
            "equity": 309885,
            "current_ratio": 123.65,
            "debt_ratio": 48.36,
            "inventory_turnover_ratio": 0.2,
            "account_receivable_turnover_ratio": 1.88,
            "reinvestment_rate": null,
            "research_to_sale_ratio": 17.77,
            "price_fair": 0,
            "eps_avg_yearly": 0,
            "eps_latest_yearly": 0,
            "eps_growth_yearly": 0
        },
        "20221": {
            "year_quarter": 20221,
            "year": 2022,
            "quarter": 1,
            "eps": 0.86,
            "eps_growth_year": null,
            "eps_4q": 0.68,
            "eps_4q_growth_year": null,
            "roe": 8.48,
            "roe_4q": 4.87,
            "gross_profit": 74776,
            "gross_margin": 35.26,
            "gross_margin_4q_avg": 61.24,
            "net_income": 27571,
            "net_income_4q": null,
            "revenue": 212055,
            "revenue_4q": null,
            "common_shares": 320000,
            "book_valuer_per_share": 10.63,
            "book_valuer_per_share_4q_avg": 9.45,
            "equity": 340043,
            "current_ratio": 158.22,
            "debt_ratio": 33.69,
            "inventory_turnover_ratio": 2.09,
            "account_receivable_turnover_ratio": 2.74,
            "reinvestment_rate": null,
            "research_to_sale_ratio": 5.4,
            "price_fair": 120.4,
            "eps_avg_yearly": 3.44,
            "eps_latest_yearly": 3.44,
            "eps_growth_yearly": 105.88
        },
        "20222": {
            "year_quarter": 20222,
            "year": 2022,
            "quarter": 2,
            "eps": -0.68,
            "eps_growth_year": null,
            "eps_4q": 0.56,
            "eps_4q_growth_year": null,
            "roe": -6.66,
            "roe_4q": 5.5200000000000005,
            "gross_profit": 22834,
            "gross_margin": 66.45,
            "gross_margin_4q_avg": 60.04,
            "net_income": -21914,
            "net_income_4q": null,
            "revenue": 34361,
            "revenue_4q": null,
            "common_shares": 320000,
            "book_valuer_per_share": 9.95,
            "book_valuer_per_share_4q_avg": 9.82,
            "equity": 318526,
            "current_ratio": 158.53,
            "debt_ratio": 29.59,
            "inventory_turnover_ratio": 1.21,
            "account_receivable_turnover_ratio": 0.52,
            "reinvestment_rate": null,
            "research_to_sale_ratio": 35.24,
            "price_fair": 120.4,
            "eps_avg_yearly": 3.44,
            "eps_latest_yearly": 3.44,
            "eps_growth_yearly": 105.88
        },
        "20223": {
            "year_quarter": 20223,
            "year": 2022,
            "quarter": 3,
            "eps": -0.4,
            "eps_growth_year": null,
            "eps_4q": 0.45,
            "eps_4q_growth_year": null,
            "roe": -4.1,
            "roe_4q": 4.960000000000001,
            "gross_profit": 28289,
            "gross_margin": 71.37,
            "gross_margin_4q_avg": 61.08,
            "net_income": -12852,
            "net_income_4q": null,
            "revenue": 39636,
            "revenue_4q": null,
            "common_shares": 320000,
            "book_valuer_per_share": 9.65,
            "book_valuer_per_share_4q_avg": 9.98,
            "equity": 308661,
            "current_ratio": 159.83,
            "debt_ratio": 30.55,
            "inventory_turnover_ratio": 0.62,
            "account_receivable_turnover_ratio": 1.61,
            "reinvestment_rate": null,
            "research_to_sale_ratio": 32,
            "price_fair": 120.4,
            "eps_avg_yearly": 3.44,
            "eps_latest_yearly": 3.44,
            "eps_growth_yearly": 105.88
        },
        "20224": {
            "year_quarter": 20224,
            "year": 2022,
            "quarter": 4,
            "eps": 0.35,
            "eps_growth_year": -48.27,
            "eps_4q": 0.13,
            "eps_4q_growth_year": null,
            "roe": 3.56,
            "roe_4q": 1.2800000000000011,
            "gross_profit": 58527,
            "gross_margin": 59.83,
            "gross_margin_4q_avg": 58.23,
            "net_income": 11197,
            "net_income_4q": null,
            "revenue": 97829,
            "revenue_4q": null,
            "common_shares": 320000,
            "book_valuer_per_share": 9.99,
            "book_valuer_per_share_4q_avg": 10.06,
            "equity": 319596,
            "current_ratio": 161.47,
            "debt_ratio": 31.78,
            "inventory_turnover_ratio": 2.86,
            "account_receivable_turnover_ratio": 2.62,
            "reinvestment_rate": null,
            "research_to_sale_ratio": 17.11,
            "price_fair": 120.4,
            "eps_avg_yearly": 3.44,
            "eps_latest_yearly": 3.44,
            "eps_growth_yearly": 105.88
        },
        "20231": {
            "year_quarter": 20231,
            "year": 2023,
            "quarter": 1,
            "eps": -0.57,
            "eps_growth_year": -166.28,
            "eps_4q": -1.3,
            "eps_4q_growth_year": -291.35,
            "roe": -5.84,
            "roe_4q": -13.04,
            "gross_profit": 21423,
            "gross_margin": 68.37,
            "gross_margin_4q_avg": 66.51,
            "net_income": -18129,
            "net_income_4q": null,
            "revenue": 31334,
            "revenue_4q": null,
            "common_shares": 320000,
            "book_valuer_per_share": 9.42,
            "book_valuer_per_share_4q_avg": 9.75,
            "equity": 301334,
            "current_ratio": 152.1,
            "debt_ratio": 29.62,
            "inventory_turnover_ratio": 8.31,
            "account_receivable_turnover_ratio": 0.83,
            "reinvestment_rate": null,
            "research_to_sale_ratio": 38.15,
            "price_fair": 120.4,
            "eps_avg_yearly": 3.44,
            "eps_latest_yearly": 3.44,
            "eps_growth_yearly": 105.88
        },
        "20232": {
            "year_quarter": 20232,
            "year": 2023,
            "quarter": 2,
            "eps": -0.46,
            "eps_growth_year": null,
            "eps_4q": -1.08,
            "eps_4q_growth_year": -292.6,
            "roe": -5.05,
            "roe_4q": -11.43,
            "gross_profit": 24229,
            "gross_margin": 71.33,
            "gross_margin_4q_avg": 67.73,
            "net_income": -14855,
            "net_income_4q": null,
            "revenue": 33967,
            "revenue_4q": null,
            "common_shares": 320000,
            "book_valuer_per_share": 8.95,
            "book_valuer_per_share_4q_avg": 9.5,
            "equity": 286409,
            "current_ratio": 138.29,
            "debt_ratio": 31.77,
            "inventory_turnover_ratio": 4.94,
            "account_receivable_turnover_ratio": 1.57,
            "reinvestment_rate": null,
            "research_to_sale_ratio": 34.34,
            "price_fair": 120.4,
            "eps_avg_yearly": 3.44,
            "eps_latest_yearly": 3.44,
            "eps_growth_yearly": 105.88
        },
        "20233": {
            "year_quarter": 20233,
            "year": 2023,
            "quarter": 3,
            "eps": -0.43,
            "eps_growth_year": null,
            "eps_4q": -1.11,
            "eps_4q_growth_year": -345.76,
            "roe": -4.89,
            "roe_4q": -12.219999999999999,
            "gross_profit": 31773,
            "gross_margin": 73.04,
            "gross_margin_4q_avg": 68.14,
            "net_income": -13728,
            "net_income_4q": null,
            "revenue": 43498,
            "revenue_4q": null,
            "common_shares": 320000,
            "book_valuer_per_share": 8.61,
            "book_valuer_per_share_4q_avg": 9.24,
            "equity": 275468,
            "current_ratio": 126.21,
            "debt_ratio": 37.2,
            "inventory_turnover_ratio": 3.85,
            "account_receivable_turnover_ratio": 1.92,
            "reinvestment_rate": null,
            "research_to_sale_ratio": 26.34,
            "price_fair": 120.4,
            "eps_avg_yearly": 3.44,
            "eps_latest_yearly": 3.44,
            "eps_growth_yearly": 105.88
        },
        "20234": {
            "year_quarter": 20234,
            "year": 2023,
            "quarter": 4,
            "eps": 1.02,
            "eps_growth_year": 192.07,
            "eps_4q": -0.44,
            "eps_4q_growth_year": -450.05,
            "roe": 11.24,
            "roe_4q": -4.539999999999999,
            "gross_profit": 77514,
            "gross_margin": 79.63,
            "gross_margin_4q_avg": 73.09,
            "net_income": 32703,
            "net_income_4q": null,
            "revenue": 97347,
            "revenue_4q": null,
            "common_shares": 320000,
            "book_valuer_per_share": 9.58,
            "book_valuer_per_share_4q_avg": 9.14,
            "equity": 306657,
            "current_ratio": 138.33,
            "debt_ratio": 36.93,
            "inventory_turnover_ratio": 7.43,
            "account_receivable_turnover_ratio": 2.62,
            "reinvestment_rate": null,
            "research_to_sale_ratio": 15.15,
            "price_fair": 120.4,
            "eps_avg_yearly": 3.44,
            "eps_latest_yearly": 3.44,
            "eps_growth_yearly": 105.88
        }
    },
    "months": {
        "2010-04": {
            "month": "2010-04",
            "price": "39.51",
            "revenue": 3991
        },
        "2010-05": {
            "month": "2010-05",
            "price": "36.10",
            "revenue": 8328
        },
        "2010-06": {
            "month": "2010-06",
            "price": "34.47",
            "revenue": 50427
        },
        "2010-07": {
            "month": "2010-07",
            "price": "33.96",
            "revenue": 8792
        },
        "2010-08": {
            "month": "2010-08",
            "price": "33.98",
            "revenue": 9551
        },
        "2010-09": {
            "month": "2010-09",
            "price": "33.51",
            "revenue": 11303
        },
        "2010-10": {
            "month": "2010-10",
            "price": "33.23",
            "revenue": 13856
        },
        "2010-11": {
            "month": "2010-11",
            "price": "33.24",
            "revenue": 22346
        },
        "2010-12": {
            "month": "2010-12",
            "price": "33.09",
            "revenue": 55065
        },
        "2011-01": {
            "month": "2011-01",
            "price": "32.53",
            "revenue": 3529
        },
        "2011-02": {
            "month": "2011-02",
            "price": "32.79",
            "revenue": 6741
        },
        "2011-03": {
            "month": "2011-03",
            "price": "29.68",
            "revenue": 14830
        },
        "2011-04": {
            "month": "2011-04",
            "price": "31.20",
            "revenue": 14656
        },
        "2011-05": {
            "month": "2011-05",
            "price": "31.52",
            "revenue": 8416
        },
        "2011-06": {
            "month": "2011-06",
            "price": "30.30",
            "revenue": 21955
        },
        "2011-07": {
            "month": "2011-07",
            "price": "28.85",
            "revenue": 8953
        },
        "2011-08": {
            "month": "2011-08",
            "price": "25.26",
            "revenue": 11717
        },
        "2011-09": {
            "month": "2011-09",
            "price": "20.79",
            "revenue": 20202
        },
        "2011-10": {
            "month": "2011-10",
            "price": "19.70",
            "revenue": 8760
        },
        "2011-11": {
            "month": "2011-11",
            "price": "19.57",
            "revenue": 9162
        },
        "2011-12": {
            "month": "2011-12",
            "price": "21.75",
            "revenue": 63629
        },
        "2012-01": {
            "month": "2012-01",
            "price": "22.88",
            "revenue": 6331
        },
        "2012-02": {
            "month": "2012-02",
            "price": "23.73",
            "revenue": 9219
        },
        "2012-03": {
            "month": "2012-03",
            "price": "23.84",
            "revenue": 21240
        },
        "2012-04": {
            "month": "2012-04",
            "price": "23.78",
            "revenue": 7877
        },
        "2012-05": {
            "month": "2012-05",
            "price": "24.52",
            "revenue": 8197
        },
        "2012-06": {
            "month": "2012-06",
            "price": "24.25",
            "revenue": 18386
        },
        "2012-07": {
            "month": "2012-07",
            "price": "22.72",
            "revenue": 5999
        },
        "2012-08": {
            "month": "2012-08",
            "price": "22.75",
            "revenue": 15513
        },
        "2012-09": {
            "month": "2012-09",
            "price": "22.60",
            "revenue": 19549
        },
        "2012-10": {
            "month": "2012-10",
            "price": "21.74",
            "revenue": 7500
        },
        "2012-11": {
            "month": "2012-11",
            "price": "21.51",
            "revenue": 9628
        },
        "2012-12": {
            "month": "2012-12",
            "price": "20.07",
            "revenue": 21937
        },
        "2013-01": {
            "month": "2013-01",
            "price": "19.12",
            "revenue": 13563
        },
        "2013-02": {
            "month": "2013-02",
            "price": "19.22",
            "revenue": 8045
        },
        "2013-03": {
            "month": "2013-03",
            "price": "19.16",
            "revenue": 13793
        },
        "2013-04": {
            "month": "2013-04",
            "price": "19.20",
            "revenue": 8834
        },
        "2013-05": {
            "month": "2013-05",
            "price": "20.81",
            "revenue": 11685
        },
        "2013-06": {
            "month": "2013-06",
            "price": "23.48",
            "revenue": 31517
        },
        "2013-07": {
            "month": "2013-07",
            "price": "22.07",
            "revenue": 12109
        },
        "2013-08": {
            "month": "2013-08",
            "price": "27.18",
            "revenue": 16129
        },
        "2013-09": {
            "month": "2013-09",
            "price": "29.18",
            "revenue": 14452
        },
        "2013-10": {
            "month": "2013-10",
            "price": "36.35",
            "revenue": 10257
        },
        "2013-11": {
            "month": "2013-11",
            "price": "36.41",
            "revenue": 8576
        },
        "2013-12": {
            "month": "2013-12",
            "price": "56.15",
            "revenue": 85583
        },
        "2014-01": {
            "month": "2014-01",
            "price": "66.15",
            "revenue": 4619
        },
        "2014-02": {
            "month": "2014-02",
            "price": "63.65",
            "revenue": 10924
        },
        "2014-03": {
            "month": "2014-03",
            "price": "64.03",
            "revenue": 19883
        },
        "2014-04": {
            "month": "2014-04",
            "price": "63.93",
            "revenue": 8925
        },
        "2014-05": {
            "month": "2014-05",
            "price": "63.56",
            "revenue": 10547
        },
        "2014-06": {
            "month": "2014-06",
            "price": "55.86",
            "revenue": 12916
        },
        "2014-07": {
            "month": "2014-07",
            "price": "55.53",
            "revenue": 14270
        },
        "2014-08": {
            "month": "2014-08",
            "price": "46.53",
            "revenue": 14452
        },
        "2014-09": {
            "month": "2014-09",
            "price": "45.38",
            "revenue": 12451
        },
        "2014-10": {
            "month": "2014-10",
            "price": "44.59",
            "revenue": 13826
        },
        "2014-11": {
            "month": "2014-11",
            "price": "39.36",
            "revenue": 19772
        },
        "2014-12": {
            "month": "2014-12",
            "price": "40.27",
            "revenue": 68400
        },
        "2015-01": {
            "month": "2015-01",
            "price": "39.59",
            "revenue": 12366
        },
        "2015-02": {
            "month": "2015-02",
            "price": "38.76",
            "revenue": 7009
        },
        "2015-03": {
            "month": "2015-03",
            "price": "37.18",
            "revenue": 9976
        },
        "2015-04": {
            "month": "2015-04",
            "price": "33.02",
            "revenue": 9846
        },
        "2015-05": {
            "month": "2015-05",
            "price": "28.17",
            "revenue": 20286
        },
        "2015-06": {
            "month": "2015-06",
            "price": "25.47",
            "revenue": 40826
        },
        "2015-07": {
            "month": "2015-07",
            "price": "26.48",
            "revenue": 14269
        },
        "2015-08": {
            "month": "2015-08",
            "price": "23.90",
            "revenue": 14539
        },
        "2015-09": {
            "month": "2015-09",
            "price": "23.43",
            "revenue": 38733
        },
        "2015-10": {
            "month": "2015-10",
            "price": "27.83",
            "revenue": 16032
        },
        "2015-11": {
            "month": "2015-11",
            "price": "33.37",
            "revenue": 22051
        },
        "2015-12": {
            "month": "2015-12",
            "price": "31.68",
            "revenue": 88143
        },
        "2016-01": {
            "month": "2016-01",
            "price": "30.09",
            "revenue": 6757
        },
        "2016-02": {
            "month": "2016-02",
            "price": "29.18",
            "revenue": 11078
        },
        "2016-03": {
            "month": "2016-03",
            "price": "31.21",
            "revenue": 12076
        },
        "2016-04": {
            "month": "2016-04",
            "price": "30.52",
            "revenue": 14495
        },
        "2016-05": {
            "month": "2016-05",
            "price": "28.54",
            "revenue": 14300
        },
        "2016-06": {
            "month": "2016-06",
            "price": "26.71",
            "revenue": 26707
        },
        "2016-07": {
            "month": "2016-07",
            "price": "27.70",
            "revenue": 23601
        },
        "2016-08": {
            "month": "2016-08",
            "price": "25.85",
            "revenue": 7296
        },
        "2016-09": {
            "month": "2016-09",
            "price": "24.86",
            "revenue": 29664
        },
        "2016-10": {
            "month": "2016-10",
            "price": "23.42",
            "revenue": 9442
        },
        "2016-11": {
            "month": "2016-11",
            "price": "22.00",
            "revenue": 36422
        },
        "2016-12": {
            "month": "2016-12",
            "price": "23.07",
            "revenue": 63206
        },
        "2017-01": {
            "month": "2017-01",
            "price": "23.35",
            "revenue": 8279
        },
        "2017-02": {
            "month": "2017-02",
            "price": "23.18",
            "revenue": 12549
        },
        "2017-03": {
            "month": "2017-03",
            "price": "22.45",
            "revenue": 28904
        },
        "2017-04": {
            "month": "2017-04",
            "price": "20.79",
            "revenue": 14357
        },
        "2017-05": {
            "month": "2017-05",
            "price": "19.88",
            "revenue": 11744
        },
        "2017-06": {
            "month": "2017-06",
            "price": "19.46",
            "revenue": 14389
        },
        "2017-07": {
            "month": "2017-07",
            "price": "18.68",
            "revenue": 20506
        },
        "2017-08": {
            "month": "2017-08",
            "price": "16.93",
            "revenue": 15722
        },
        "2017-09": {
            "month": "2017-09",
            "price": "16.62",
            "revenue": 7951
        },
        "2017-10": {
            "month": "2017-10",
            "price": "15.68",
            "revenue": 8847
        },
        "2017-11": {
            "month": "2017-11",
            "price": "15.27",
            "revenue": 21973
        },
        "2017-12": {
            "month": "2017-12",
            "price": "15.04",
            "revenue": 36092
        },
        "2018-01": {
            "month": "2018-01",
            "price": "15.36",
            "revenue": 8812
        },
        "2018-02": {
            "month": "2018-02",
            "price": "15.33",
            "revenue": 10839
        },
        "2018-03": {
            "month": "2018-03",
            "price": "17.78",
            "revenue": 18289
        },
        "2018-04": {
            "month": "2018-04",
            "price": "20.38",
            "revenue": 8869
        },
        "2018-05": {
            "month": "2018-05",
            "price": "17.47",
            "revenue": 10973
        },
        "2018-06": {
            "month": "2018-06",
            "price": "17.42",
            "revenue": 21256
        },
        "2018-07": {
            "month": "2018-07",
            "price": "16.68",
            "revenue": 10661
        },
        "2018-08": {
            "month": "2018-08",
            "price": "15.93",
            "revenue": 17606
        },
        "2018-09": {
            "month": "2018-09",
            "price": "16.16",
            "revenue": 7371
        },
        "2018-10": {
            "month": "2018-10",
            "price": "15.12",
            "revenue": 22450
        },
        "2018-11": {
            "month": "2018-11",
            "price": "15.14",
            "revenue": 14969
        },
        "2018-12": {
            "month": "2018-12",
            "price": "15.55",
            "revenue": 57682
        },
        "2019-01": {
            "month": "2019-01",
            "price": "16.83",
            "revenue": 8049
        },
        "2019-02": {
            "month": "2019-02",
            "price": "17.22",
            "revenue": 9779
        },
        "2019-03": {
            "month": "2019-03",
            "price": "17.04",
            "revenue": 28932
        },
        "2019-04": {
            "month": "2019-04",
            "price": "17.81",
            "revenue": 10273
        },
        "2019-05": {
            "month": "2019-05",
            "price": "17.28",
            "revenue": 8838
        },
        "2019-06": {
            "month": "2019-06",
            "price": "16.42",
            "revenue": 26968
        },
        "2019-07": {
            "month": "2019-07",
            "price": "16.53",
            "revenue": 9711
        },
        "2019-08": {
            "month": "2019-08",
            "price": "15.91",
            "revenue": 10524
        },
        "2019-09": {
            "month": "2019-09",
            "price": "15.26",
            "revenue": 11877
        },
        "2019-10": {
            "month": "2019-10",
            "price": "14.80",
            "revenue": 8826
        },
        "2019-11": {
            "month": "2019-11",
            "price": "14.60",
            "revenue": 26056
        },
        "2019-12": {
            "month": "2019-12",
            "price": "15.11",
            "revenue": 74810
        },
        "2020-01": {
            "month": "2020-01",
            "price": "14.95",
            "revenue": 41110
        },
        "2020-02": {
            "month": "2020-02",
            "price": "21.59",
            "revenue": 6627
        },
        "2020-03": {
            "month": "2020-03",
            "price": "16.97",
            "revenue": 17715
        },
        "2020-04": {
            "month": "2020-04",
            "price": "15.86",
            "revenue": 8803
        },
        "2020-05": {
            "month": "2020-05",
            "price": "18.26",
            "revenue": 11003
        },
        "2020-06": {
            "month": "2020-06",
            "price": "20.02",
            "revenue": 10109
        },
        "2020-07": {
            "month": "2020-07",
            "price": "21.60",
            "revenue": 14847
        },
        "2020-08": {
            "month": "2020-08",
            "price": "19.82",
            "revenue": 10769
        },
        "2020-09": {
            "month": "2020-09",
            "price": "19.36",
            "revenue": 17400
        },
        "2020-10": {
            "month": "2020-10",
            "price": "18.66",
            "revenue": 15460
        },
        "2020-11": {
            "month": "2020-11",
            "price": "18.03",
            "revenue": 20836
        },
        "2020-12": {
            "month": "2020-12",
            "price": "18.00",
            "revenue": 40658
        },
        "2021-01": {
            "month": "2021-01",
            "price": "19.23",
            "revenue": 10509
        },
        "2021-02": {
            "month": "2021-02",
            "price": "18.80",
            "revenue": 9796
        },
        "2021-03": {
            "month": "2021-03",
            "price": "18.60",
            "revenue": 7511
        },
        "2021-04": {
            "month": "2021-04",
            "price": "18.65",
            "revenue": 9684
        },
        "2021-05": {
            "month": "2021-05",
            "price": "18.72",
            "revenue": 12933
        },
        "2021-06": {
            "month": "2021-06",
            "price": "18.99",
            "revenue": 10928
        },
        "2021-07": {
            "month": "2021-07",
            "price": "19.25",
            "revenue": 16630
        },
        "2021-08": {
            "month": "2021-08",
            "price": "17.60",
            "revenue": 13321
        },
        "2021-09": {
            "month": "2021-09",
            "price": "16.83",
            "revenue": 17336
        },
        "2021-10": {
            "month": "2021-10",
            "price": "15.76",
            "revenue": 11687
        },
        "2021-11": {
            "month": "2021-11",
            "price": "15.76",
            "revenue": 22005
        },
        "2021-12": {
            "month": "2021-12",
            "price": "16.69",
            "revenue": 52594
        },
        "2022-01": {
            "month": "2022-01",
            "price": "17.39",
            "revenue": 10704
        },
        "2022-02": {
            "month": "2022-02",
            "price": "17.38",
            "revenue": 9577
        },
        "2022-03": {
            "month": "2022-03",
            "price": "16.57",
            "revenue": 191774
        },
        "2022-04": {
            "month": "2022-04",
            "price": "24.76",
            "revenue": 11901
        },
        "2022-05": {
            "month": "2022-05",
            "price": "24.04",
            "revenue": 9205
        },
        "2022-06": {
            "month": "2022-06",
            "price": "25.08",
            "revenue": 13255
        },
        "2022-07": {
            "month": "2022-07",
            "price": "22.25",
            "revenue": 11515
        },
        "2022-08": {
            "month": "2022-08",
            "price": "21.29",
            "revenue": 12871
        },
        "2022-09": {
            "month": "2022-09",
            "price": "21.08",
            "revenue": 15250
        },
        "2022-10": {
            "month": "2022-10",
            "price": "18.23",
            "revenue": 9870
        },
        "2022-11": {
            "month": "2022-11",
            "price": "18.39",
            "revenue": 11360
        },
        "2022-12": {
            "month": "2022-12",
            "price": "19.02",
            "revenue": 76600
        },
        "2023-01": {
            "month": "2023-01",
            "price": "18.94",
            "revenue": 8172
        },
        "2023-02": {
            "month": "2023-02",
            "price": "19.66",
            "revenue": 13149
        },
        "2023-03": {
            "month": "2023-03",
            "price": "20.88",
            "revenue": 10013
        },
        "2023-04": {
            "month": "2023-04",
            "price": "25.23",
            "revenue": 10979
        },
        "2023-05": {
            "month": "2023-05",
            "price": "23.05",
            "revenue": 8691
        },
        "2023-06": {
            "month": "2023-06",
            "price": "23.30",
            "revenue": 14297
        },
        "2023-07": {
            "month": "2023-07",
            "price": "26.48",
            "revenue": 9315
        },
        "2023-08": {
            "month": "2023-08",
            "price": "26.60",
            "revenue": 18824
        },
        "2023-09": {
            "month": "2023-09",
            "price": "26.31",
            "revenue": 15359
        },
        "2023-10": {
            "month": "2023-10",
            "price": "24.84",
            "revenue": 11583
        },
        "2023-11": {
            "month": "2023-11",
            "price": "25.95",
            "revenue": 18988
        },
        "2023-12": {
            "month": "2023-12",
            "price": "25.39",
            "revenue": 66776
        }
    }
}
