{
    "summary": {
        "stock_name": "森田",
        "stock_id": "8410",
        "category": "電腦及週邊設備",
        "main_business": "印刷業<br>製版業<br>電腦及其週邊設備製造業",
        "website_url": "http://www.sentien.com.tw/",
        "ceo": "黃展隆",
        "pe_ratio": 100,
        "report_year_from": 2008,
        "report_year_to": 2023,
        "age": 15,
        "eps_negative_percentage": 7,
        "eps_growth_avg": {
            "last_all": -3.09,
            "last_2y": -9.92,
            "last_4y": -8.78,
            "last_8y": -7.69,
            "last_12y": -3.09,
            "last_16y": null,
            "last_20y": null,
            "at_2006_last_3y": null,
            "at_2007_last_3y": null,
            "at_2008_last_3y": null,
            "at_2009_last_3y": null,
            "at_2010_last_3y": null,
            "at_2011_last_3y": null,
            "at_2012_last_3y": null,
            "at_2013_last_3y": 6.13,
            "at_2014_last_3y": 39.07,
            "at_2015_last_3y": -8.48,
            "at_2016_last_3y": 1.96,
            "at_2017_last_3y": -5.89,
            "at_2018_last_3y": -27.12,
            "at_2019_last_3y": 0.77,
            "at_2020_last_3y": 23.78,
            "at_2021_last_3y": 0.98,
            "at_2022_last_3y": -11.52,
            "at_2023_last_3y": -11.52,
            "at_2006_last_all": null,
            "at_2007_last_all": null,
            "at_2008_last_all": null,
            "at_2009_last_all": null,
            "at_2010_last_all": null,
            "at_2011_last_all": 12.16,
            "at_2012_last_all": -5.16,
            "at_2013_last_all": 6.13,
            "at_2014_last_all": 18.08,
            "at_2015_last_all": -1.6,
            "at_2016_last_all": -1.6,
            "at_2017_last_all": 0.98,
            "at_2018_last_all": 1.13,
            "at_2019_last_all": -0.81,
            "at_2020_last_all": 8.55,
            "at_2021_last_all": 0.98,
            "at_2022_last_all": -3.09,
            "at_2023_last_all": -3.09
        },
        "latest_eps": 0.54,
        "latest_price": 56.7,
        "latest_roe": 1.24,
        "latest_gross_margin": 37.72,
        "latest_equity": 1583365,
        "latest_revenue": 316098,
        "latest_gross_profit": 119246,
        "latest_net_income": 76488,
        "latest_debt_ratio": 27.56,
        "latest_current_ratio": 362.1,
        "latest_account_receivable_turnover_ratio": 0.72,
        "latest_inventory_turnover_ratio": 1.43,
        "latest_reinvestment_rate": 50.84,
        "latest_research_to_sale_ratio": 3.91
    },
    "eps_dividends": {
        "2001": {
            "cash": 0,
            "stock": 0,
            "eps": 0
        },
        "2002": {
            "cash": 0,
            "stock": 0,
            "eps": 0
        },
        "2003": {
            "cash": 0,
            "stock": 0,
            "eps": 0
        },
        "2004": {
            "cash": 0,
            "stock": 0,
            "eps": 0
        },
        "2005": {
            "cash": 0,
            "stock": 0,
            "eps": 0
        },
        "2006": {
            "cash": 0,
            "stock": 0,
            "eps": 0
        },
        "2007": {
            "cash": 0,
            "stock": 0,
            "eps": 0
        },
        "2008": {
            "cash": 0,
            "stock": 0,
            "eps": 0
        },
        "2009": {
            "cash": 0,
            "stock": 0,
            "eps": 6.27
        },
        "2010": {
            "cash": 2,
            "stock": 2,
            "eps": 2.14
        },
        "2011": {
            "cash": 2,
            "stock": 0,
            "eps": 4.07
        },
        "2012": {
            "cash": 2,
            "stock": 0,
            "eps": 2.45
        },
        "2013": {
            "cash": 1.5,
            "stock": 0,
            "eps": 3.43
        },
        "2014": {
            "cash": 1.7,
            "stock": 0,
            "eps": 5.69
        },
        "2015": {
            "cash": 2,
            "stock": 0,
            "eps": -0.18
        },
        "2016": {
            "cash": 0.3,
            "stock": 0,
            "eps": 2.37
        },
        "2017": {
            "cash": 1.5,
            "stock": 0,
            "eps": 2.76
        },
        "2018": {
            "cash": 1.65,
            "stock": 0,
            "eps": 2.82
        },
        "2019": {
            "cash": 1.75,
            "stock": 0,
            "eps": 2.36
        },
        "2020": {
            "cash": 1.5,
            "stock": 0,
            "eps": 4.55
        },
        "2021": {
            "cash": 2.5,
            "stock": 0,
            "eps": 1.15
        },
        "2022": {
            "cash": 0.6,
            "stock": 0,
            "eps": 0.6
        },
        "2023": {
            "cash": 0.61,
            "stock": 0,
            "eps": 2.98
        }
    },
    "dividends": {
        "2010-03-31": {
            "cash": 2,
            "stock": 2
        },
        "2011-03-29": {
            "cash": 2,
            "stock": 0
        },
        "2012-06-20": {
            "cash": 2,
            "stock": 0
        },
        "2013-06-19": {
            "cash": 1.5,
            "stock": 0
        },
        "2014-09-25": {
            "cash": 1.7,
            "stock": 0
        },
        "2015-09-25": {
            "cash": 2,
            "stock": 0
        },
        "2016-09-23": {
            "cash": 0.3,
            "stock": 0
        },
        "2017-09-28": {
            "cash": 1.5,
            "stock": 0
        },
        "2018-09-28": {
            "cash": 1.65,
            "stock": 0
        },
        "2019-09-27": {
            "cash": 1.75,
            "stock": 0
        },
        "2020-09-25": {
            "cash": 1.5,
            "stock": 0
        },
        "2021-09-24": {
            "cash": 2.5,
            "stock": 0
        },
        "2022-09-23": {
            "cash": 0.6,
            "stock": 0
        },
        "2023-09-22": {
            "cash": 0.61,
            "stock": 0
        }
    },
    "prices": {
        "200101": "無",
        "200102": "無",
        "200103": "無",
        "200104": "無",
        "200105": "無",
        "200106": "無",
        "200107": "無",
        "200108": "無",
        "200109": "無",
        "200110": "無",
        "200111": "無",
        "200112": "無",
        "200201": "無",
        "200202": "無",
        "200203": "無",
        "200204": "無",
        "200205": "無",
        "200206": "無",
        "200207": "無",
        "200208": "無",
        "200209": "無",
        "200210": "無",
        "200211": "無",
        "200212": "無",
        "200301": "無",
        "200302": "無",
        "200303": "無",
        "200304": "無",
        "200305": "無",
        "200306": "無",
        "200307": "無",
        "200308": "無",
        "200309": "無",
        "200310": "無",
        "200311": "無",
        "200312": "無",
        "200401": "無",
        "200402": "無",
        "200403": "無",
        "200404": "無",
        "200405": "無",
        "200406": "無",
        "200407": "無",
        "200408": "無",
        "200409": "無",
        "200410": "無",
        "200411": "無",
        "200412": "無",
        "200501": "無",
        "200502": "無",
        "200503": "無",
        "200504": "無",
        "200505": "無",
        "200506": "無",
        "200507": "無",
        "200508": "無",
        "200509": "無",
        "200510": "無",
        "200511": "無",
        "200512": "無",
        "200601": "無",
        "200602": "無",
        "200603": "無",
        "200604": "無",
        "200605": "無",
        "200606": "無",
        "200607": "無",
        "200608": "無",
        "200609": "無",
        "200610": "無",
        "200611": "無",
        "200612": "無",
        "200701": "無",
        "200702": "無",
        "200703": "無",
        "200704": "無",
        "200705": "無",
        "200706": "無",
        "200707": "無",
        "200708": "無",
        "200709": "無",
        "200710": "無",
        "200711": "無",
        "200712": "無",
        "200801": "無",
        "200802": "無",
        "200803": "無",
        "200804": "無",
        "200805": "無",
        "200806": "無",
        "200807": "無",
        "200808": "無",
        "200809": "無",
        "200810": "無",
        "200811": "無",
        "200812": "無",
        "200901": "無",
        "200902": "無",
        "200903": "無",
        "200904": "無",
        "200905": "無",
        "200906": "無",
        "200907": "無",
        "200908": "無",
        "200909": "無",
        "200910": "無",
        "200911": "134.65",
        "200912": "131.93",
        "201001": "127.63",
        "201002": "121.59",
        "201003": "136.40",
        "201004": "146.49",
        "201005": "131.31",
        "201006": "121.96",
        "201007": "108.29",
        "201008": "94.56",
        "201009": "65.55",
        "201010": "68.34",
        "201011": "59.11",
        "201012": "69.41",
        "201101": "71.34",
        "201102": "64.27",
        "201103": "75.21",
        "201104": "71.31",
        "201105": "66.21",
        "201106": "66.45",
        "201107": "63.56",
        "201108": "51.26",
        "201109": "48.29",
        "201110": "47.44",
        "201111": "55.30",
        "201112": "44.12",
        "201201": "41.58",
        "201202": "51.39",
        "201203": "56.63",
        "201204": "53.15",
        "201205": "44.12",
        "201206": "39.42",
        "201207": "38.22",
        "201208": "43.07",
        "201209": "51.89",
        "201210": "42.26",
        "201211": "39.10",
        "201212": "37.91",
        "201301": "37.50",
        "201302": "35.23",
        "201303": "33.50",
        "201304": "30.54",
        "201305": "29.35",
        "201306": "30.94",
        "201307": "35.21",
        "201308": "33.31",
        "201309": "31.98",
        "201310": "30.85",
        "201311": "29.10",
        "201312": "30.94",
        "201401": "33.48",
        "201402": "33.62",
        "201403": "35.73",
        "201404": "43.29",
        "201405": "44.26",
        "201406": "50.56",
        "201407": "47.05",
        "201408": "43.57",
        "201409": "43.71",
        "201410": "37.09",
        "201411": "37.60",
        "201412": "37.56",
        "201501": "38.67",
        "201502": "36.94",
        "201503": "36.63",
        "201504": "36.63",
        "201505": "30.99",
        "201506": "24.41",
        "201507": "22.26",
        "201508": "17.30",
        "201509": "17.16",
        "201510": "18.21",
        "201511": "20.77",
        "201512": "18.76",
        "201601": "16.86",
        "201602": "17.61",
        "201603": "19.53",
        "201604": "21.32",
        "201605": "19.77",
        "201606": "19.99",
        "201607": "20.93",
        "201608": "22.53",
        "201609": "28.29",
        "201610": "27.71",
        "201611": "23.95",
        "201612": "24.78",
        "201701": "25.52",
        "201702": "26.22",
        "201703": "28.11",
        "201704": "27.98",
        "201705": "27.87",
        "201706": "29.84",
        "201707": "31.27",
        "201708": "32.01",
        "201709": "32.41",
        "201710": "32.22",
        "201711": "37.60",
        "201712": "38.96",
        "201801": "40.01",
        "201802": "34.87",
        "201803": "33.42",
        "201804": "33.04",
        "201805": "30.77",
        "201806": "30.56",
        "201807": "30.41",
        "201808": "30.40",
        "201809": "29.20",
        "201810": "24.25",
        "201811": "22.55",
        "201812": "25.05",
        "201901": "24.96",
        "201902": "25.65",
        "201903": "27.05",
        "201904": "27.64",
        "201905": "26.16",
        "201906": "25.90",
        "201907": "26.33",
        "201908": "26.69",
        "201909": "24.92",
        "201910": "25.40",
        "201911": "27.31",
        "201912": "27.41",
        "202001": "26.97",
        "202002": "26.08",
        "202003": "23.38",
        "202004": "26.44",
        "202005": "37.60",
        "202006": "46.90",
        "202007": "45.05",
        "202008": "48.21",
        "202009": "50.44",
        "202010": "43.14",
        "202011": "44.63",
        "202012": "44.60",
        "202101": "43.90",
        "202102": "45.00",
        "202103": "47.52",
        "202104": "53.94",
        "202105": "44.79",
        "202106": "42.40",
        "202107": "41.50",
        "202108": "36.12",
        "202109": "31.88",
        "202110": "32.35",
        "202111": "32.38",
        "202112": "31.76",
        "202201": "33.65",
        "202202": "32.60",
        "202203": "32.03",
        "202204": "31.57",
        "202205": "29.93",
        "202206": "29.95",
        "202207": "29.16",
        "202208": "32.62",
        "202209": "32.95",
        "202210": "31.63",
        "202211": "29.72",
        "202212": "29.40",
        "202301": "29.34",
        "202302": "29.32",
        "202303": "30.04",
        "202304": "30.04",
        "202305": "35.02",
        "202306": "44.39",
        "202307": "49.59",
        "202308": "54.20",
        "202309": "57.64"
    },
    "quarters": {
        "20011": {
            "year_quarter": 20011,
            "year": 2001,
            "quarter": 1,
            "eps": null,
            "eps_growth_year": null,
            "eps_4q": null,
            "eps_4q_growth_year": null,
            "roe": null,
            "roe_4q": 0,
            "gross_profit": null,
            "gross_margin": null,
            "gross_margin_4q_avg": 0,
            "net_income": null,
            "revenue": null,
            "common_shares": null,
            "book_valuer_per_share": null,
            "book_valuer_per_share_4q_avg": 0,
            "equity": null,
            "current_ratio": null,
            "debt_ratio": null,
            "inventory_turnover_ratio": null,
            "account_receivable_turnover_ratio": null,
            "reinvestment_rate": null,
            "research_to_sale_ratio": null,
            "price_fair": 0,
            "eps_avg_yearly": 0,
            "eps_latest_yearly": 0,
            "eps_growth_yearly": 0
        },
        "20012": {
            "year_quarter": 20012,
            "year": 2001,
            "quarter": 2,
            "eps": null,
            "eps_growth_year": null,
            "eps_4q": null,
            "eps_4q_growth_year": null,
            "roe": null,
            "roe_4q": 0,
            "gross_profit": null,
            "gross_margin": null,
            "gross_margin_4q_avg": 0,
            "net_income": null,
            "revenue": null,
            "common_shares": null,
            "book_valuer_per_share": null,
            "book_valuer_per_share_4q_avg": 0,
            "equity": null,
            "current_ratio": null,
            "debt_ratio": null,
            "inventory_turnover_ratio": null,
            "account_receivable_turnover_ratio": null,
            "reinvestment_rate": null,
            "research_to_sale_ratio": null,
            "price_fair": 0,
            "eps_avg_yearly": 0,
            "eps_latest_yearly": 0,
            "eps_growth_yearly": 0
        },
        "20013": {
            "year_quarter": 20013,
            "year": 2001,
            "quarter": 3,
            "eps": null,
            "eps_growth_year": null,
            "eps_4q": null,
            "eps_4q_growth_year": null,
            "roe": null,
            "roe_4q": 0,
            "gross_profit": null,
            "gross_margin": null,
            "gross_margin_4q_avg": 0,
            "net_income": null,
            "revenue": null,
            "common_shares": null,
            "book_valuer_per_share": null,
            "book_valuer_per_share_4q_avg": 0,
            "equity": null,
            "current_ratio": null,
            "debt_ratio": null,
            "inventory_turnover_ratio": null,
            "account_receivable_turnover_ratio": null,
            "reinvestment_rate": null,
            "research_to_sale_ratio": null,
            "price_fair": 0,
            "eps_avg_yearly": 0,
            "eps_latest_yearly": 0,
            "eps_growth_yearly": 0
        },
        "20014": {
            "year_quarter": 20014,
            "year": 2001,
            "quarter": 4,
            "eps": null,
            "eps_growth_year": null,
            "eps_4q": null,
            "eps_4q_growth_year": null,
            "roe": null,
            "roe_4q": 0,
            "gross_profit": null,
            "gross_margin": null,
            "gross_margin_4q_avg": 0,
            "net_income": null,
            "revenue": null,
            "common_shares": null,
            "book_valuer_per_share": null,
            "book_valuer_per_share_4q_avg": 0,
            "equity": null,
            "current_ratio": null,
            "debt_ratio": null,
            "inventory_turnover_ratio": null,
            "account_receivable_turnover_ratio": null,
            "reinvestment_rate": null,
            "research_to_sale_ratio": null,
            "price_fair": 0,
            "eps_avg_yearly": 0,
            "eps_latest_yearly": 0,
            "eps_growth_yearly": 0
        },
        "20021": {
            "year_quarter": 20021,
            "year": 2002,
            "quarter": 1,
            "eps": null,
            "eps_growth_year": null,
            "eps_4q": null,
            "eps_4q_growth_year": null,
            "roe": null,
            "roe_4q": 0,
            "gross_profit": null,
            "gross_margin": null,
            "gross_margin_4q_avg": 0,
            "net_income": null,
            "revenue": null,
            "common_shares": null,
            "book_valuer_per_share": null,
            "book_valuer_per_share_4q_avg": 0,
            "equity": null,
            "current_ratio": null,
            "debt_ratio": null,
            "inventory_turnover_ratio": null,
            "account_receivable_turnover_ratio": null,
            "reinvestment_rate": null,
            "research_to_sale_ratio": null,
            "price_fair": 0,
            "eps_avg_yearly": 0,
            "eps_latest_yearly": 0,
            "eps_growth_yearly": 0
        },
        "20022": {
            "year_quarter": 20022,
            "year": 2002,
            "quarter": 2,
            "eps": null,
            "eps_growth_year": null,
            "eps_4q": null,
            "eps_4q_growth_year": null,
            "roe": null,
            "roe_4q": 0,
            "gross_profit": null,
            "gross_margin": null,
            "gross_margin_4q_avg": 0,
            "net_income": null,
            "revenue": null,
            "common_shares": null,
            "book_valuer_per_share": null,
            "book_valuer_per_share_4q_avg": 0,
            "equity": null,
            "current_ratio": null,
            "debt_ratio": null,
            "inventory_turnover_ratio": null,
            "account_receivable_turnover_ratio": null,
            "reinvestment_rate": null,
            "research_to_sale_ratio": null,
            "price_fair": 0,
            "eps_avg_yearly": 0,
            "eps_latest_yearly": 0,
            "eps_growth_yearly": 0
        },
        "20023": {
            "year_quarter": 20023,
            "year": 2002,
            "quarter": 3,
            "eps": null,
            "eps_growth_year": null,
            "eps_4q": null,
            "eps_4q_growth_year": null,
            "roe": null,
            "roe_4q": 0,
            "gross_profit": null,
            "gross_margin": null,
            "gross_margin_4q_avg": 0,
            "net_income": null,
            "revenue": null,
            "common_shares": null,
            "book_valuer_per_share": null,
            "book_valuer_per_share_4q_avg": 0,
            "equity": null,
            "current_ratio": null,
            "debt_ratio": null,
            "inventory_turnover_ratio": null,
            "account_receivable_turnover_ratio": null,
            "reinvestment_rate": null,
            "research_to_sale_ratio": null,
            "price_fair": 0,
            "eps_avg_yearly": 0,
            "eps_latest_yearly": 0,
            "eps_growth_yearly": 0
        },
        "20024": {
            "year_quarter": 20024,
            "year": 2002,
            "quarter": 4,
            "eps": null,
            "eps_growth_year": null,
            "eps_4q": null,
            "eps_4q_growth_year": null,
            "roe": null,
            "roe_4q": 0,
            "gross_profit": null,
            "gross_margin": null,
            "gross_margin_4q_avg": 0,
            "net_income": null,
            "revenue": null,
            "common_shares": null,
            "book_valuer_per_share": null,
            "book_valuer_per_share_4q_avg": 0,
            "equity": null,
            "current_ratio": null,
            "debt_ratio": null,
            "inventory_turnover_ratio": null,
            "account_receivable_turnover_ratio": null,
            "reinvestment_rate": null,
            "research_to_sale_ratio": null,
            "price_fair": 0,
            "eps_avg_yearly": 0,
            "eps_latest_yearly": 0,
            "eps_growth_yearly": 0
        },
        "20031": {
            "year_quarter": 20031,
            "year": 2003,
            "quarter": 1,
            "eps": null,
            "eps_growth_year": null,
            "eps_4q": null,
            "eps_4q_growth_year": null,
            "roe": null,
            "roe_4q": 0,
            "gross_profit": null,
            "gross_margin": null,
            "gross_margin_4q_avg": 0,
            "net_income": null,
            "revenue": null,
            "common_shares": null,
            "book_valuer_per_share": null,
            "book_valuer_per_share_4q_avg": 0,
            "equity": null,
            "current_ratio": null,
            "debt_ratio": null,
            "inventory_turnover_ratio": null,
            "account_receivable_turnover_ratio": null,
            "reinvestment_rate": null,
            "research_to_sale_ratio": null,
            "price_fair": 0,
            "eps_avg_yearly": 0,
            "eps_latest_yearly": 0,
            "eps_growth_yearly": 0
        },
        "20032": {
            "year_quarter": 20032,
            "year": 2003,
            "quarter": 2,
            "eps": null,
            "eps_growth_year": null,
            "eps_4q": null,
            "eps_4q_growth_year": null,
            "roe": null,
            "roe_4q": 0,
            "gross_profit": null,
            "gross_margin": null,
            "gross_margin_4q_avg": 0,
            "net_income": null,
            "revenue": null,
            "common_shares": null,
            "book_valuer_per_share": null,
            "book_valuer_per_share_4q_avg": 0,
            "equity": null,
            "current_ratio": null,
            "debt_ratio": null,
            "inventory_turnover_ratio": null,
            "account_receivable_turnover_ratio": null,
            "reinvestment_rate": null,
            "research_to_sale_ratio": null,
            "price_fair": 0,
            "eps_avg_yearly": 0,
            "eps_latest_yearly": 0,
            "eps_growth_yearly": 0
        },
        "20033": {
            "year_quarter": 20033,
            "year": 2003,
            "quarter": 3,
            "eps": null,
            "eps_growth_year": null,
            "eps_4q": null,
            "eps_4q_growth_year": null,
            "roe": null,
            "roe_4q": 0,
            "gross_profit": null,
            "gross_margin": null,
            "gross_margin_4q_avg": 0,
            "net_income": null,
            "revenue": null,
            "common_shares": null,
            "book_valuer_per_share": null,
            "book_valuer_per_share_4q_avg": 0,
            "equity": null,
            "current_ratio": null,
            "debt_ratio": null,
            "inventory_turnover_ratio": null,
            "account_receivable_turnover_ratio": null,
            "reinvestment_rate": null,
            "research_to_sale_ratio": null,
            "price_fair": 0,
            "eps_avg_yearly": 0,
            "eps_latest_yearly": 0,
            "eps_growth_yearly": 0
        },
        "20034": {
            "year_quarter": 20034,
            "year": 2003,
            "quarter": 4,
            "eps": null,
            "eps_growth_year": null,
            "eps_4q": null,
            "eps_4q_growth_year": null,
            "roe": null,
            "roe_4q": 0,
            "gross_profit": null,
            "gross_margin": null,
            "gross_margin_4q_avg": 0,
            "net_income": null,
            "revenue": null,
            "common_shares": null,
            "book_valuer_per_share": null,
            "book_valuer_per_share_4q_avg": 0,
            "equity": null,
            "current_ratio": null,
            "debt_ratio": null,
            "inventory_turnover_ratio": null,
            "account_receivable_turnover_ratio": null,
            "reinvestment_rate": null,
            "research_to_sale_ratio": null,
            "price_fair": 0,
            "eps_avg_yearly": 0,
            "eps_latest_yearly": 0,
            "eps_growth_yearly": 0
        },
        "20041": {
            "year_quarter": 20041,
            "year": 2004,
            "quarter": 1,
            "eps": null,
            "eps_growth_year": null,
            "eps_4q": null,
            "eps_4q_growth_year": null,
            "roe": null,
            "roe_4q": 0,
            "gross_profit": null,
            "gross_margin": null,
            "gross_margin_4q_avg": 0,
            "net_income": null,
            "revenue": null,
            "common_shares": null,
            "book_valuer_per_share": null,
            "book_valuer_per_share_4q_avg": 0,
            "equity": null,
            "current_ratio": null,
            "debt_ratio": null,
            "inventory_turnover_ratio": null,
            "account_receivable_turnover_ratio": null,
            "reinvestment_rate": null,
            "research_to_sale_ratio": null,
            "price_fair": 0,
            "eps_avg_yearly": 0,
            "eps_latest_yearly": 0,
            "eps_growth_yearly": 0
        },
        "20042": {
            "year_quarter": 20042,
            "year": 2004,
            "quarter": 2,
            "eps": null,
            "eps_growth_year": null,
            "eps_4q": null,
            "eps_4q_growth_year": null,
            "roe": null,
            "roe_4q": 0,
            "gross_profit": null,
            "gross_margin": null,
            "gross_margin_4q_avg": 0,
            "net_income": null,
            "revenue": null,
            "common_shares": null,
            "book_valuer_per_share": null,
            "book_valuer_per_share_4q_avg": 0,
            "equity": null,
            "current_ratio": null,
            "debt_ratio": null,
            "inventory_turnover_ratio": null,
            "account_receivable_turnover_ratio": null,
            "reinvestment_rate": null,
            "research_to_sale_ratio": null,
            "price_fair": 0,
            "eps_avg_yearly": 0,
            "eps_latest_yearly": 0,
            "eps_growth_yearly": 0
        },
        "20043": {
            "year_quarter": 20043,
            "year": 2004,
            "quarter": 3,
            "eps": null,
            "eps_growth_year": null,
            "eps_4q": null,
            "eps_4q_growth_year": null,
            "roe": null,
            "roe_4q": 0,
            "gross_profit": null,
            "gross_margin": null,
            "gross_margin_4q_avg": 0,
            "net_income": null,
            "revenue": null,
            "common_shares": null,
            "book_valuer_per_share": null,
            "book_valuer_per_share_4q_avg": 0,
            "equity": null,
            "current_ratio": null,
            "debt_ratio": null,
            "inventory_turnover_ratio": null,
            "account_receivable_turnover_ratio": null,
            "reinvestment_rate": null,
            "research_to_sale_ratio": null,
            "price_fair": 0,
            "eps_avg_yearly": 0,
            "eps_latest_yearly": 0,
            "eps_growth_yearly": 0
        },
        "20044": {
            "year_quarter": 20044,
            "year": 2004,
            "quarter": 4,
            "eps": null,
            "eps_growth_year": null,
            "eps_4q": null,
            "eps_4q_growth_year": null,
            "roe": null,
            "roe_4q": 0,
            "gross_profit": null,
            "gross_margin": null,
            "gross_margin_4q_avg": 0,
            "net_income": null,
            "revenue": null,
            "common_shares": 60000,
            "book_valuer_per_share": 14.22,
            "book_valuer_per_share_4q_avg": 3.56,
            "equity": 85342,
            "current_ratio": 129.6,
            "debt_ratio": 74.75,
            "inventory_turnover_ratio": null,
            "account_receivable_turnover_ratio": null,
            "reinvestment_rate": null,
            "research_to_sale_ratio": null,
            "price_fair": 0,
            "eps_avg_yearly": 0,
            "eps_latest_yearly": 0,
            "eps_growth_yearly": 0
        },
        "20051": {
            "year_quarter": 20051,
            "year": 2005,
            "quarter": 1,
            "eps": null,
            "eps_growth_year": null,
            "eps_4q": null,
            "eps_4q_growth_year": null,
            "roe": null,
            "roe_4q": 0,
            "gross_profit": null,
            "gross_margin": null,
            "gross_margin_4q_avg": 0,
            "net_income": null,
            "revenue": null,
            "common_shares": null,
            "book_valuer_per_share": null,
            "book_valuer_per_share_4q_avg": 3.56,
            "equity": null,
            "current_ratio": null,
            "debt_ratio": null,
            "inventory_turnover_ratio": null,
            "account_receivable_turnover_ratio": null,
            "reinvestment_rate": null,
            "research_to_sale_ratio": null,
            "price_fair": 0,
            "eps_avg_yearly": 0,
            "eps_latest_yearly": 0,
            "eps_growth_yearly": 0
        },
        "20052": {
            "year_quarter": 20052,
            "year": 2005,
            "quarter": 2,
            "eps": null,
            "eps_growth_year": null,
            "eps_4q": null,
            "eps_4q_growth_year": null,
            "roe": null,
            "roe_4q": 0,
            "gross_profit": null,
            "gross_margin": null,
            "gross_margin_4q_avg": 0,
            "net_income": null,
            "revenue": null,
            "common_shares": null,
            "book_valuer_per_share": null,
            "book_valuer_per_share_4q_avg": 3.56,
            "equity": null,
            "current_ratio": null,
            "debt_ratio": null,
            "inventory_turnover_ratio": null,
            "account_receivable_turnover_ratio": null,
            "reinvestment_rate": null,
            "research_to_sale_ratio": null,
            "price_fair": 0,
            "eps_avg_yearly": 0,
            "eps_latest_yearly": 0,
            "eps_growth_yearly": 0
        },
        "20053": {
            "year_quarter": 20053,
            "year": 2005,
            "quarter": 3,
            "eps": null,
            "eps_growth_year": null,
            "eps_4q": null,
            "eps_4q_growth_year": null,
            "roe": null,
            "roe_4q": 0,
            "gross_profit": null,
            "gross_margin": null,
            "gross_margin_4q_avg": 0,
            "net_income": null,
            "revenue": null,
            "common_shares": null,
            "book_valuer_per_share": null,
            "book_valuer_per_share_4q_avg": 3.56,
            "equity": null,
            "current_ratio": null,
            "debt_ratio": null,
            "inventory_turnover_ratio": null,
            "account_receivable_turnover_ratio": null,
            "reinvestment_rate": null,
            "research_to_sale_ratio": null,
            "price_fair": 0,
            "eps_avg_yearly": 0,
            "eps_latest_yearly": 0,
            "eps_growth_yearly": 0
        },
        "20054": {
            "year_quarter": 20054,
            "year": 2005,
            "quarter": 4,
            "eps": null,
            "eps_growth_year": null,
            "eps_4q": null,
            "eps_4q_growth_year": null,
            "roe": null,
            "roe_4q": 0,
            "gross_profit": null,
            "gross_margin": null,
            "gross_margin_4q_avg": 0,
            "net_income": null,
            "revenue": null,
            "common_shares": 80000,
            "book_valuer_per_share": 14.1,
            "book_valuer_per_share_4q_avg": 3.53,
            "equity": 112794,
            "current_ratio": 155.32,
            "debt_ratio": 69.17,
            "inventory_turnover_ratio": null,
            "account_receivable_turnover_ratio": null,
            "reinvestment_rate": null,
            "research_to_sale_ratio": null,
            "price_fair": 0,
            "eps_avg_yearly": 0,
            "eps_latest_yearly": 0,
            "eps_growth_yearly": 0
        },
        "20061": {
            "year_quarter": 20061,
            "year": 2006,
            "quarter": 1,
            "eps": null,
            "eps_growth_year": null,
            "eps_4q": null,
            "eps_4q_growth_year": null,
            "roe": null,
            "roe_4q": 0,
            "gross_profit": null,
            "gross_margin": null,
            "gross_margin_4q_avg": 0,
            "net_income": null,
            "revenue": null,
            "common_shares": null,
            "book_valuer_per_share": null,
            "book_valuer_per_share_4q_avg": 3.53,
            "equity": null,
            "current_ratio": null,
            "debt_ratio": null,
            "inventory_turnover_ratio": null,
            "account_receivable_turnover_ratio": null,
            "reinvestment_rate": null,
            "research_to_sale_ratio": null,
            "price_fair": 0,
            "eps_avg_yearly": 0,
            "eps_latest_yearly": 0,
            "eps_growth_yearly": 0
        },
        "20062": {
            "year_quarter": 20062,
            "year": 2006,
            "quarter": 2,
            "eps": null,
            "eps_growth_year": null,
            "eps_4q": null,
            "eps_4q_growth_year": null,
            "roe": null,
            "roe_4q": 0,
            "gross_profit": null,
            "gross_margin": null,
            "gross_margin_4q_avg": 0,
            "net_income": null,
            "revenue": null,
            "common_shares": null,
            "book_valuer_per_share": null,
            "book_valuer_per_share_4q_avg": 3.53,
            "equity": null,
            "current_ratio": null,
            "debt_ratio": null,
            "inventory_turnover_ratio": null,
            "account_receivable_turnover_ratio": null,
            "reinvestment_rate": null,
            "research_to_sale_ratio": null,
            "price_fair": 0,
            "eps_avg_yearly": 0,
            "eps_latest_yearly": 0,
            "eps_growth_yearly": 0
        },
        "20063": {
            "year_quarter": 20063,
            "year": 2006,
            "quarter": 3,
            "eps": null,
            "eps_growth_year": null,
            "eps_4q": null,
            "eps_4q_growth_year": null,
            "roe": null,
            "roe_4q": 0,
            "gross_profit": null,
            "gross_margin": null,
            "gross_margin_4q_avg": 0,
            "net_income": null,
            "revenue": null,
            "common_shares": null,
            "book_valuer_per_share": null,
            "book_valuer_per_share_4q_avg": 3.53,
            "equity": null,
            "current_ratio": null,
            "debt_ratio": null,
            "inventory_turnover_ratio": null,
            "account_receivable_turnover_ratio": null,
            "reinvestment_rate": null,
            "research_to_sale_ratio": null,
            "price_fair": 0,
            "eps_avg_yearly": 0,
            "eps_latest_yearly": 0,
            "eps_growth_yearly": 0
        },
        "20064": {
            "year_quarter": 20064,
            "year": 2006,
            "quarter": 4,
            "eps": null,
            "eps_growth_year": null,
            "eps_4q": null,
            "eps_4q_growth_year": null,
            "roe": null,
            "roe_4q": 0,
            "gross_profit": null,
            "gross_margin": null,
            "gross_margin_4q_avg": 0,
            "net_income": null,
            "revenue": null,
            "common_shares": 80000,
            "book_valuer_per_share": 16.2,
            "book_valuer_per_share_4q_avg": 4.05,
            "equity": 129628,
            "current_ratio": 126.7,
            "debt_ratio": 67.84,
            "inventory_turnover_ratio": null,
            "account_receivable_turnover_ratio": null,
            "reinvestment_rate": null,
            "research_to_sale_ratio": null,
            "price_fair": 0,
            "eps_avg_yearly": 0,
            "eps_latest_yearly": 0,
            "eps_growth_yearly": 0
        },
        "20071": {
            "year_quarter": 20071,
            "year": 2007,
            "quarter": 1,
            "eps": null,
            "eps_growth_year": null,
            "eps_4q": null,
            "eps_4q_growth_year": null,
            "roe": null,
            "roe_4q": 0,
            "gross_profit": null,
            "gross_margin": null,
            "gross_margin_4q_avg": 0,
            "net_income": null,
            "revenue": null,
            "common_shares": null,
            "book_valuer_per_share": null,
            "book_valuer_per_share_4q_avg": 4.05,
            "equity": null,
            "current_ratio": null,
            "debt_ratio": null,
            "inventory_turnover_ratio": null,
            "account_receivable_turnover_ratio": null,
            "reinvestment_rate": null,
            "research_to_sale_ratio": null,
            "price_fair": 0,
            "eps_avg_yearly": 0,
            "eps_latest_yearly": 0,
            "eps_growth_yearly": 0
        },
        "20072": {
            "year_quarter": 20072,
            "year": 2007,
            "quarter": 2,
            "eps": null,
            "eps_growth_year": null,
            "eps_4q": null,
            "eps_4q_growth_year": null,
            "roe": null,
            "roe_4q": 0,
            "gross_profit": null,
            "gross_margin": null,
            "gross_margin_4q_avg": 0,
            "net_income": null,
            "revenue": null,
            "common_shares": null,
            "book_valuer_per_share": null,
            "book_valuer_per_share_4q_avg": 4.05,
            "equity": null,
            "current_ratio": null,
            "debt_ratio": null,
            "inventory_turnover_ratio": null,
            "account_receivable_turnover_ratio": null,
            "reinvestment_rate": null,
            "research_to_sale_ratio": null,
            "price_fair": 0,
            "eps_avg_yearly": 0,
            "eps_latest_yearly": 0,
            "eps_growth_yearly": 0
        },
        "20073": {
            "year_quarter": 20073,
            "year": 2007,
            "quarter": 3,
            "eps": null,
            "eps_growth_year": null,
            "eps_4q": null,
            "eps_4q_growth_year": null,
            "roe": null,
            "roe_4q": 0,
            "gross_profit": null,
            "gross_margin": null,
            "gross_margin_4q_avg": 0,
            "net_income": null,
            "revenue": null,
            "common_shares": null,
            "book_valuer_per_share": null,
            "book_valuer_per_share_4q_avg": 4.05,
            "equity": null,
            "current_ratio": null,
            "debt_ratio": null,
            "inventory_turnover_ratio": null,
            "account_receivable_turnover_ratio": null,
            "reinvestment_rate": null,
            "research_to_sale_ratio": null,
            "price_fair": 0,
            "eps_avg_yearly": 0,
            "eps_latest_yearly": 0,
            "eps_growth_yearly": 0
        },
        "20074": {
            "year_quarter": 20074,
            "year": 2007,
            "quarter": 4,
            "eps": null,
            "eps_growth_year": null,
            "eps_4q": null,
            "eps_4q_growth_year": null,
            "roe": null,
            "roe_4q": 0,
            "gross_profit": null,
            "gross_margin": null,
            "gross_margin_4q_avg": 0,
            "net_income": null,
            "revenue": null,
            "common_shares": 110000,
            "book_valuer_per_share": 14.89,
            "book_valuer_per_share_4q_avg": 3.72,
            "equity": 163763,
            "current_ratio": 109.33,
            "debt_ratio": 63.6,
            "inventory_turnover_ratio": null,
            "account_receivable_turnover_ratio": null,
            "reinvestment_rate": null,
            "research_to_sale_ratio": null,
            "price_fair": 0,
            "eps_avg_yearly": 0,
            "eps_latest_yearly": 0,
            "eps_growth_yearly": 0
        },
        "20081": {
            "year_quarter": 20081,
            "year": 2008,
            "quarter": 1,
            "eps": null,
            "eps_growth_year": null,
            "eps_4q": null,
            "eps_4q_growth_year": null,
            "roe": null,
            "roe_4q": 0,
            "gross_profit": null,
            "gross_margin": null,
            "gross_margin_4q_avg": 0,
            "net_income": null,
            "revenue": null,
            "common_shares": null,
            "book_valuer_per_share": null,
            "book_valuer_per_share_4q_avg": 3.72,
            "equity": null,
            "current_ratio": null,
            "debt_ratio": null,
            "inventory_turnover_ratio": null,
            "account_receivable_turnover_ratio": null,
            "reinvestment_rate": null,
            "research_to_sale_ratio": null,
            "price_fair": 0,
            "eps_avg_yearly": 0,
            "eps_latest_yearly": 0,
            "eps_growth_yearly": 0
        },
        "20082": {
            "year_quarter": 20082,
            "year": 2008,
            "quarter": 2,
            "eps": null,
            "eps_growth_year": null,
            "eps_4q": null,
            "eps_4q_growth_year": null,
            "roe": null,
            "roe_4q": 0,
            "gross_profit": null,
            "gross_margin": null,
            "gross_margin_4q_avg": 0,
            "net_income": null,
            "revenue": null,
            "common_shares": null,
            "book_valuer_per_share": null,
            "book_valuer_per_share_4q_avg": 3.72,
            "equity": null,
            "current_ratio": null,
            "debt_ratio": null,
            "inventory_turnover_ratio": null,
            "account_receivable_turnover_ratio": null,
            "reinvestment_rate": null,
            "research_to_sale_ratio": null,
            "price_fair": 0,
            "eps_avg_yearly": 0,
            "eps_latest_yearly": 0,
            "eps_growth_yearly": 0
        },
        "20083": {
            "year_quarter": 20083,
            "year": 2008,
            "quarter": 3,
            "eps": null,
            "eps_growth_year": null,
            "eps_4q": null,
            "eps_4q_growth_year": null,
            "roe": null,
            "roe_4q": 0,
            "gross_profit": null,
            "gross_margin": null,
            "gross_margin_4q_avg": 0,
            "net_income": null,
            "revenue": null,
            "common_shares": null,
            "book_valuer_per_share": null,
            "book_valuer_per_share_4q_avg": 3.72,
            "equity": null,
            "current_ratio": null,
            "debt_ratio": null,
            "inventory_turnover_ratio": null,
            "account_receivable_turnover_ratio": null,
            "reinvestment_rate": null,
            "research_to_sale_ratio": null,
            "price_fair": 0,
            "eps_avg_yearly": 0,
            "eps_latest_yearly": 0,
            "eps_growth_yearly": 0
        },
        "20084": {
            "year_quarter": 20084,
            "year": 2008,
            "quarter": 4,
            "eps": null,
            "eps_growth_year": null,
            "eps_4q": null,
            "eps_4q_growth_year": null,
            "roe": null,
            "roe_4q": 0,
            "gross_profit": null,
            "gross_margin": null,
            "gross_margin_4q_avg": 0,
            "net_income": null,
            "revenue": null,
            "common_shares": 154000,
            "book_valuer_per_share": 20.76,
            "book_valuer_per_share_4q_avg": 5.19,
            "equity": 319629,
            "current_ratio": 135.89,
            "debt_ratio": 53.87,
            "inventory_turnover_ratio": null,
            "account_receivable_turnover_ratio": null,
            "reinvestment_rate": null,
            "research_to_sale_ratio": null,
            "price_fair": 0,
            "eps_avg_yearly": 0,
            "eps_latest_yearly": 0,
            "eps_growth_yearly": 0
        },
        "20091": {
            "year_quarter": 20091,
            "year": 2009,
            "quarter": 1,
            "eps": null,
            "eps_growth_year": null,
            "eps_4q": null,
            "eps_4q_growth_year": null,
            "roe": null,
            "roe_4q": 0,
            "gross_profit": null,
            "gross_margin": null,
            "gross_margin_4q_avg": 0,
            "net_income": null,
            "revenue": null,
            "common_shares": null,
            "book_valuer_per_share": null,
            "book_valuer_per_share_4q_avg": 5.19,
            "equity": null,
            "current_ratio": null,
            "debt_ratio": null,
            "inventory_turnover_ratio": null,
            "account_receivable_turnover_ratio": null,
            "reinvestment_rate": null,
            "research_to_sale_ratio": null,
            "price_fair": 0,
            "eps_avg_yearly": 0,
            "eps_latest_yearly": 0,
            "eps_growth_yearly": 0
        },
        "20092": {
            "year_quarter": 20092,
            "year": 2009,
            "quarter": 2,
            "eps": null,
            "eps_growth_year": null,
            "eps_4q": null,
            "eps_4q_growth_year": null,
            "roe": null,
            "roe_4q": 0,
            "gross_profit": null,
            "gross_margin": null,
            "gross_margin_4q_avg": 0,
            "net_income": null,
            "revenue": null,
            "common_shares": 229500,
            "book_valuer_per_share": null,
            "book_valuer_per_share_4q_avg": 5.19,
            "equity": 608439,
            "current_ratio": null,
            "debt_ratio": null,
            "inventory_turnover_ratio": null,
            "account_receivable_turnover_ratio": null,
            "reinvestment_rate": null,
            "research_to_sale_ratio": null,
            "price_fair": 0,
            "eps_avg_yearly": 0,
            "eps_latest_yearly": 0,
            "eps_growth_yearly": 0
        },
        "20093": {
            "year_quarter": 20093,
            "year": 2009,
            "quarter": 3,
            "eps": 4.62,
            "eps_growth_year": null,
            "eps_4q": null,
            "eps_4q_growth_year": null,
            "roe": 15.48,
            "roe_4q": 15.48,
            "gross_profit": 182756,
            "gross_margin": 47.72,
            "gross_margin_4q_avg": 11.93,
            "net_income": 107408,
            "revenue": 382971,
            "common_shares": 277860,
            "book_valuer_per_share": 28.04,
            "book_valuer_per_share_4q_avg": 12.2,
            "equity": 778997,
            "current_ratio": 259.98,
            "debt_ratio": 36.14,
            "inventory_turnover_ratio": 1.85,
            "account_receivable_turnover_ratio": 0.97,
            "reinvestment_rate": null,
            "research_to_sale_ratio": null,
            "price_fair": 0,
            "eps_avg_yearly": 0,
            "eps_latest_yearly": 0,
            "eps_growth_yearly": 0
        },
        "20094": {
            "year_quarter": 20094,
            "year": 2009,
            "quarter": 4,
            "eps": 1.65,
            "eps_growth_year": null,
            "eps_4q": null,
            "eps_4q_growth_year": null,
            "roe": 5.03,
            "roe_4q": 20.51,
            "gross_profit": 82712,
            "gross_margin": 35.66,
            "gross_margin_4q_avg": 20.85,
            "net_income": 40159,
            "revenue": 231972,
            "common_shares": 277860,
            "book_valuer_per_share": 29.41,
            "book_valuer_per_share_4q_avg": 14.36,
            "equity": 817179,
            "current_ratio": 312.25,
            "debt_ratio": 30.08,
            "inventory_turnover_ratio": 1.33,
            "account_receivable_turnover_ratio": 1.29,
            "reinvestment_rate": null,
            "research_to_sale_ratio": null,
            "price_fair": 19.8,
            "eps_avg_yearly": 6.6,
            "eps_latest_yearly": 6.6,
            "eps_growth_yearly": -257.14
        },
        "20101": {
            "year_quarter": 20101,
            "year": 2010,
            "quarter": 1,
            "eps": null,
            "eps_growth_year": null,
            "eps_4q": null,
            "eps_4q_growth_year": null,
            "roe": null,
            "roe_4q": 20.51,
            "gross_profit": 90438,
            "gross_margin": null,
            "gross_margin_4q_avg": 20.85,
            "net_income": 47160,
            "revenue": 279512,
            "common_shares": 277860,
            "book_valuer_per_share": 31.11,
            "book_valuer_per_share_4q_avg": 22.14,
            "equity": 864339,
            "current_ratio": 244.58,
            "debt_ratio": 33.86,
            "inventory_turnover_ratio": null,
            "account_receivable_turnover_ratio": null,
            "reinvestment_rate": null,
            "research_to_sale_ratio": null,
            "price_fair": 19.8,
            "eps_avg_yearly": 6.6,
            "eps_latest_yearly": 6.6,
            "eps_growth_yearly": -257.14
        },
        "20102": {
            "year_quarter": 20102,
            "year": 2010,
            "quarter": 2,
            "eps": 0.79,
            "eps_growth_year": null,
            "eps_4q": 5.21,
            "eps_4q_growth_year": null,
            "roe": 3.08,
            "roe_4q": 23.59,
            "gross_profit": 71367,
            "gross_margin": 32.13,
            "gross_margin_4q_avg": 28.88,
            "net_income": 26207,
            "revenue": 222128,
            "common_shares": 277860,
            "book_valuer_per_share": 30.05,
            "book_valuer_per_share_4q_avg": 29.65,
            "equity": 834974,
            "current_ratio": 142.43,
            "debt_ratio": 40.65,
            "inventory_turnover_ratio": 0.94,
            "account_receivable_turnover_ratio": 1.43,
            "reinvestment_rate": null,
            "research_to_sale_ratio": null,
            "price_fair": 19.8,
            "eps_avg_yearly": 6.6,
            "eps_latest_yearly": 6.6,
            "eps_growth_yearly": -257.14
        },
        "20103": {
            "year_quarter": 20103,
            "year": 2010,
            "quarter": 3,
            "eps": 0.62,
            "eps_growth_year": -86.51,
            "eps_4q": 2.61,
            "eps_4q_growth_year": null,
            "roe": 2.46,
            "roe_4q": 10.57,
            "gross_profit": 75315,
            "gross_margin": 30.09,
            "gross_margin_4q_avg": 24.47,
            "net_income": 20775,
            "revenue": 250267,
            "common_shares": 333432,
            "book_valuer_per_share": 25.66,
            "book_valuer_per_share_4q_avg": 29.06,
            "equity": 855749,
            "current_ratio": 160.41,
            "debt_ratio": 38.83,
            "inventory_turnover_ratio": 1.07,
            "account_receivable_turnover_ratio": 0.85,
            "reinvestment_rate": null,
            "research_to_sale_ratio": 2.92,
            "price_fair": 13.62,
            "eps_avg_yearly": 4.54,
            "eps_latest_yearly": 2.48,
            "eps_growth_yearly": -171.61
        },
        "20104": {
            "year_quarter": 20104,
            "year": 2010,
            "quarter": 4,
            "eps": 0.73,
            "eps_growth_year": -55.69,
            "eps_4q": 2.14,
            "eps_4q_growth_year": null,
            "roe": 2.81,
            "roe_4q": 8.35,
            "gross_profit": 111145,
            "gross_margin": 36.84,
            "gross_margin_4q_avg": 24.77,
            "net_income": 24380,
            "revenue": 301688,
            "common_shares": 333432,
            "book_valuer_per_share": 26.42,
            "book_valuer_per_share_4q_avg": 28.31,
            "equity": 880836,
            "current_ratio": 194.67,
            "debt_ratio": 41.5,
            "inventory_turnover_ratio": 1.1,
            "account_receivable_turnover_ratio": 0.93,
            "reinvestment_rate": null,
            "research_to_sale_ratio": 3.27,
            "price_fair": 12,
            "eps_avg_yearly": 4,
            "eps_latest_yearly": 2.92,
            "eps_growth_yearly": -90.75
        },
        "20111": {
            "year_quarter": 20111,
            "year": 2011,
            "quarter": 1,
            "eps": 1.01,
            "eps_growth_year": null,
            "eps_4q": 2.91,
            "eps_4q_growth_year": null,
            "roe": 3.54,
            "roe_4q": 11.889999999999999,
            "gross_profit": 87916,
            "gross_margin": 29.31,
            "gross_margin_4q_avg": 32.09,
            "net_income": 34956,
            "revenue": 299977,
            "common_shares": 365892,
            "book_valuer_per_share": 29.83,
            "book_valuer_per_share_4q_avg": 27.99,
            "equity": 1091353,
            "current_ratio": 239.16,
            "debt_ratio": 38.76,
            "inventory_turnover_ratio": 0.92,
            "account_receivable_turnover_ratio": 0.82,
            "reinvestment_rate": null,
            "research_to_sale_ratio": 4.19,
            "price_fair": 12.03,
            "eps_avg_yearly": 4.01,
            "eps_latest_yearly": 4.04,
            "eps_growth_yearly": -29.71
        },
        "20112": {
            "year_quarter": 20112,
            "year": 2011,
            "quarter": 2,
            "eps": 1.46,
            "eps_growth_year": 86.04,
            "eps_4q": 3.65,
            "eps_4q_growth_year": -29.93,
            "roe": 4.95,
            "roe_4q": 13.760000000000002,
            "gross_profit": 136769,
            "gross_margin": 33.73,
            "gross_margin_4q_avg": 32.49,
            "net_income": 53501,
            "revenue": 405525,
            "common_shares": 365892,
            "book_valuer_per_share": 29.29,
            "book_valuer_per_share_4q_avg": 27.8,
            "equity": 1071676,
            "current_ratio": 195.47,
            "debt_ratio": 42.87,
            "inventory_turnover_ratio": 0.95,
            "account_receivable_turnover_ratio": 0.9,
            "reinvestment_rate": null,
            "research_to_sale_ratio": 2.86,
            "price_fair": 95.74,
            "eps_avg_yearly": 4.38,
            "eps_latest_yearly": 5.84,
            "eps_growth_yearly": 11.88
        },
        "20113": {
            "year_quarter": 20113,
            "year": 2011,
            "quarter": 3,
            "eps": 1.9,
            "eps_growth_year": 204.6,
            "eps_4q": 4.98,
            "eps_4q_growth_year": 90.62,
            "roe": 6.28,
            "roe_4q": 17.58,
            "gross_profit": 131557,
            "gross_margin": 32.05,
            "gross_margin_4q_avg": 32.98,
            "net_income": 69440,
            "revenue": 410472,
            "common_shares": 365892,
            "book_valuer_per_share": 31.19,
            "book_valuer_per_share_4q_avg": 29.18,
            "equity": 1141116,
            "current_ratio": 220.6,
            "debt_ratio": 38.51,
            "inventory_turnover_ratio": 0.95,
            "account_receivable_turnover_ratio": 0.74,
            "reinvestment_rate": null,
            "research_to_sale_ratio": 3.56,
            "price_fair": 171.97,
            "eps_avg_yearly": 4.91,
            "eps_latest_yearly": 7.6,
            "eps_growth_yearly": 29.99
        },
        "20114": {
            "year_quarter": 20114,
            "year": 2011,
            "quarter": 4,
            "eps": -0.3,
            "eps_growth_year": -140.35,
            "eps_4q": 4.02,
            "eps_4q_growth_year": 87.85,
            "roe": -0.95,
            "roe_4q": 13.82,
            "gross_profit": 42902,
            "gross_margin": 13.92,
            "gross_margin_4q_avg": 27.25,
            "net_income": -10796,
            "revenue": 308213,
            "common_shares": 365892,
            "book_valuer_per_share": 30.93,
            "book_valuer_per_share_4q_avg": 30.31,
            "equity": 1131590,
            "current_ratio": 230.66,
            "debt_ratio": 36.54,
            "inventory_turnover_ratio": 0.94,
            "account_receivable_turnover_ratio": 0.61,
            "reinvestment_rate": null,
            "research_to_sale_ratio": 4.98,
            "price_fair": 171.97,
            "eps_avg_yearly": 4.91,
            "eps_latest_yearly": 7.6,
            "eps_growth_yearly": 29.99
        },
        "20121": {
            "year_quarter": 20121,
            "year": 2012,
            "quarter": 1,
            "eps": -0.65,
            "eps_growth_year": -164.36,
            "eps_4q": 2.42,
            "eps_4q_growth_year": -16.75,
            "roe": -2.11,
            "roe_4q": 8.170000000000002,
            "gross_profit": 27100,
            "gross_margin": 9.59,
            "gross_margin_4q_avg": 22.32,
            "net_income": -23640,
            "revenue": 282595,
            "common_shares": 365892,
            "book_valuer_per_share": 30.28,
            "book_valuer_per_share_4q_avg": 30.42,
            "equity": 1107950,
            "current_ratio": 233.47,
            "debt_ratio": 35.05,
            "inventory_turnover_ratio": 0.94,
            "account_receivable_turnover_ratio": 0.74,
            "reinvestment_rate": null,
            "research_to_sale_ratio": 4.21,
            "price_fair": 171.97,
            "eps_avg_yearly": 4.91,
            "eps_latest_yearly": 7.6,
            "eps_growth_yearly": 29.99
        },
        "20122": {
            "year_quarter": 20122,
            "year": 2012,
            "quarter": 2,
            "eps": 1.23,
            "eps_growth_year": -15.78,
            "eps_4q": 2.19,
            "eps_4q_growth_year": -40.08,
            "roe": 4.12,
            "roe_4q": 7.340000000000001,
            "gross_profit": 117940,
            "gross_margin": 28.33,
            "gross_margin_4q_avg": 20.97,
            "net_income": 45058,
            "revenue": 416368,
            "common_shares": 365892,
            "book_valuer_per_share": 29.51,
            "book_valuer_per_share_4q_avg": 30.48,
            "equity": 1079830,
            "current_ratio": 175.26,
            "debt_ratio": 42.75,
            "inventory_turnover_ratio": 1.11,
            "account_receivable_turnover_ratio": 0.96,
            "reinvestment_rate": null,
            "research_to_sale_ratio": 3.38,
            "price_fair": 171.97,
            "eps_avg_yearly": 4.91,
            "eps_latest_yearly": 7.6,
            "eps_growth_yearly": 29.99
        },
        "20123": {
            "year_quarter": 20123,
            "year": 2012,
            "quarter": 3,
            "eps": 0.94,
            "eps_growth_year": -50.34,
            "eps_4q": 1.23,
            "eps_4q_growth_year": -75.25,
            "roe": 3.14,
            "roe_4q": 4.2,
            "gross_profit": 117236,
            "gross_margin": 31.51,
            "gross_margin_4q_avg": 20.84,
            "net_income": 34485,
            "revenue": 372056,
            "common_shares": 365892,
            "book_valuer_per_share": 30.45,
            "book_valuer_per_share_4q_avg": 30.29,
            "equity": 1114315,
            "current_ratio": 192.14,
            "debt_ratio": 40.01,
            "inventory_turnover_ratio": 0.89,
            "account_receivable_turnover_ratio": 0.71,
            "reinvestment_rate": null,
            "research_to_sale_ratio": 4.66,
            "price_fair": 105.57,
            "eps_avg_yearly": 4.75,
            "eps_latest_yearly": 3.76,
            "eps_growth_yearly": 12.23
        },
        "20124": {
            "year_quarter": 20124,
            "year": 2012,
            "quarter": 4,
            "eps": 0.93,
            "eps_growth_year": null,
            "eps_4q": 2.46,
            "eps_4q_growth_year": -38.88,
            "roe": 3.01,
            "roe_4q": 8.16,
            "gross_profit": 83943,
            "gross_margin": 29.88,
            "gross_margin_4q_avg": 24.83,
            "net_income": 34007,
            "revenue": 280981,
            "common_shares": 365892,
            "book_valuer_per_share": 31.27,
            "book_valuer_per_share_4q_avg": 30.38,
            "equity": 1144286,
            "current_ratio": 265.04,
            "debt_ratio": 32.28,
            "inventory_turnover_ratio": 0.77,
            "account_receivable_turnover_ratio": 0.63,
            "reinvestment_rate": null,
            "research_to_sale_ratio": 5.53,
            "price_fair": 93.19,
            "eps_avg_yearly": 4.62,
            "eps_latest_yearly": 3.72,
            "eps_growth_yearly": 10.17
        },
        "20131": {
            "year_quarter": 20131,
            "year": 2013,
            "quarter": 1,
            "eps": -0.46,
            "eps_growth_year": null,
            "eps_4q": 2.64,
            "eps_4q_growth_year": 9.18,
            "roe": -1.51,
            "roe_4q": 8.76,
            "gross_profit": 30301,
            "gross_margin": 14.73,
            "gross_margin_4q_avg": 26.11,
            "net_income": -16919,
            "revenue": 205757,
            "common_shares": 365892,
            "book_valuer_per_share": 29.84,
            "book_valuer_per_share_4q_avg": 30.27,
            "equity": 1091655,
            "current_ratio": 290.41,
            "debt_ratio": 32.32,
            "inventory_turnover_ratio": 0.81,
            "account_receivable_turnover_ratio": 0.58,
            "reinvestment_rate": null,
            "research_to_sale_ratio": 7.39,
            "price_fair": 93.19,
            "eps_avg_yearly": 4.62,
            "eps_latest_yearly": 3.72,
            "eps_growth_yearly": 10.17
        },
        "20132": {
            "year_quarter": 20132,
            "year": 2013,
            "quarter": 2,
            "eps": 1.89,
            "eps_growth_year": 53.48,
            "eps_4q": 3.29,
            "eps_4q_growth_year": 50.58,
            "roe": 6.28,
            "roe_4q": 10.92,
            "gross_profit": 132786,
            "gross_margin": 35.53,
            "gross_margin_4q_avg": 27.91,
            "net_income": 68988,
            "revenue": 373689,
            "common_shares": 365892,
            "book_valuer_per_share": 30.22,
            "book_valuer_per_share_4q_avg": 30.45,
            "equity": 1105759,
            "current_ratio": 230.16,
            "debt_ratio": 36.73,
            "inventory_turnover_ratio": 1.22,
            "account_receivable_turnover_ratio": 0.95,
            "reinvestment_rate": 77.6,
            "research_to_sale_ratio": 2.74,
            "price_fair": 93.19,
            "eps_avg_yearly": 4.62,
            "eps_latest_yearly": 3.72,
            "eps_growth_yearly": 10.17
        },
        "20133": {
            "year_quarter": 20133,
            "year": 2013,
            "quarter": 3,
            "eps": 0.53,
            "eps_growth_year": -43.77,
            "eps_4q": 2.88,
            "eps_4q_growth_year": 133.57,
            "roe": 1.73,
            "roe_4q": 9.51,
            "gross_profit": 78757,
            "gross_margin": 29.23,
            "gross_margin_4q_avg": 27.34,
            "net_income": 19279,
            "revenue": 269474,
            "common_shares": 365892,
            "book_valuer_per_share": 30.75,
            "book_valuer_per_share_4q_avg": 30.52,
            "equity": 1125038,
            "current_ratio": 261.21,
            "debt_ratio": 32.05,
            "inventory_turnover_ratio": 1,
            "account_receivable_turnover_ratio": 0.57,
            "reinvestment_rate": 86.97,
            "research_to_sale_ratio": 4.25,
            "price_fair": 13.03,
            "eps_avg_yearly": 4.34,
            "eps_latest_yearly": 2.12,
            "eps_growth_yearly": -22.94
        },
        "20134": {
            "year_quarter": 20134,
            "year": 2013,
            "quarter": 4,
            "eps": 1.47,
            "eps_growth_year": 58.5,
            "eps_4q": 3.42,
            "eps_4q_growth_year": 39.3,
            "roe": 4.68,
            "roe_4q": 11.180000000000001,
            "gross_profit": 101829,
            "gross_margin": 32.42,
            "gross_margin_4q_avg": 27.98,
            "net_income": 53900,
            "revenue": 314066,
            "common_shares": 365892,
            "book_valuer_per_share": 32.25,
            "book_valuer_per_share_4q_avg": 30.77,
            "equity": 1179854,
            "current_ratio": 279.15,
            "debt_ratio": 30.17,
            "inventory_turnover_ratio": 1.27,
            "account_receivable_turnover_ratio": 0.71,
            "reinvestment_rate": 68.15,
            "research_to_sale_ratio": 3.41,
            "price_fair": 149.18,
            "eps_avg_yearly": 4.26,
            "eps_latest_yearly": 5.88,
            "eps_growth_yearly": 84.46
        },
        "20141": {
            "year_quarter": 20141,
            "year": 2014,
            "quarter": 1,
            "eps": 0.64,
            "eps_growth_year": null,
            "eps_4q": 4.53,
            "eps_4q_growth_year": 71.54,
            "roe": 1.98,
            "roe_4q": 14.670000000000002,
            "gross_profit": 61295,
            "gross_margin": 29.67,
            "gross_margin_4q_avg": 31.71,
            "net_income": 23591,
            "revenue": 206561,
            "common_shares": 365892,
            "book_valuer_per_share": 32.89,
            "book_valuer_per_share_4q_avg": 31.53,
            "equity": 1203445,
            "current_ratio": 261.61,
            "debt_ratio": 30.66,
            "inventory_turnover_ratio": 0.98,
            "account_receivable_turnover_ratio": 0.55,
            "reinvestment_rate": 59.62,
            "research_to_sale_ratio": 5.21,
            "price_fair": 143.22,
            "eps_avg_yearly": 4.09,
            "eps_latest_yearly": 2.56,
            "eps_growth_yearly": 53.43
        },
        "20142": {
            "year_quarter": 20142,
            "year": 2014,
            "quarter": 2,
            "eps": 0.98,
            "eps_growth_year": -48.15,
            "eps_4q": 3.62,
            "eps_4q_growth_year": 9.99,
            "roe": 3.01,
            "roe_4q": 11.4,
            "gross_profit": 103310,
            "gross_margin": 35.98,
            "gross_margin_4q_avg": 31.83,
            "net_income": 35839,
            "revenue": 287140,
            "common_shares": 365892,
            "book_valuer_per_share": 32.17,
            "book_valuer_per_share_4q_avg": 32.02,
            "equity": 1177082,
            "current_ratio": 213.09,
            "debt_ratio": 34.08,
            "inventory_turnover_ratio": 1.12,
            "account_receivable_turnover_ratio": 0.8,
            "reinvestment_rate": 15.95,
            "research_to_sale_ratio": 3.98,
            "price_fair": 142.67,
            "eps_avg_yearly": 4.08,
            "eps_latest_yearly": 3.92,
            "eps_growth_yearly": 67.89
        },
        "20143": {
            "year_quarter": 20143,
            "year": 2014,
            "quarter": 3,
            "eps": 2.69,
            "eps_growth_year": 407.55,
            "eps_4q": 5.79,
            "eps_4q_growth_year": 101.02,
            "roe": 8.03,
            "roe_4q": 17.7,
            "gross_profit": 55500,
            "gross_margin": 24.62,
            "gross_margin_4q_avg": 30.67,
            "net_income": 98457,
            "revenue": 225414,
            "common_shares": 365892,
            "book_valuer_per_share": 34.86,
            "book_valuer_per_share_4q_avg": 33.04,
            "equity": 1275539,
            "current_ratio": 286.67,
            "debt_ratio": 23.96,
            "inventory_turnover_ratio": 1.09,
            "account_receivable_turnover_ratio": 0.64,
            "reinvestment_rate": -4.5,
            "research_to_sale_ratio": 5.73,
            "price_fair": 169.02,
            "eps_avg_yearly": 4.83,
            "eps_latest_yearly": 10.76,
            "eps_growth_yearly": 139.16
        },
        "20144": {
            "year_quarter": 20144,
            "year": 2014,
            "quarter": 4,
            "eps": 1.38,
            "eps_growth_year": -6.45,
            "eps_4q": 5.69,
            "eps_4q_growth_year": 66.32,
            "roe": 3.87,
            "roe_4q": 16.889999999999997,
            "gross_profit": 79807,
            "gross_margin": 30.68,
            "gross_margin_4q_avg": 30.24,
            "net_income": 50421,
            "revenue": 260100,
            "common_shares": 365892,
            "book_valuer_per_share": 36.27,
            "book_valuer_per_share_4q_avg": 34.05,
            "equity": 1326966,
            "current_ratio": 337.16,
            "debt_ratio": 23.6,
            "inventory_turnover_ratio": 1.33,
            "account_receivable_turnover_ratio": 0.74,
            "reinvestment_rate": -6.46,
            "research_to_sale_ratio": 4.83,
            "price_fair": 177.29,
            "eps_avg_yearly": 5.07,
            "eps_latest_yearly": 5.52,
            "eps_growth_yearly": 115
        },
        "20151": {
            "year_quarter": 20151,
            "year": 2015,
            "quarter": 1,
            "eps": -0.47,
            "eps_growth_year": -173.44,
            "eps_4q": 4.58,
            "eps_4q_growth_year": 1.09,
            "roe": -1.3,
            "roe_4q": 13.61,
            "gross_profit": 25524,
            "gross_margin": 18.14,
            "gross_margin_4q_avg": 27.36,
            "net_income": -17154,
            "revenue": 140724,
            "common_shares": 365892,
            "book_valuer_per_share": 35.8,
            "book_valuer_per_share_4q_avg": 34.78,
            "equity": 1309812,
            "current_ratio": 398.55,
            "debt_ratio": 20.53,
            "inventory_turnover_ratio": 0.94,
            "account_receivable_turnover_ratio": 0.45,
            "reinvestment_rate": -7.99,
            "research_to_sale_ratio": 8.75,
            "price_fair": 180.88,
            "eps_avg_yearly": 5.17,
            "eps_latest_yearly": 5.52,
            "eps_growth_yearly": 111.16
        },
        "20152": {
            "year_quarter": 20152,
            "year": 2015,
            "quarter": 2,
            "eps": -0.99,
            "eps_growth_year": -201.02,
            "eps_4q": 2.61,
            "eps_4q_growth_year": -28.06,
            "roe": -2.89,
            "roe_4q": 7.709999999999999,
            "gross_profit": 22104,
            "gross_margin": 16.05,
            "gross_margin_4q_avg": 22.37,
            "net_income": -36326,
            "revenue": 137696,
            "common_shares": 365892,
            "book_valuer_per_share": 32.8,
            "book_valuer_per_share_4q_avg": 34.93,
            "equity": 1200308,
            "current_ratio": 292.78,
            "debt_ratio": 24.79,
            "inventory_turnover_ratio": 0.99,
            "account_receivable_turnover_ratio": 0.64,
            "reinvestment_rate": -15.03,
            "research_to_sale_ratio": 10.88,
            "price_fair": 178.27,
            "eps_avg_yearly": 5.09,
            "eps_latest_yearly": 5.52,
            "eps_growth_yearly": 103.71
        },
        "20153": {
            "year_quarter": 20153,
            "year": 2015,
            "quarter": 3,
            "eps": 0.61,
            "eps_growth_year": -77.32,
            "eps_4q": 0.53,
            "eps_4q_growth_year": -90.86,
            "roe": 1.85,
            "roe_4q": 1.5300000000000002,
            "gross_profit": 51695,
            "gross_margin": 28.99,
            "gross_margin_4q_avg": 23.47,
            "net_income": 22409,
            "revenue": 178344,
            "common_shares": 365892,
            "book_valuer_per_share": 33.42,
            "book_valuer_per_share_4q_avg": 34.57,
            "equity": 1222717,
            "current_ratio": 393.65,
            "debt_ratio": 19.51,
            "inventory_turnover_ratio": 1.19,
            "account_receivable_turnover_ratio": 0.9,
            "reinvestment_rate": -23.24,
            "research_to_sale_ratio": 8.39,
            "price_fair": 167.3,
            "eps_avg_yearly": 4.78,
            "eps_latest_yearly": 5.52,
            "eps_growth_yearly": 101.61
        },
        "20154": {
            "year_quarter": 20154,
            "year": 2015,
            "quarter": 4,
            "eps": 0.67,
            "eps_growth_year": -51.17,
            "eps_4q": -0.18,
            "eps_4q_growth_year": -103.1,
            "roe": 1.99,
            "roe_4q": -0.3500000000000003,
            "gross_profit": 82465,
            "gross_margin": 37.07,
            "gross_margin_4q_avg": 25.06,
            "net_income": 24623,
            "revenue": 222438,
            "common_shares": 365892,
            "book_valuer_per_share": 34.09,
            "book_valuer_per_share_4q_avg": 34.03,
            "equity": 1247258,
            "current_ratio": 396.11,
            "debt_ratio": 19.26,
            "inventory_turnover_ratio": 1.39,
            "account_receivable_turnover_ratio": 0.87,
            "reinvestment_rate": -23.38,
            "research_to_sale_ratio": 7.08,
            "price_fair": 159.13,
            "eps_avg_yearly": 4.55,
            "eps_latest_yearly": 2.68,
            "eps_growth_yearly": 94.69
        },
        "20161": {
            "year_quarter": 20161,
            "year": 2016,
            "quarter": 1,
            "eps": 0.09,
            "eps_growth_year": null,
            "eps_4q": 0.38,
            "eps_4q_growth_year": -91.59,
            "roe": 0.27,
            "roe_4q": 1.2199999999999993,
            "gross_profit": 58884,
            "gross_margin": 31.47,
            "gross_margin_4q_avg": 28.4,
            "net_income": 3378,
            "revenue": 187102,
            "common_shares": 365892,
            "book_valuer_per_share": 34.18,
            "book_valuer_per_share_4q_avg": 33.62,
            "equity": 1250636,
            "current_ratio": 396.53,
            "debt_ratio": 19.26,
            "inventory_turnover_ratio": 1.16,
            "account_receivable_turnover_ratio": 0.64,
            "reinvestment_rate": -25.72,
            "research_to_sale_ratio": 7.87,
            "price_fair": 144.48,
            "eps_avg_yearly": 4.13,
            "eps_latest_yearly": 0.36,
            "eps_growth_yearly": 50.59
        },
        "20162": {
            "year_quarter": 20162,
            "year": 2016,
            "quarter": 2,
            "eps": 0.34,
            "eps_growth_year": null,
            "eps_4q": 1.72,
            "eps_4q_growth_year": -34.21,
            "roe": 0.99,
            "roe_4q": 5.1,
            "gross_profit": 63400,
            "gross_margin": 33.47,
            "gross_margin_4q_avg": 32.75,
            "net_income": 12355,
            "revenue": 189415,
            "common_shares": 365892,
            "book_valuer_per_share": 34.22,
            "book_valuer_per_share_4q_avg": 33.98,
            "equity": 1252014,
            "current_ratio": 395.05,
            "debt_ratio": 19.32,
            "inventory_turnover_ratio": 1.05,
            "account_receivable_turnover_ratio": 0.68,
            "reinvestment_rate": -33.01,
            "research_to_sale_ratio": 5.04,
            "price_fair": 135.67,
            "eps_avg_yearly": 3.88,
            "eps_latest_yearly": 1.36,
            "eps_growth_yearly": 147
        },
        "20163": {
            "year_quarter": 20163,
            "year": 2016,
            "quarter": 3,
            "eps": 0.59,
            "eps_growth_year": -3.28,
            "eps_4q": 1.69,
            "eps_4q_growth_year": 220.01,
            "roe": 1.71,
            "roe_4q": 4.96,
            "gross_profit": 85852,
            "gross_margin": 34.45,
            "gross_margin_4q_avg": 34.12,
            "net_income": 21566,
            "revenue": 249224,
            "common_shares": 365892,
            "book_valuer_per_share": 34.81,
            "book_valuer_per_share_4q_avg": 34.33,
            "equity": 1273580,
            "current_ratio": 418.65,
            "debt_ratio": 18.63,
            "inventory_turnover_ratio": 1.41,
            "account_receivable_turnover_ratio": 0.85,
            "reinvestment_rate": -39.08,
            "research_to_sale_ratio": 4.61,
            "price_fair": 131.22,
            "eps_avg_yearly": 3.75,
            "eps_latest_yearly": 2.36,
            "eps_growth_yearly": 182.32
        },
        "20164": {
            "year_quarter": 20164,
            "year": 2016,
            "quarter": 4,
            "eps": 1.35,
            "eps_growth_year": 100.56,
            "eps_4q": 2.37,
            "eps_4q_growth_year": null,
            "roe": 3.8,
            "roe_4q": 6.77,
            "gross_profit": 74763,
            "gross_margin": 30.79,
            "gross_margin_4q_avg": 32.55,
            "net_income": 49383,
            "revenue": 242808,
            "common_shares": 365892,
            "book_valuer_per_share": 36.18,
            "book_valuer_per_share_4q_avg": 34.85,
            "equity": 1323653,
            "current_ratio": 380.41,
            "debt_ratio": 20.32,
            "inventory_turnover_ratio": 1.59,
            "account_receivable_turnover_ratio": 0.71,
            "reinvestment_rate": -38.78,
            "research_to_sale_ratio": 5.21,
            "price_fair": 136.56,
            "eps_avg_yearly": 3.9,
            "eps_latest_yearly": 5.4,
            "eps_growth_yearly": 229.54
        },
        "20171": {
            "year_quarter": 20171,
            "year": 2017,
            "quarter": 1,
            "eps": -0.62,
            "eps_growth_year": -788.89,
            "eps_4q": 1.65,
            "eps_4q_growth_year": 329.4,
            "roe": -1.74,
            "roe_4q": 4.76,
            "gross_profit": 61760,
            "gross_margin": 32.86,
            "gross_margin_4q_avg": 32.89,
            "net_income": -22828,
            "revenue": 187950,
            "common_shares": 365892,
            "book_valuer_per_share": 35.55,
            "book_valuer_per_share_4q_avg": 35.19,
            "equity": 1300825,
            "current_ratio": 409.23,
            "debt_ratio": 18.93,
            "inventory_turnover_ratio": 1.13,
            "account_receivable_turnover_ratio": 0.56,
            "reinvestment_rate": -37.32,
            "research_to_sale_ratio": 5.71,
            "price_fair": 136.56,
            "eps_avg_yearly": 3.9,
            "eps_latest_yearly": 5.4,
            "eps_growth_yearly": 229.54
        },
        "20172": {
            "year_quarter": 20172,
            "year": 2017,
            "quarter": 2,
            "eps": 0.89,
            "eps_growth_year": 161.76,
            "eps_4q": 2.2,
            "eps_4q_growth_year": 28.41,
            "roe": 2.52,
            "roe_4q": 6.29,
            "gross_profit": 83901,
            "gross_margin": 33.52,
            "gross_margin_4q_avg": 32.91,
            "net_income": 32475,
            "revenue": 250278,
            "common_shares": 365892,
            "book_valuer_per_share": 34.94,
            "book_valuer_per_share_4q_avg": 35.37,
            "equity": 1278416,
            "current_ratio": 331.54,
            "debt_ratio": 22.42,
            "inventory_turnover_ratio": 1.35,
            "account_receivable_turnover_ratio": 0.78,
            "reinvestment_rate": -37.12,
            "research_to_sale_ratio": 5.27,
            "price_fair": 136.56,
            "eps_avg_yearly": 3.9,
            "eps_latest_yearly": 5.4,
            "eps_growth_yearly": 229.54
        },
        "20173": {
            "year_quarter": 20173,
            "year": 2017,
            "quarter": 3,
            "eps": 1.39,
            "eps_growth_year": 135.59,
            "eps_4q": 3,
            "eps_4q_growth_year": 77.47,
            "roe": 3.9,
            "roe_4q": 8.48,
            "gross_profit": 116999,
            "gross_margin": 38.76,
            "gross_margin_4q_avg": 33.98,
            "net_income": 50861,
            "revenue": 301822,
            "common_shares": 365892,
            "book_valuer_per_share": 36.33,
            "book_valuer_per_share_4q_avg": 35.75,
            "equity": 1329277,
            "current_ratio": 364.81,
            "debt_ratio": 20,
            "inventory_turnover_ratio": 1.44,
            "account_receivable_turnover_ratio": 0.79,
            "reinvestment_rate": -29.38,
            "research_to_sale_ratio": 4.2,
            "price_fair": 147.51,
            "eps_avg_yearly": 4.21,
            "eps_latest_yearly": 5.56,
            "eps_growth_yearly": 276.14
        },
        "20174": {
            "year_quarter": 20174,
            "year": 2017,
            "quarter": 4,
            "eps": 1.1,
            "eps_growth_year": -18.34,
            "eps_4q": 2.76,
            "eps_4q_growth_year": 16.33,
            "roe": 2.99,
            "roe_4q": 7.67,
            "gross_profit": 114150,
            "gross_margin": 38.87,
            "gross_margin_4q_avg": 36,
            "net_income": 40328,
            "revenue": 293659,
            "common_shares": 365892,
            "book_valuer_per_share": 37.37,
            "book_valuer_per_share_4q_avg": 36.05,
            "equity": 1367457,
            "current_ratio": 358.22,
            "debt_ratio": 20.58,
            "inventory_turnover_ratio": 1.42,
            "account_receivable_turnover_ratio": 0.68,
            "reinvestment_rate": -28.73,
            "research_to_sale_ratio": 4.26,
            "price_fair": 142.8,
            "eps_avg_yearly": 4.08,
            "eps_latest_yearly": 4.4,
            "eps_growth_yearly": 204.06
        },
        "20181": {
            "year_quarter": 20181,
            "year": 2018,
            "quarter": 1,
            "eps": -0.02,
            "eps_growth_year": null,
            "eps_4q": 3.36,
            "eps_4q_growth_year": 103.21,
            "roe": -0.06,
            "roe_4q": 9.35,
            "gross_profit": 64102,
            "gross_margin": 31.73,
            "gross_margin_4q_avg": 35.72,
            "net_income": -770,
            "revenue": 202012,
            "common_shares": 365892,
            "book_valuer_per_share": 37.36,
            "book_valuer_per_share_4q_avg": 36.5,
            "equity": 1366858,
            "current_ratio": 445.56,
            "debt_ratio": 16.97,
            "inventory_turnover_ratio": 1.02,
            "account_receivable_turnover_ratio": 0.53,
            "reinvestment_rate": -35.17,
            "research_to_sale_ratio": 6.13,
            "price_fair": 148.12,
            "eps_avg_yearly": 4.23,
            "eps_latest_yearly": 4.4,
            "eps_growth_yearly": 247.05
        },
        "20182": {
            "year_quarter": 20182,
            "year": 2018,
            "quarter": 2,
            "eps": 1.19,
            "eps_growth_year": 33.71,
            "eps_4q": 3.66,
            "eps_4q_growth_year": 66.08,
            "roe": 3.2,
            "roe_4q": 10.030000000000001,
            "gross_profit": 79307,
            "gross_margin": 32.48,
            "gross_margin_4q_avg": 35.46,
            "net_income": 43432,
            "revenue": 244179,
            "common_shares": 365892,
            "book_valuer_per_share": 36.89,
            "book_valuer_per_share_4q_avg": 36.99,
            "equity": 1349918,
            "current_ratio": 318.22,
            "debt_ratio": 22.35,
            "inventory_turnover_ratio": 1.07,
            "account_receivable_turnover_ratio": 0.7,
            "reinvestment_rate": -40.33,
            "research_to_sale_ratio": 5.47,
            "price_fair": 149.33,
            "eps_avg_yearly": 4.27,
            "eps_latest_yearly": 4.4,
            "eps_growth_yearly": 250.89
        },
        "20183": {
            "year_quarter": 20183,
            "year": 2018,
            "quarter": 3,
            "eps": 0.78,
            "eps_growth_year": -43.88,
            "eps_4q": 3.05,
            "eps_4q_growth_year": 1.49,
            "roe": 2.09,
            "roe_4q": 8.22,
            "gross_profit": 92847,
            "gross_margin": 33.29,
            "gross_margin_4q_avg": 34.09,
            "net_income": 28542,
            "revenue": 278927,
            "common_shares": 365892,
            "book_valuer_per_share": 37.67,
            "book_valuer_per_share_4q_avg": 37.32,
            "equity": 1378460,
            "current_ratio": 403.49,
            "debt_ratio": 18.06,
            "inventory_turnover_ratio": 1.25,
            "account_receivable_turnover_ratio": 0.69,
            "reinvestment_rate": -40.74,
            "research_to_sale_ratio": 5.06,
            "price_fair": 119.62,
            "eps_avg_yearly": 3.42,
            "eps_latest_yearly": 3.12,
            "eps_growth_yearly": 158.02
        },
        "20184": {
            "year_quarter": 20184,
            "year": 2018,
            "quarter": 4,
            "eps": 0.87,
            "eps_growth_year": -21.1,
            "eps_4q": 2.82,
            "eps_4q_growth_year": 2.17,
            "roe": 2.28,
            "roe_4q": 7.51,
            "gross_profit": 97624,
            "gross_margin": 33.89,
            "gross_margin_4q_avg": 32.85,
            "net_income": 31819,
            "revenue": 288098,
            "common_shares": 365892,
            "book_valuer_per_share": 38.49,
            "book_valuer_per_share_4q_avg": 37.6,
            "equity": 1408178,
            "current_ratio": 403.43,
            "debt_ratio": 18.74,
            "inventory_turnover_ratio": 1.44,
            "account_receivable_turnover_ratio": 0.65,
            "reinvestment_rate": -51.73,
            "research_to_sale_ratio": 4.71,
            "price_fair": 111.69,
            "eps_avg_yearly": 3.19,
            "eps_latest_yearly": 3.48,
            "eps_growth_yearly": 184.8
        },
        "20191": {
            "year_quarter": 20191,
            "year": 2019,
            "quarter": 1,
            "eps": 0.15,
            "eps_growth_year": null,
            "eps_4q": 2.99,
            "eps_4q_growth_year": -11.09,
            "roe": 0.39,
            "roe_4q": 7.96,
            "gross_profit": 56158,
            "gross_margin": 30.17,
            "gross_margin_4q_avg": 32.46,
            "net_income": 5474,
            "revenue": 186160,
            "common_shares": 365892,
            "book_valuer_per_share": 38.64,
            "book_valuer_per_share_4q_avg": 37.92,
            "equity": 1413652,
            "current_ratio": 445.33,
            "debt_ratio": 23.72,
            "inventory_turnover_ratio": 0.97,
            "account_receivable_turnover_ratio": 0.45,
            "reinvestment_rate": -48.48,
            "research_to_sale_ratio": 6.91,
            "price_fair": 102.62,
            "eps_avg_yearly": 2.93,
            "eps_latest_yearly": 0.6,
            "eps_growth_yearly": 133.21
        },
        "20192": {
            "year_quarter": 20192,
            "year": 2019,
            "quarter": 2,
            "eps": 0.07,
            "eps_growth_year": -94.12,
            "eps_4q": 1.87,
            "eps_4q_growth_year": -48.87,
            "roe": 0.19,
            "roe_4q": 4.949999999999999,
            "gross_profit": 63620,
            "gross_margin": 27.27,
            "gross_margin_4q_avg": 31.16,
            "net_income": 2605,
            "revenue": 233316,
            "common_shares": 365892,
            "book_valuer_per_share": 36.96,
            "book_valuer_per_share_4q_avg": 37.94,
            "equity": 1352226,
            "current_ratio": 321.53,
            "debt_ratio": 28.5,
            "inventory_turnover_ratio": 1.27,
            "account_receivable_turnover_ratio": 0.65,
            "reinvestment_rate": -39.14,
            "research_to_sale_ratio": 5.92,
            "price_fair": 94.18,
            "eps_avg_yearly": 2.69,
            "eps_latest_yearly": 0.28,
            "eps_growth_yearly": 101.71
        },
        "20193": {
            "year_quarter": 20193,
            "year": 2019,
            "quarter": 3,
            "eps": 1.33,
            "eps_growth_year": 70.51,
            "eps_4q": 2.42,
            "eps_4q_growth_year": -20.6,
            "roe": 3.53,
            "roe_4q": 6.389999999999999,
            "gross_profit": 118864,
            "gross_margin": 38.53,
            "gross_margin_4q_avg": 32.47,
            "net_income": 48656,
            "revenue": 308466,
            "common_shares": 365892,
            "book_valuer_per_share": 38.29,
            "book_valuer_per_share_4q_avg": 38.1,
            "equity": 1400882,
            "current_ratio": 400.69,
            "debt_ratio": 24.7,
            "inventory_turnover_ratio": 1.59,
            "account_receivable_turnover_ratio": 0.75,
            "reinvestment_rate": -32.23,
            "research_to_sale_ratio": 4.31,
            "price_fair": 101.85,
            "eps_avg_yearly": 2.91,
            "eps_latest_yearly": 5.32,
            "eps_growth_yearly": 693.23
        },
        "20194": {
            "year_quarter": 20194,
            "year": 2019,
            "quarter": 4,
            "eps": 0.81,
            "eps_growth_year": -7.38,
            "eps_4q": 2.36,
            "eps_4q_growth_year": -16.32,
            "roe": 2.08,
            "roe_4q": 6.1899999999999995,
            "gross_profit": 117534,
            "gross_margin": 40.32,
            "gross_margin_4q_avg": 34.07,
            "net_income": 29472,
            "revenue": 291516,
            "common_shares": 365892,
            "book_valuer_per_share": 39.13,
            "book_valuer_per_share_4q_avg": 38.26,
            "equity": 1431765,
            "current_ratio": 418.32,
            "debt_ratio": 23.84,
            "inventory_turnover_ratio": 1.46,
            "account_receivable_turnover_ratio": 0.62,
            "reinvestment_rate": -32.92,
            "research_to_sale_ratio": 4.24,
            "price_fair": 103.48,
            "eps_avg_yearly": 2.96,
            "eps_latest_yearly": 3.24,
            "eps_growth_yearly": 676.92
        },
        "20201": {
            "year_quarter": 20201,
            "year": 2020,
            "quarter": 1,
            "eps": 0.89,
            "eps_growth_year": 493.33,
            "eps_4q": 3.1,
            "eps_4q_growth_year": 3.77,
            "roe": 2.26,
            "roe_4q": 8.059999999999999,
            "gross_profit": 82729,
            "gross_margin": 37.63,
            "gross_margin_4q_avg": 35.94,
            "net_income": 32654,
            "revenue": 219873,
            "common_shares": 365892,
            "book_valuer_per_share": 40.02,
            "book_valuer_per_share_4q_avg": 38.6,
            "equity": 1464419,
            "current_ratio": 473.31,
            "debt_ratio": 22.03,
            "inventory_turnover_ratio": 1.01,
            "account_receivable_turnover_ratio": 0.53,
            "reinvestment_rate": -26.88,
            "research_to_sale_ratio": 5.45,
            "price_fair": 112.82,
            "eps_avg_yearly": 3.22,
            "eps_latest_yearly": 3.56,
            "eps_growth_yearly": 709.07
        },
        "20202": {
            "year_quarter": 20202,
            "year": 2020,
            "quarter": 2,
            "eps": 1.04,
            "eps_growth_year": 1385.71,
            "eps_4q": 4.07,
            "eps_4q_growth_year": 117.64,
            "roe": 2.62,
            "roe_4q": 10.49,
            "gross_profit": 126108,
            "gross_margin": 39.48,
            "gross_margin_4q_avg": 38.99,
            "net_income": 38174,
            "revenue": 319414,
            "common_shares": 365892,
            "book_valuer_per_share": 39.57,
            "book_valuer_per_share_4q_avg": 39.25,
            "equity": 1447709,
            "current_ratio": 384.19,
            "debt_ratio": 24.99,
            "inventory_turnover_ratio": 1.38,
            "account_receivable_turnover_ratio": 0.79,
            "reinvestment_rate": -25.18,
            "research_to_sale_ratio": 4.45,
            "price_fair": 120.98,
            "eps_avg_yearly": 3.46,
            "eps_latest_yearly": 4.16,
            "eps_growth_yearly": 622.09
        },
        "20203": {
            "year_quarter": 20203,
            "year": 2020,
            "quarter": 3,
            "eps": 1.43,
            "eps_growth_year": 7.52,
            "eps_4q": 4.17,
            "eps_4q_growth_year": 72.23,
            "roe": 3.54,
            "roe_4q": 10.5,
            "gross_profit": 143133,
            "gross_margin": 38.86,
            "gross_margin_4q_avg": 39.07,
            "net_income": 52217,
            "revenue": 368353,
            "common_shares": 365892,
            "book_valuer_per_share": 40.99,
            "book_valuer_per_share_4q_avg": 39.93,
            "equity": 1499926,
            "current_ratio": 378.72,
            "debt_ratio": 24.93,
            "inventory_turnover_ratio": 1.59,
            "account_receivable_turnover_ratio": 0.74,
            "reinvestment_rate": -17.14,
            "research_to_sale_ratio": 4.03,
            "price_fair": 130.78,
            "eps_avg_yearly": 3.74,
            "eps_latest_yearly": 5.72,
            "eps_growth_yearly": 610.09
        },
        "20204": {
            "year_quarter": 20204,
            "year": 2020,
            "quarter": 4,
            "eps": 1.19,
            "eps_growth_year": 47.41,
            "eps_4q": 4.55,
            "eps_4q_growth_year": 93.13,
            "roe": 2.86,
            "roe_4q": 11.28,
            "gross_profit": 139611,
            "gross_margin": 40.63,
            "gross_margin_4q_avg": 39.15,
            "net_income": 43445,
            "revenue": 343647,
            "common_shares": 365892,
            "book_valuer_per_share": 42.13,
            "book_valuer_per_share_4q_avg": 40.68,
            "equity": 1541664,
            "current_ratio": 379.7,
            "debt_ratio": 24.98,
            "inventory_turnover_ratio": 1.28,
            "account_receivable_turnover_ratio": 0.64,
            "reinvestment_rate": -16.4,
            "research_to_sale_ratio": 4.57,
            "price_fair": 128.92,
            "eps_avg_yearly": 3.68,
            "eps_latest_yearly": 4.76,
            "eps_growth_yearly": 561.55
        },
        "20211": {
            "year_quarter": 20211,
            "year": 2021,
            "quarter": 1,
            "eps": 1.23,
            "eps_growth_year": 38.2,
            "eps_4q": 4.89,
            "eps_4q_growth_year": 57.82,
            "roe": 2.88,
            "roe_4q": 11.900000000000002,
            "gross_profit": 112323,
            "gross_margin": 35.92,
            "gross_margin_4q_avg": 38.72,
            "net_income": 45109,
            "revenue": 312734,
            "common_shares": 365892,
            "book_valuer_per_share": 43.37,
            "book_valuer_per_share_4q_avg": 41.52,
            "equity": 1586773,
            "current_ratio": 456.27,
            "debt_ratio": 22.04,
            "inventory_turnover_ratio": 1.1,
            "account_receivable_turnover_ratio": 0.6,
            "reinvestment_rate": -11.12,
            "research_to_sale_ratio": 3.8,
            "price_fair": 132.25,
            "eps_avg_yearly": 3.78,
            "eps_latest_yearly": 4.92,
            "eps_growth_yearly": 519.39
        },
        "20212": {
            "year_quarter": 20212,
            "year": 2021,
            "quarter": 2,
            "eps": 0.16,
            "eps_growth_year": -84.62,
            "eps_4q": 4,
            "eps_4q_growth_year": -1.66,
            "roe": 0.37,
            "roe_4q": 9.649999999999999,
            "gross_profit": 87491,
            "gross_margin": 30.32,
            "gross_margin_4q_avg": 36.43,
            "net_income": 5719,
            "revenue": 288595,
            "common_shares": 365892,
            "book_valuer_per_share": 41.02,
            "book_valuer_per_share_4q_avg": 41.88,
            "equity": 1501019,
            "current_ratio": 341.42,
            "debt_ratio": 26.33,
            "inventory_turnover_ratio": 0.98,
            "account_receivable_turnover_ratio": 0.58,
            "reinvestment_rate": -8.23,
            "research_to_sale_ratio": 4.38,
            "price_fair": 124.4,
            "eps_avg_yearly": 3.55,
            "eps_latest_yearly": 0.64,
            "eps_growth_yearly": 457.44
        },
        "20213": {
            "year_quarter": 20213,
            "year": 2021,
            "quarter": 3,
            "eps": -0.42,
            "eps_growth_year": -129.37,
            "eps_4q": 2.16,
            "eps_4q_growth_year": -48.27,
            "roe": -1.03,
            "roe_4q": 5.08,
            "gross_profit": 45155,
            "gross_margin": 19.43,
            "gross_margin_4q_avg": 31.58,
            "net_income": -15369,
            "revenue": 232391,
            "common_shares": 365892,
            "book_valuer_per_share": 40.6,
            "book_valuer_per_share_4q_avg": 41.78,
            "equity": 1485650,
            "current_ratio": 521.42,
            "debt_ratio": 19.99,
            "inventory_turnover_ratio": 0.98,
            "account_receivable_turnover_ratio": 0.52,
            "reinvestment_rate": -7.71,
            "research_to_sale_ratio": 6.16,
            "price_fair": 119,
            "eps_avg_yearly": 3.4,
            "eps_latest_yearly": 0.64,
            "eps_growth_yearly": 475.34
        },
        "20214": {
            "year_quarter": 20214,
            "year": 2021,
            "quarter": 4,
            "eps": 0.18,
            "eps_growth_year": -85.23,
            "eps_4q": 1.14,
            "eps_4q_growth_year": -74.85,
            "roe": 0.43,
            "roe_4q": 2.65,
            "gross_profit": 73793,
            "gross_margin": 25.09,
            "gross_margin_4q_avg": 27.69,
            "net_income": 6416,
            "revenue": 294101,
            "common_shares": 365892,
            "book_valuer_per_share": 40.79,
            "book_valuer_per_share_4q_avg": 41.45,
            "equity": 1492453,
            "current_ratio": 249.97,
            "debt_ratio": 25.03,
            "inventory_turnover_ratio": 1.39,
            "account_receivable_turnover_ratio": 0.68,
            "reinvestment_rate": 2.4,
            "research_to_sale_ratio": 4.6,
            "price_fair": 116.08,
            "eps_avg_yearly": 3.32,
            "eps_latest_yearly": 0.64,
            "eps_growth_yearly": 521.9
        },
        "20221": {
            "year_quarter": 20221,
            "year": 2022,
            "quarter": 1,
            "eps": 1.32,
            "eps_growth_year": 7.32,
            "eps_4q": 1.23,
            "eps_4q_growth_year": -74.75,
            "roe": 3.19,
            "roe_4q": 2.96,
            "gross_profit": 98967,
            "gross_margin": 33.31,
            "gross_margin_4q_avg": 27.04,
            "net_income": 48413,
            "revenue": 297143,
            "common_shares": 365892,
            "book_valuer_per_share": 42.11,
            "book_valuer_per_share_4q_avg": 41.13,
            "equity": 1540866,
            "current_ratio": 279.73,
            "debt_ratio": 22.31,
            "inventory_turnover_ratio": 1.3,
            "account_receivable_turnover_ratio": 0.61,
            "reinvestment_rate": 39.82,
            "research_to_sale_ratio": 4.32,
            "price_fair": 121.37,
            "eps_avg_yearly": 3.47,
            "eps_latest_yearly": 5.28,
            "eps_growth_yearly": 676.63
        },
        "20222": {
            "year_quarter": 20222,
            "year": 2022,
            "quarter": 2,
            "eps": 1.73,
            "eps_growth_year": 981.25,
            "eps_4q": 2.81,
            "eps_4q_growth_year": -29.8,
            "roe": 4.06,
            "roe_4q": 6.6499999999999995,
            "gross_profit": 107645,
            "gross_margin": 36.2,
            "gross_margin_4q_avg": 28.51,
            "net_income": 63371,
            "revenue": 297370,
            "common_shares": 365892,
            "book_valuer_per_share": 43.24,
            "book_valuer_per_share_4q_avg": 41.69,
            "equity": 1582283,
            "current_ratio": 404.2,
            "debt_ratio": 23.36,
            "inventory_turnover_ratio": 1.14,
            "account_receivable_turnover_ratio": 0.58,
            "reinvestment_rate": 34.29,
            "research_to_sale_ratio": 4.74,
            "price_fair": 130,
            "eps_avg_yearly": 3.71,
            "eps_latest_yearly": 6.92,
            "eps_growth_yearly": 637.17
        },
        "20223": {
            "year_quarter": 20223,
            "year": 2022,
            "quarter": 3,
            "eps": -1.98,
            "eps_growth_year": null,
            "eps_4q": 1.25,
            "eps_4q_growth_year": -41.93,
            "roe": -4.68,
            "roe_4q": 3,
            "gross_profit": -80573,
            "gross_margin": -35.81,
            "gross_margin_4q_avg": 14.7,
            "net_income": -72377,
            "revenue": 224993,
            "common_shares": 365892,
            "book_valuer_per_share": 41.27,
            "book_valuer_per_share_4q_avg": 41.85,
            "equity": 1509906,
            "current_ratio": 336.87,
            "debt_ratio": 26.17,
            "inventory_turnover_ratio": 1.89,
            "account_receivable_turnover_ratio": 0.47,
            "reinvestment_rate": 48.24,
            "research_to_sale_ratio": 6,
            "price_fair": 131.6,
            "eps_avg_yearly": 3.76,
            "eps_latest_yearly": 6.92,
            "eps_growth_yearly": 696.79
        },
        "20224": {
            "year_quarter": 20224,
            "year": 2022,
            "quarter": 4,
            "eps": -0.47,
            "eps_growth_year": -365.48,
            "eps_4q": 0.61,
            "eps_4q_growth_year": -46.57,
            "roe": -1.13,
            "roe_4q": 1.44,
            "gross_profit": 65021,
            "gross_margin": 28.81,
            "gross_margin_4q_avg": 15.63,
            "net_income": -17033,
            "revenue": 225704,
            "common_shares": 365892,
            "book_valuer_per_share": 40.9,
            "book_valuer_per_share_4q_avg": 41.88,
            "equity": 1496590,
            "current_ratio": 325.68,
            "debt_ratio": 26.42,
            "inventory_turnover_ratio": 1.16,
            "account_receivable_turnover_ratio": 0.55,
            "reinvestment_rate": 63.38,
            "research_to_sale_ratio": 5.56,
            "price_fair": 132.42,
            "eps_avg_yearly": 3.78,
            "eps_latest_yearly": 6.92,
            "eps_growth_yearly": 751.01
        },
        "20231": {
            "year_quarter": 20231,
            "year": 2023,
            "quarter": 1,
            "eps": 0.89,
            "eps_growth_year": -32.58,
            "eps_4q": 0.18,
            "eps_4q_growth_year": -85.46,
            "roe": 2.16,
            "roe_4q": 0.41000000000000014,
            "gross_profit": 99433,
            "gross_margin": 38.79,
            "gross_margin_4q_avg": 17,
            "net_income": 32607,
            "revenue": 256357,
            "common_shares": 365892,
            "book_valuer_per_share": 41.79,
            "book_valuer_per_share_4q_avg": 41.8,
            "equity": 1529197,
            "current_ratio": 317.75,
            "debt_ratio": 26.73,
            "inventory_turnover_ratio": 1.18,
            "account_receivable_turnover_ratio": 0.68,
            "reinvestment_rate": 66.91,
            "research_to_sale_ratio": 5.08,
            "price_fair": 142.55,
            "eps_avg_yearly": 4.07,
            "eps_latest_yearly": 6.92,
            "eps_growth_yearly": 849.37
        },
        "20232": {
            "year_quarter": 20232,
            "year": 2023,
            "quarter": 2,
            "eps": 2.09,
            "eps_growth_year": 20.81,
            "eps_4q": 0.54,
            "eps_4q_growth_year": -80.86,
            "roe": 4.91,
            "roe_4q": 1.2600000000000007,
            "gross_profit": 119246,
            "gross_margin": 37.72,
            "gross_margin_4q_avg": 17.38,
            "net_income": 76488,
            "revenue": 316098,
            "common_shares": 365892,
            "book_valuer_per_share": 43.27,
            "book_valuer_per_share_4q_avg": 41.81,
            "equity": 1583365,
            "current_ratio": 362.1,
            "debt_ratio": 27.56,
            "inventory_turnover_ratio": 1.43,
            "account_receivable_turnover_ratio": 0.72,
            "reinvestment_rate": 50.84,
            "research_to_sale_ratio": 3.91,
            "price_fair": 168.25,
            "eps_avg_yearly": 4.81,
            "eps_latest_yearly": 8.36,
            "eps_growth_yearly": 917.8
        }
    },
    "months": {
        "2009-11": {
            "month": "2009-11",
            "price": "134.65",
            "revenue": 72430
        },
        "2009-12": {
            "month": "2009-12",
            "price": "131.93",
            "revenue": 50398
        },
        "2010-01": {
            "month": "2010-01",
            "price": "127.63",
            "revenue": 89590
        },
        "2010-02": {
            "month": "2010-02",
            "price": "121.59",
            "revenue": 76746
        },
        "2010-03": {
            "month": "2010-03",
            "price": "136.40",
            "revenue": 113175
        },
        "2010-04": {
            "month": "2010-04",
            "price": "146.49",
            "revenue": 90087
        },
        "2010-05": {
            "month": "2010-05",
            "price": "131.31",
            "revenue": 66449
        },
        "2010-06": {
            "month": "2010-06",
            "price": "121.96",
            "revenue": 65591
        },
        "2010-07": {
            "month": "2010-07",
            "price": "108.29",
            "revenue": 76798
        },
        "2010-08": {
            "month": "2010-08",
            "price": "94.56",
            "revenue": 72663
        },
        "2010-09": {
            "month": "2010-09",
            "price": "65.55",
            "revenue": 100807
        },
        "2010-10": {
            "month": "2010-10",
            "price": "68.34",
            "revenue": 122130
        },
        "2010-11": {
            "month": "2010-11",
            "price": "59.11",
            "revenue": 87279
        },
        "2010-12": {
            "month": "2010-12",
            "price": "69.41",
            "revenue": 92279
        },
        "2011-01": {
            "month": "2011-01",
            "price": "71.34",
            "revenue": 73422
        },
        "2011-02": {
            "month": "2011-02",
            "price": "64.27",
            "revenue": 71848
        },
        "2011-03": {
            "month": "2011-03",
            "price": "75.21",
            "revenue": 154706
        },
        "2011-04": {
            "month": "2011-04",
            "price": "71.31",
            "revenue": 143326
        },
        "2011-05": {
            "month": "2011-05",
            "price": "66.21",
            "revenue": 123998
        },
        "2011-06": {
            "month": "2011-06",
            "price": "66.45",
            "revenue": 138201
        },
        "2011-07": {
            "month": "2011-07",
            "price": "63.56",
            "revenue": 160568
        },
        "2011-08": {
            "month": "2011-08",
            "price": "51.26",
            "revenue": 123623
        },
        "2011-09": {
            "month": "2011-09",
            "price": "48.29",
            "revenue": 126281
        },
        "2011-10": {
            "month": "2011-10",
            "price": "47.44",
            "revenue": 118648
        },
        "2011-11": {
            "month": "2011-11",
            "price": "55.30",
            "revenue": 116994
        },
        "2011-12": {
            "month": "2011-12",
            "price": "44.12",
            "revenue": 72572
        },
        "2012-01": {
            "month": "2012-01",
            "price": "41.58",
            "revenue": 67239
        },
        "2012-02": {
            "month": "2012-02",
            "price": "51.39",
            "revenue": 79838
        },
        "2012-03": {
            "month": "2012-03",
            "price": "56.63",
            "revenue": 135518
        },
        "2012-04": {
            "month": "2012-04",
            "price": "53.15",
            "revenue": 144039
        },
        "2012-05": {
            "month": "2012-05",
            "price": "44.12",
            "revenue": 159006
        },
        "2012-06": {
            "month": "2012-06",
            "price": "39.42",
            "revenue": 113323
        },
        "2012-07": {
            "month": "2012-07",
            "price": "38.22",
            "revenue": 123595
        },
        "2012-08": {
            "month": "2012-08",
            "price": "43.07",
            "revenue": 131339
        },
        "2012-09": {
            "month": "2012-09",
            "price": "51.89",
            "revenue": 117122
        },
        "2012-10": {
            "month": "2012-10",
            "price": "42.26",
            "revenue": 112841
        },
        "2012-11": {
            "month": "2012-11",
            "price": "39.10",
            "revenue": 75789
        },
        "2012-12": {
            "month": "2012-12",
            "price": "37.91",
            "revenue": 92351
        },
        "2013-01": {
            "month": "2013-01",
            "price": "37.50",
            "revenue": 72015
        },
        "2013-02": {
            "month": "2013-02",
            "price": "35.23",
            "revenue": 50241
        },
        "2013-03": {
            "month": "2013-03",
            "price": "33.50",
            "revenue": 83502
        },
        "2013-04": {
            "month": "2013-04",
            "price": "30.54",
            "revenue": 91660
        },
        "2013-05": {
            "month": "2013-05",
            "price": "29.35",
            "revenue": 137113
        },
        "2013-06": {
            "month": "2013-06",
            "price": "30.94",
            "revenue": 144915
        },
        "2013-07": {
            "month": "2013-07",
            "price": "35.21",
            "revenue": 118688
        },
        "2013-08": {
            "month": "2013-08",
            "price": "33.31",
            "revenue": 77225
        },
        "2013-09": {
            "month": "2013-09",
            "price": "31.98",
            "revenue": 73561
        },
        "2013-10": {
            "month": "2013-10",
            "price": "30.85",
            "revenue": 82678
        },
        "2013-11": {
            "month": "2013-11",
            "price": "29.10",
            "revenue": 109886
        },
        "2013-12": {
            "month": "2013-12",
            "price": "30.94",
            "revenue": 121503
        },
        "2014-01": {
            "month": "2014-01",
            "price": "33.48",
            "revenue": 67720
        },
        "2014-02": {
            "month": "2014-02",
            "price": "33.62",
            "revenue": 54456
        },
        "2014-03": {
            "month": "2014-03",
            "price": "35.73",
            "revenue": 84385
        },
        "2014-04": {
            "month": "2014-04",
            "price": "43.29",
            "revenue": 100400
        },
        "2014-05": {
            "month": "2014-05",
            "price": "44.26",
            "revenue": 99729
        },
        "2014-06": {
            "month": "2014-06",
            "price": "50.56",
            "revenue": 87011
        },
        "2014-07": {
            "month": "2014-07",
            "price": "47.05",
            "revenue": 66869
        },
        "2014-08": {
            "month": "2014-08",
            "price": "43.57",
            "revenue": 78805
        },
        "2014-09": {
            "month": "2014-09",
            "price": "43.71",
            "revenue": 79740
        },
        "2014-10": {
            "month": "2014-10",
            "price": "37.09",
            "revenue": 88463
        },
        "2014-11": {
            "month": "2014-11",
            "price": "37.60",
            "revenue": 77543
        },
        "2014-12": {
            "month": "2014-12",
            "price": "37.56",
            "revenue": 94095
        },
        "2015-01": {
            "month": "2015-01",
            "price": "38.67",
            "revenue": 48892
        },
        "2015-02": {
            "month": "2015-02",
            "price": "36.94",
            "revenue": 35159
        },
        "2015-03": {
            "month": "2015-03",
            "price": "36.63",
            "revenue": 56673
        },
        "2015-04": {
            "month": "2015-04",
            "price": "36.63",
            "revenue": 53212
        },
        "2015-05": {
            "month": "2015-05",
            "price": "30.99",
            "revenue": 42299
        },
        "2015-06": {
            "month": "2015-06",
            "price": "24.41",
            "revenue": 42185
        },
        "2015-07": {
            "month": "2015-07",
            "price": "22.26",
            "revenue": 50077
        },
        "2015-08": {
            "month": "2015-08",
            "price": "17.30",
            "revenue": 51446
        },
        "2015-09": {
            "month": "2015-09",
            "price": "17.16",
            "revenue": 67368
        },
        "2015-10": {
            "month": "2015-10",
            "price": "18.21",
            "revenue": 79499
        },
        "2015-11": {
            "month": "2015-11",
            "price": "20.77",
            "revenue": 77198
        },
        "2015-12": {
            "month": "2015-12",
            "price": "18.76",
            "revenue": 75194
        },
        "2016-01": {
            "month": "2016-01",
            "price": "16.86",
            "revenue": 57107
        },
        "2016-02": {
            "month": "2016-02",
            "price": "17.61",
            "revenue": 49745
        },
        "2016-03": {
            "month": "2016-03",
            "price": "19.53",
            "revenue": 80249
        },
        "2016-04": {
            "month": "2016-04",
            "price": "21.32",
            "revenue": 66929
        },
        "2016-05": {
            "month": "2016-05",
            "price": "19.77",
            "revenue": 67873
        },
        "2016-06": {
            "month": "2016-06",
            "price": "19.99",
            "revenue": 54613
        },
        "2016-07": {
            "month": "2016-07",
            "price": "20.93",
            "revenue": 72386
        },
        "2016-08": {
            "month": "2016-08",
            "price": "22.53",
            "revenue": 92725
        },
        "2016-09": {
            "month": "2016-09",
            "price": "28.29",
            "revenue": 84113
        },
        "2016-10": {
            "month": "2016-10",
            "price": "27.71",
            "revenue": 75416
        },
        "2016-11": {
            "month": "2016-11",
            "price": "23.95",
            "revenue": 74776
        },
        "2016-12": {
            "month": "2016-12",
            "price": "24.78",
            "revenue": 92617
        },
        "2017-01": {
            "month": "2017-01",
            "price": "25.52",
            "revenue": 52932
        },
        "2017-02": {
            "month": "2017-02",
            "price": "26.22",
            "revenue": 50970
        },
        "2017-03": {
            "month": "2017-03",
            "price": "28.11",
            "revenue": 78797
        },
        "2017-04": {
            "month": "2017-04",
            "price": "27.98",
            "revenue": 74601
        },
        "2017-05": {
            "month": "2017-05",
            "price": "27.87",
            "revenue": 88184
        },
        "2017-06": {
            "month": "2017-06",
            "price": "29.84",
            "revenue": 92743
        },
        "2017-07": {
            "month": "2017-07",
            "price": "31.27",
            "revenue": 93448
        },
        "2017-08": {
            "month": "2017-08",
            "price": "32.01",
            "revenue": 116038
        },
        "2017-09": {
            "month": "2017-09",
            "price": "32.41",
            "revenue": 92337
        },
        "2017-10": {
            "month": "2017-10",
            "price": "32.22",
            "revenue": 91413
        },
        "2017-11": {
            "month": "2017-11",
            "price": "37.60",
            "revenue": 100271
        },
        "2017-12": {
            "month": "2017-12",
            "price": "38.96",
            "revenue": 101975
        },
        "2018-01": {
            "month": "2018-01",
            "price": "40.01",
            "revenue": 70309
        },
        "2018-02": {
            "month": "2018-02",
            "price": "34.87",
            "revenue": 44678
        },
        "2018-03": {
            "month": "2018-03",
            "price": "33.42",
            "revenue": 87025
        },
        "2018-04": {
            "month": "2018-04",
            "price": "33.04",
            "revenue": 80310
        },
        "2018-05": {
            "month": "2018-05",
            "price": "30.77",
            "revenue": 86916
        },
        "2018-06": {
            "month": "2018-06",
            "price": "30.56",
            "revenue": 76953
        },
        "2018-07": {
            "month": "2018-07",
            "price": "30.41",
            "revenue": 96246
        },
        "2018-08": {
            "month": "2018-08",
            "price": "30.40",
            "revenue": 99991
        },
        "2018-09": {
            "month": "2018-09",
            "price": "29.20",
            "revenue": 82691
        },
        "2018-10": {
            "month": "2018-10",
            "price": "24.25",
            "revenue": 103645
        },
        "2018-11": {
            "month": "2018-11",
            "price": "22.55",
            "revenue": 95871
        },
        "2018-12": {
            "month": "2018-12",
            "price": "25.05",
            "revenue": 88582
        },
        "2019-01": {
            "month": "2019-01",
            "price": "24.96",
            "revenue": 74630
        },
        "2019-02": {
            "month": "2019-02",
            "price": "25.65",
            "revenue": 43824
        },
        "2019-03": {
            "month": "2019-03",
            "price": "27.05",
            "revenue": 67706
        },
        "2019-04": {
            "month": "2019-04",
            "price": "27.64",
            "revenue": 74381
        },
        "2019-05": {
            "month": "2019-05",
            "price": "26.16",
            "revenue": 83426
        },
        "2019-06": {
            "month": "2019-06",
            "price": "25.90",
            "revenue": 79940
        },
        "2019-07": {
            "month": "2019-07",
            "price": "26.33",
            "revenue": 93488
        },
        "2019-08": {
            "month": "2019-08",
            "price": "26.69",
            "revenue": 106522
        },
        "2019-09": {
            "month": "2019-09",
            "price": "24.92",
            "revenue": 104026
        },
        "2019-10": {
            "month": "2019-10",
            "price": "25.40",
            "revenue": 101370
        },
        "2019-11": {
            "month": "2019-11",
            "price": "27.31",
            "revenue": 96068
        },
        "2019-12": {
            "month": "2019-12",
            "price": "27.41",
            "revenue": 94079
        },
        "2020-01": {
            "month": "2020-01",
            "price": "26.97",
            "revenue": 56522
        },
        "2020-02": {
            "month": "2020-02",
            "price": "26.08",
            "revenue": 52854
        },
        "2020-03": {
            "month": "2020-03",
            "price": "23.38",
            "revenue": 110498
        },
        "2020-04": {
            "month": "2020-04",
            "price": "26.44",
            "revenue": 104957
        },
        "2020-05": {
            "month": "2020-05",
            "price": "37.60",
            "revenue": 106120
        },
        "2020-06": {
            "month": "2020-06",
            "price": "46.90",
            "revenue": 108337
        },
        "2020-07": {
            "month": "2020-07",
            "price": "45.05",
            "revenue": 130970
        },
        "2020-08": {
            "month": "2020-08",
            "price": "48.21",
            "revenue": 120699
        },
        "2020-09": {
            "month": "2020-09",
            "price": "50.44",
            "revenue": 116684
        },
        "2020-10": {
            "month": "2020-10",
            "price": "43.14",
            "revenue": 112641
        },
        "2020-11": {
            "month": "2020-11",
            "price": "44.63",
            "revenue": 98618
        },
        "2020-12": {
            "month": "2020-12",
            "price": "44.60",
            "revenue": 132388
        },
        "2021-01": {
            "month": "2021-01",
            "price": "43.90",
            "revenue": 114980
        },
        "2021-02": {
            "month": "2021-02",
            "price": "45.00",
            "revenue": 76626
        },
        "2021-03": {
            "month": "2021-03",
            "price": "47.52",
            "revenue": 121127
        },
        "2021-04": {
            "month": "2021-04",
            "price": "53.94",
            "revenue": 111006
        },
        "2021-05": {
            "month": "2021-05",
            "price": "44.79",
            "revenue": 93638
        },
        "2021-06": {
            "month": "2021-06",
            "price": "42.40",
            "revenue": 83951
        },
        "2021-07": {
            "month": "2021-07",
            "price": "41.50",
            "revenue": 80903
        },
        "2021-08": {
            "month": "2021-08",
            "price": "36.12",
            "revenue": 70172
        },
        "2021-09": {
            "month": "2021-09",
            "price": "31.88",
            "revenue": 81317
        },
        "2021-10": {
            "month": "2021-10",
            "price": "32.35",
            "revenue": 86272
        },
        "2021-11": {
            "month": "2021-11",
            "price": "32.38",
            "revenue": 104509
        },
        "2021-12": {
            "month": "2021-12",
            "price": "31.76",
            "revenue": 103320
        },
        "2022-01": {
            "month": "2022-01",
            "price": "33.65",
            "revenue": 105339
        },
        "2022-02": {
            "month": "2022-02",
            "price": "32.60",
            "revenue": 73886
        },
        "2022-03": {
            "month": "2022-03",
            "price": "32.03",
            "revenue": 117918
        },
        "2022-04": {
            "month": "2022-04",
            "price": "31.57",
            "revenue": 89411
        },
        "2022-05": {
            "month": "2022-05",
            "price": "29.93",
            "revenue": 109372
        },
        "2022-06": {
            "month": "2022-06",
            "price": "29.95",
            "revenue": 98588
        },
        "2022-07": {
            "month": "2022-07",
            "price": "29.16",
            "revenue": 80510
        },
        "2022-08": {
            "month": "2022-08",
            "price": "32.62",
            "revenue": 70891
        },
        "2022-09": {
            "month": "2022-09",
            "price": "32.95",
            "revenue": 73592
        },
        "2022-10": {
            "month": "2022-10",
            "price": "31.63",
            "revenue": 65444
        },
        "2022-11": {
            "month": "2022-11",
            "price": "29.72",
            "revenue": 83327
        },
        "2022-12": {
            "month": "2022-12",
            "price": "29.40",
            "revenue": 76932
        },
        "2023-01": {
            "month": "2023-01",
            "price": "29.34",
            "revenue": 67863
        },
        "2023-02": {
            "month": "2023-02",
            "price": "29.32",
            "revenue": 81734
        },
        "2023-03": {
            "month": "2023-03",
            "price": "30.04",
            "revenue": 106760
        },
        "2023-04": {
            "month": "2023-04",
            "price": "30.04",
            "revenue": 82135
        },
        "2023-05": {
            "month": "2023-05",
            "price": "35.02",
            "revenue": 124661
        },
        "2023-06": {
            "month": "2023-06",
            "price": "44.39",
            "revenue": 109302
        },
        "2023-07": {
            "month": "2023-07",
            "price": "49.59",
            "revenue": 102287
        },
        "2023-08": {
            "month": "2023-08",
            "price": "54.20",
            "revenue": 116005
        }
    }
}
