{
    "summary": {
        "stock_name": "福貞-KY",
        "stock_id": "8411",
        "category": "其他",
        "main_business": "馬口鐵、鋁罐及相關產品製造與銷售，充填代工生產",
        "website_url": "http://www.kingcanholdings.com",
        "ceo": "莊素貞",
        "pe_ratio": -10,
        "report_year_from": 2008,
        "report_year_to": 2023,
        "age": 15,
        "eps_negative_percentage": 29,
        "eps_growth_avg": {
            "last_all": 0.77,
            "last_2y": 0,
            "last_4y": -33.33,
            "last_8y": -19.73,
            "last_12y": null,
            "last_16y": null,
            "last_20y": null,
            "at_2006_last_3y": null,
            "at_2007_last_3y": null,
            "at_2008_last_3y": null,
            "at_2009_last_3y": null,
            "at_2010_last_3y": null,
            "at_2011_last_3y": null,
            "at_2012_last_3y": null,
            "at_2013_last_3y": null,
            "at_2014_last_3y": 17.13,
            "at_2015_last_3y": -7.42,
            "at_2016_last_3y": 7.49,
            "at_2017_last_3y": -9.53,
            "at_2018_last_3y": -15.2,
            "at_2019_last_3y": -16.52,
            "at_2020_last_3y": -71.11,
            "at_2021_last_3y": 0,
            "at_2022_last_3y": 0,
            "at_2023_last_3y": 0,
            "at_2006_last_all": null,
            "at_2007_last_all": null,
            "at_2008_last_all": null,
            "at_2009_last_all": null,
            "at_2010_last_all": null,
            "at_2011_last_all": null,
            "at_2012_last_all": 60,
            "at_2013_last_all": 48.62,
            "at_2014_last_all": 17.13,
            "at_2015_last_all": 11.46,
            "at_2016_last_all": 24.99,
            "at_2017_last_all": 15.39,
            "at_2018_last_all": 0.97,
            "at_2019_last_all": 0.97,
            "at_2020_last_all": 0.97,
            "at_2021_last_all": 11.97,
            "at_2022_last_all": 0.77,
            "at_2023_last_all": 0.77
        },
        "latest_eps": -1.5,
        "latest_price": 14.85,
        "latest_roe": -5.39,
        "latest_gross_margin": 6.32,
        "latest_equity": 6003177,
        "latest_revenue": 1664009,
        "latest_gross_profit": 105192,
        "latest_net_income": -32808,
        "latest_debt_ratio": 53.22,
        "latest_current_ratio": 141.95,
        "latest_account_receivable_turnover_ratio": 1.13,
        "latest_inventory_turnover_ratio": 1.58,
        "latest_reinvestment_rate": 2286.09,
        "latest_research_to_sale_ratio": 1.24
    },
    "eps_dividends": {
        "2001": {
            "cash": 0,
            "stock": 0,
            "eps": 0
        },
        "2002": {
            "cash": 0,
            "stock": 0,
            "eps": 0
        },
        "2003": {
            "cash": 0,
            "stock": 0,
            "eps": 0
        },
        "2004": {
            "cash": 0,
            "stock": 0,
            "eps": 0
        },
        "2005": {
            "cash": 0,
            "stock": 0,
            "eps": 0
        },
        "2006": {
            "cash": 0,
            "stock": 0,
            "eps": 0
        },
        "2007": {
            "cash": 0,
            "stock": 0,
            "eps": 0
        },
        "2008": {
            "cash": 0,
            "stock": 0,
            "eps": 0
        },
        "2009": {
            "cash": 0,
            "stock": 0,
            "eps": 0
        },
        "2010": {
            "cash": 0.5,
            "stock": 0,
            "eps": 2.38
        },
        "2011": {
            "cash": 2,
            "stock": 1.3,
            "eps": 4.45
        },
        "2012": {
            "cash": 0,
            "stock": 0,
            "eps": 5.92
        },
        "2013": {
            "cash": 0.35,
            "stock": 3.15,
            "eps": 7.45
        },
        "2014": {
            "cash": 0.35,
            "stock": 3.15,
            "eps": 1.69
        },
        "2015": {
            "cash": 0.84,
            "stock": 0,
            "eps": 1.5
        },
        "2016": {
            "cash": 0.3,
            "stock": 0.45,
            "eps": 2.89
        },
        "2017": {
            "cash": 0.35,
            "stock": 1.07,
            "eps": 1.67
        },
        "2018": {
            "cash": 0.35,
            "stock": 0,
            "eps": -0.78
        },
        "2019": {
            "cash": 0,
            "stock": 0,
            "eps": -0.34
        },
        "2020": {
            "cash": 0.29000000000000004,
            "stock": 0,
            "eps": 0.39
        },
        "2021": {
            "cash": 0,
            "stock": 0,
            "eps": 2.22
        },
        "2022": {
            "cash": 0.4,
            "stock": 0,
            "eps": -1.81
        },
        "2023": {
            "cash": 0,
            "stock": 0,
            "eps": -0.15
        }
    },
    "dividends": {
        "2010-04-24": {
            "cash": 0.5,
            "stock": 0
        },
        "2011-01-01": {
            "cash": 1,
            "stock": 1.3
        },
        "2011-02-26": {
            "cash": 1,
            "stock": 0
        },
        "2013-03-23": {
            "cash": 0.35,
            "stock": 3.15
        },
        "2014-06-19": {
            "cash": 0.35,
            "stock": 3.15
        },
        "2015-08-26": {
            "cash": 0.84,
            "stock": 0
        },
        "2016-08-25": {
            "cash": 0.3,
            "stock": 0.45
        },
        "2017-08-23": {
            "cash": 0.35,
            "stock": 1.07
        },
        "2018-08-23": {
            "cash": 0.35,
            "stock": 0
        },
        "2020-09-22": {
            "cash": 0.12,
            "stock": 0
        },
        "2020-12-22": {
            "cash": 0.17,
            "stock": 0
        },
        "2022-08-25": {
            "cash": 0.4,
            "stock": 0
        }
    },
    "prices": {
        "200101": "無",
        "200102": "無",
        "200103": "無",
        "200104": "無",
        "200105": "無",
        "200106": "無",
        "200107": "無",
        "200108": "無",
        "200109": "無",
        "200110": "無",
        "200111": "無",
        "200112": "無",
        "200201": "無",
        "200202": "無",
        "200203": "無",
        "200204": "無",
        "200205": "無",
        "200206": "無",
        "200207": "無",
        "200208": "無",
        "200209": "無",
        "200210": "無",
        "200211": "無",
        "200212": "無",
        "200301": "無",
        "200302": "無",
        "200303": "無",
        "200304": "無",
        "200305": "無",
        "200306": "無",
        "200307": "無",
        "200308": "無",
        "200309": "無",
        "200310": "無",
        "200311": "無",
        "200312": "無",
        "200401": "無",
        "200402": "無",
        "200403": "無",
        "200404": "無",
        "200405": "無",
        "200406": "無",
        "200407": "無",
        "200408": "無",
        "200409": "無",
        "200410": "無",
        "200411": "無",
        "200412": "無",
        "200501": "無",
        "200502": "無",
        "200503": "無",
        "200504": "無",
        "200505": "無",
        "200506": "無",
        "200507": "無",
        "200508": "無",
        "200509": "無",
        "200510": "無",
        "200511": "無",
        "200512": "無",
        "200601": "無",
        "200602": "無",
        "200603": "無",
        "200604": "無",
        "200605": "無",
        "200606": "無",
        "200607": "無",
        "200608": "無",
        "200609": "無",
        "200610": "無",
        "200611": "無",
        "200612": "無",
        "200701": "無",
        "200702": "無",
        "200703": "無",
        "200704": "無",
        "200705": "無",
        "200706": "無",
        "200707": "無",
        "200708": "無",
        "200709": "無",
        "200710": "無",
        "200711": "無",
        "200712": "無",
        "200801": "無",
        "200802": "無",
        "200803": "無",
        "200804": "無",
        "200805": "無",
        "200806": "無",
        "200807": "無",
        "200808": "無",
        "200809": "無",
        "200810": "無",
        "200811": "無",
        "200812": "無",
        "200901": "無",
        "200902": "無",
        "200903": "無",
        "200904": "無",
        "200905": "無",
        "200906": "無",
        "200907": "無",
        "200908": "無",
        "200909": "無",
        "200910": "無",
        "200911": "無",
        "200912": "62.87",
        "201001": "無",
        "201002": "63.70",
        "201003": "62.84",
        "201004": "60.66",
        "201005": "54.60",
        "201006": "無",
        "201007": "無",
        "201008": "56.75",
        "201009": "57.92",
        "201010": "62.38",
        "201011": "70.25",
        "201012": "86.10",
        "201101": "92.62",
        "201102": "88.42",
        "201103": "79.20",
        "201104": "74.92",
        "201105": "81.23",
        "201106": "91.95",
        "201107": "81.90",
        "201108": "78.89",
        "201109": "75.61",
        "201110": "82.42",
        "201111": "64.60",
        "201112": "62.21",
        "201201": "60.89",
        "201202": "70.90",
        "201203": "69.20",
        "201204": "61.87",
        "201205": "50.00",
        "201206": "47.60",
        "201207": "47.73",
        "201208": "48.95",
        "201209": "53.12",
        "201210": "55.14",
        "201211": "51.46",
        "201212": "52.75",
        "201301": "53.52",
        "201302": "57.15",
        "201303": "62.04",
        "201304": "71.58",
        "201305": "94.89",
        "201306": "100.30",
        "201307": "98.71",
        "201308": "88.22",
        "201309": "75.78",
        "201310": "74.17",
        "201311": "72.27",
        "201312": "79.86",
        "201401": "83.74",
        "201402": "82.85",
        "201403": "84.15",
        "201404": "79.62",
        "201405": "69.71",
        "201406": "65.36",
        "201407": "56.34",
        "201408": "48.65",
        "201409": "47.97",
        "201410": "41.55",
        "201411": "34.08",
        "201412": "33.86",
        "201501": "37.04",
        "201502": "41.17",
        "201503": "40.26",
        "201504": "39.83",
        "201505": "39.26",
        "201506": "36.97",
        "201507": "33.31",
        "201508": "27.35",
        "201509": "24.70",
        "201510": "26.97",
        "201511": "26.20",
        "201512": "25.98",
        "201601": "25.90",
        "201602": "26.38",
        "201603": "28.53",
        "201604": "26.97",
        "201605": "26.85",
        "201606": "27.30",
        "201607": "25.90",
        "201608": "25.91",
        "201609": "26.43",
        "201610": "26.44",
        "201611": "28.25",
        "201612": "33.05",
        "201701": "33.81",
        "201702": "32.17",
        "201703": "34.47",
        "201704": "32.26",
        "201705": "32.00",
        "201706": "32.27",
        "201707": "32.02",
        "201708": "28.89",
        "201709": "27.68",
        "201710": "26.51",
        "201711": "25.15",
        "201712": "25.45",
        "201801": "25.80",
        "201802": "25.16",
        "201803": "24.17",
        "201804": "21.91",
        "201805": "17.78",
        "201806": "17.10",
        "201807": "16.04",
        "201808": "14.50",
        "201809": "13.48",
        "201810": "12.88",
        "201811": "12.38",
        "201812": "12.57",
        "201901": "14.24",
        "201902": "15.50",
        "201903": "14.92",
        "201904": "15.25",
        "201905": "15.29",
        "201906": "15.04",
        "201907": "15.94",
        "201908": "15.93",
        "201909": "16.73",
        "201910": "15.93",
        "201911": "14.72",
        "201912": "15.24",
        "202001": "15.68",
        "202002": "13.48",
        "202003": "10.72",
        "202004": "10.32",
        "202005": "10.65",
        "202006": "11.07",
        "202007": "11.60",
        "202008": "12.74",
        "202009": "13.61",
        "202010": "13.29",
        "202011": "14.08",
        "202012": "14.06",
        "202101": "13.86",
        "202102": "13.98",
        "202103": "14.12",
        "202104": "15.15",
        "202105": "14.37",
        "202106": "14.60",
        "202107": "15.22",
        "202108": "15.02",
        "202109": "14.48",
        "202110": "14.84",
        "202111": "16.28",
        "202112": "16.20",
        "202201": "17.88",
        "202202": "16.82",
        "202203": "16.76",
        "202204": "17.19",
        "202205": "16.14",
        "202206": "16.25",
        "202207": "16.22",
        "202208": "16.42",
        "202209": "15.45",
        "202210": "13.30",
        "202211": "12.65",
        "202212": "13.13",
        "202301": "13.50",
        "202302": "14.49",
        "202303": "14.90",
        "202304": "14.86",
        "202305": "14.88",
        "202306": "14.85"
    },
    "quarters": {
        "20011": {
            "year_quarter": 20011,
            "year": 2001,
            "quarter": 1,
            "eps": null,
            "eps_growth_year": null,
            "eps_4q": null,
            "eps_4q_growth_year": null,
            "roe": null,
            "roe_4q": 0,
            "gross_profit": null,
            "gross_margin": null,
            "gross_margin_4q_avg": 0,
            "net_income": null,
            "revenue": null,
            "common_shares": null,
            "book_valuer_per_share": null,
            "book_valuer_per_share_4q_avg": 0,
            "equity": null,
            "current_ratio": null,
            "debt_ratio": null,
            "inventory_turnover_ratio": null,
            "account_receivable_turnover_ratio": null,
            "reinvestment_rate": null,
            "research_to_sale_ratio": null,
            "price_fair": 0,
            "eps_avg_yearly": 0,
            "eps_latest_yearly": 0,
            "eps_growth_yearly": 0
        },
        "20012": {
            "year_quarter": 20012,
            "year": 2001,
            "quarter": 2,
            "eps": null,
            "eps_growth_year": null,
            "eps_4q": null,
            "eps_4q_growth_year": null,
            "roe": null,
            "roe_4q": 0,
            "gross_profit": null,
            "gross_margin": null,
            "gross_margin_4q_avg": 0,
            "net_income": null,
            "revenue": null,
            "common_shares": null,
            "book_valuer_per_share": null,
            "book_valuer_per_share_4q_avg": 0,
            "equity": null,
            "current_ratio": null,
            "debt_ratio": null,
            "inventory_turnover_ratio": null,
            "account_receivable_turnover_ratio": null,
            "reinvestment_rate": null,
            "research_to_sale_ratio": null,
            "price_fair": 0,
            "eps_avg_yearly": 0,
            "eps_latest_yearly": 0,
            "eps_growth_yearly": 0
        },
        "20013": {
            "year_quarter": 20013,
            "year": 2001,
            "quarter": 3,
            "eps": null,
            "eps_growth_year": null,
            "eps_4q": null,
            "eps_4q_growth_year": null,
            "roe": null,
            "roe_4q": 0,
            "gross_profit": null,
            "gross_margin": null,
            "gross_margin_4q_avg": 0,
            "net_income": null,
            "revenue": null,
            "common_shares": null,
            "book_valuer_per_share": null,
            "book_valuer_per_share_4q_avg": 0,
            "equity": null,
            "current_ratio": null,
            "debt_ratio": null,
            "inventory_turnover_ratio": null,
            "account_receivable_turnover_ratio": null,
            "reinvestment_rate": null,
            "research_to_sale_ratio": null,
            "price_fair": 0,
            "eps_avg_yearly": 0,
            "eps_latest_yearly": 0,
            "eps_growth_yearly": 0
        },
        "20014": {
            "year_quarter": 20014,
            "year": 2001,
            "quarter": 4,
            "eps": null,
            "eps_growth_year": null,
            "eps_4q": null,
            "eps_4q_growth_year": null,
            "roe": null,
            "roe_4q": 0,
            "gross_profit": null,
            "gross_margin": null,
            "gross_margin_4q_avg": 0,
            "net_income": null,
            "revenue": null,
            "common_shares": null,
            "book_valuer_per_share": null,
            "book_valuer_per_share_4q_avg": 0,
            "equity": null,
            "current_ratio": null,
            "debt_ratio": null,
            "inventory_turnover_ratio": null,
            "account_receivable_turnover_ratio": null,
            "reinvestment_rate": null,
            "research_to_sale_ratio": null,
            "price_fair": 0,
            "eps_avg_yearly": 0,
            "eps_latest_yearly": 0,
            "eps_growth_yearly": 0
        },
        "20021": {
            "year_quarter": 20021,
            "year": 2002,
            "quarter": 1,
            "eps": null,
            "eps_growth_year": null,
            "eps_4q": null,
            "eps_4q_growth_year": null,
            "roe": null,
            "roe_4q": 0,
            "gross_profit": null,
            "gross_margin": null,
            "gross_margin_4q_avg": 0,
            "net_income": null,
            "revenue": null,
            "common_shares": null,
            "book_valuer_per_share": null,
            "book_valuer_per_share_4q_avg": 0,
            "equity": null,
            "current_ratio": null,
            "debt_ratio": null,
            "inventory_turnover_ratio": null,
            "account_receivable_turnover_ratio": null,
            "reinvestment_rate": null,
            "research_to_sale_ratio": null,
            "price_fair": 0,
            "eps_avg_yearly": 0,
            "eps_latest_yearly": 0,
            "eps_growth_yearly": 0
        },
        "20022": {
            "year_quarter": 20022,
            "year": 2002,
            "quarter": 2,
            "eps": null,
            "eps_growth_year": null,
            "eps_4q": null,
            "eps_4q_growth_year": null,
            "roe": null,
            "roe_4q": 0,
            "gross_profit": null,
            "gross_margin": null,
            "gross_margin_4q_avg": 0,
            "net_income": null,
            "revenue": null,
            "common_shares": null,
            "book_valuer_per_share": null,
            "book_valuer_per_share_4q_avg": 0,
            "equity": null,
            "current_ratio": null,
            "debt_ratio": null,
            "inventory_turnover_ratio": null,
            "account_receivable_turnover_ratio": null,
            "reinvestment_rate": null,
            "research_to_sale_ratio": null,
            "price_fair": 0,
            "eps_avg_yearly": 0,
            "eps_latest_yearly": 0,
            "eps_growth_yearly": 0
        },
        "20023": {
            "year_quarter": 20023,
            "year": 2002,
            "quarter": 3,
            "eps": null,
            "eps_growth_year": null,
            "eps_4q": null,
            "eps_4q_growth_year": null,
            "roe": null,
            "roe_4q": 0,
            "gross_profit": null,
            "gross_margin": null,
            "gross_margin_4q_avg": 0,
            "net_income": null,
            "revenue": null,
            "common_shares": null,
            "book_valuer_per_share": null,
            "book_valuer_per_share_4q_avg": 0,
            "equity": null,
            "current_ratio": null,
            "debt_ratio": null,
            "inventory_turnover_ratio": null,
            "account_receivable_turnover_ratio": null,
            "reinvestment_rate": null,
            "research_to_sale_ratio": null,
            "price_fair": 0,
            "eps_avg_yearly": 0,
            "eps_latest_yearly": 0,
            "eps_growth_yearly": 0
        },
        "20024": {
            "year_quarter": 20024,
            "year": 2002,
            "quarter": 4,
            "eps": null,
            "eps_growth_year": null,
            "eps_4q": null,
            "eps_4q_growth_year": null,
            "roe": null,
            "roe_4q": 0,
            "gross_profit": null,
            "gross_margin": null,
            "gross_margin_4q_avg": 0,
            "net_income": null,
            "revenue": null,
            "common_shares": null,
            "book_valuer_per_share": null,
            "book_valuer_per_share_4q_avg": 0,
            "equity": null,
            "current_ratio": null,
            "debt_ratio": null,
            "inventory_turnover_ratio": null,
            "account_receivable_turnover_ratio": null,
            "reinvestment_rate": null,
            "research_to_sale_ratio": null,
            "price_fair": 0,
            "eps_avg_yearly": 0,
            "eps_latest_yearly": 0,
            "eps_growth_yearly": 0
        },
        "20031": {
            "year_quarter": 20031,
            "year": 2003,
            "quarter": 1,
            "eps": null,
            "eps_growth_year": null,
            "eps_4q": null,
            "eps_4q_growth_year": null,
            "roe": null,
            "roe_4q": 0,
            "gross_profit": null,
            "gross_margin": null,
            "gross_margin_4q_avg": 0,
            "net_income": null,
            "revenue": null,
            "common_shares": null,
            "book_valuer_per_share": null,
            "book_valuer_per_share_4q_avg": 0,
            "equity": null,
            "current_ratio": null,
            "debt_ratio": null,
            "inventory_turnover_ratio": null,
            "account_receivable_turnover_ratio": null,
            "reinvestment_rate": null,
            "research_to_sale_ratio": null,
            "price_fair": 0,
            "eps_avg_yearly": 0,
            "eps_latest_yearly": 0,
            "eps_growth_yearly": 0
        },
        "20032": {
            "year_quarter": 20032,
            "year": 2003,
            "quarter": 2,
            "eps": null,
            "eps_growth_year": null,
            "eps_4q": null,
            "eps_4q_growth_year": null,
            "roe": null,
            "roe_4q": 0,
            "gross_profit": null,
            "gross_margin": null,
            "gross_margin_4q_avg": 0,
            "net_income": null,
            "revenue": null,
            "common_shares": null,
            "book_valuer_per_share": null,
            "book_valuer_per_share_4q_avg": 0,
            "equity": null,
            "current_ratio": null,
            "debt_ratio": null,
            "inventory_turnover_ratio": null,
            "account_receivable_turnover_ratio": null,
            "reinvestment_rate": null,
            "research_to_sale_ratio": null,
            "price_fair": 0,
            "eps_avg_yearly": 0,
            "eps_latest_yearly": 0,
            "eps_growth_yearly": 0
        },
        "20033": {
            "year_quarter": 20033,
            "year": 2003,
            "quarter": 3,
            "eps": null,
            "eps_growth_year": null,
            "eps_4q": null,
            "eps_4q_growth_year": null,
            "roe": null,
            "roe_4q": 0,
            "gross_profit": null,
            "gross_margin": null,
            "gross_margin_4q_avg": 0,
            "net_income": null,
            "revenue": null,
            "common_shares": null,
            "book_valuer_per_share": null,
            "book_valuer_per_share_4q_avg": 0,
            "equity": null,
            "current_ratio": null,
            "debt_ratio": null,
            "inventory_turnover_ratio": null,
            "account_receivable_turnover_ratio": null,
            "reinvestment_rate": null,
            "research_to_sale_ratio": null,
            "price_fair": 0,
            "eps_avg_yearly": 0,
            "eps_latest_yearly": 0,
            "eps_growth_yearly": 0
        },
        "20034": {
            "year_quarter": 20034,
            "year": 2003,
            "quarter": 4,
            "eps": null,
            "eps_growth_year": null,
            "eps_4q": null,
            "eps_4q_growth_year": null,
            "roe": null,
            "roe_4q": 0,
            "gross_profit": null,
            "gross_margin": null,
            "gross_margin_4q_avg": 0,
            "net_income": null,
            "revenue": null,
            "common_shares": null,
            "book_valuer_per_share": null,
            "book_valuer_per_share_4q_avg": 0,
            "equity": null,
            "current_ratio": null,
            "debt_ratio": null,
            "inventory_turnover_ratio": null,
            "account_receivable_turnover_ratio": null,
            "reinvestment_rate": null,
            "research_to_sale_ratio": null,
            "price_fair": 0,
            "eps_avg_yearly": 0,
            "eps_latest_yearly": 0,
            "eps_growth_yearly": 0
        },
        "20041": {
            "year_quarter": 20041,
            "year": 2004,
            "quarter": 1,
            "eps": null,
            "eps_growth_year": null,
            "eps_4q": null,
            "eps_4q_growth_year": null,
            "roe": null,
            "roe_4q": 0,
            "gross_profit": null,
            "gross_margin": null,
            "gross_margin_4q_avg": 0,
            "net_income": null,
            "revenue": null,
            "common_shares": null,
            "book_valuer_per_share": null,
            "book_valuer_per_share_4q_avg": 0,
            "equity": null,
            "current_ratio": null,
            "debt_ratio": null,
            "inventory_turnover_ratio": null,
            "account_receivable_turnover_ratio": null,
            "reinvestment_rate": null,
            "research_to_sale_ratio": null,
            "price_fair": 0,
            "eps_avg_yearly": 0,
            "eps_latest_yearly": 0,
            "eps_growth_yearly": 0
        },
        "20042": {
            "year_quarter": 20042,
            "year": 2004,
            "quarter": 2,
            "eps": null,
            "eps_growth_year": null,
            "eps_4q": null,
            "eps_4q_growth_year": null,
            "roe": null,
            "roe_4q": 0,
            "gross_profit": null,
            "gross_margin": null,
            "gross_margin_4q_avg": 0,
            "net_income": null,
            "revenue": null,
            "common_shares": null,
            "book_valuer_per_share": null,
            "book_valuer_per_share_4q_avg": 0,
            "equity": null,
            "current_ratio": null,
            "debt_ratio": null,
            "inventory_turnover_ratio": null,
            "account_receivable_turnover_ratio": null,
            "reinvestment_rate": null,
            "research_to_sale_ratio": null,
            "price_fair": 0,
            "eps_avg_yearly": 0,
            "eps_latest_yearly": 0,
            "eps_growth_yearly": 0
        },
        "20043": {
            "year_quarter": 20043,
            "year": 2004,
            "quarter": 3,
            "eps": null,
            "eps_growth_year": null,
            "eps_4q": null,
            "eps_4q_growth_year": null,
            "roe": null,
            "roe_4q": 0,
            "gross_profit": null,
            "gross_margin": null,
            "gross_margin_4q_avg": 0,
            "net_income": null,
            "revenue": null,
            "common_shares": null,
            "book_valuer_per_share": null,
            "book_valuer_per_share_4q_avg": 0,
            "equity": null,
            "current_ratio": null,
            "debt_ratio": null,
            "inventory_turnover_ratio": null,
            "account_receivable_turnover_ratio": null,
            "reinvestment_rate": null,
            "research_to_sale_ratio": null,
            "price_fair": 0,
            "eps_avg_yearly": 0,
            "eps_latest_yearly": 0,
            "eps_growth_yearly": 0
        },
        "20044": {
            "year_quarter": 20044,
            "year": 2004,
            "quarter": 4,
            "eps": null,
            "eps_growth_year": null,
            "eps_4q": null,
            "eps_4q_growth_year": null,
            "roe": null,
            "roe_4q": 0,
            "gross_profit": null,
            "gross_margin": null,
            "gross_margin_4q_avg": 0,
            "net_income": null,
            "revenue": null,
            "common_shares": null,
            "book_valuer_per_share": null,
            "book_valuer_per_share_4q_avg": 0,
            "equity": null,
            "current_ratio": null,
            "debt_ratio": null,
            "inventory_turnover_ratio": null,
            "account_receivable_turnover_ratio": null,
            "reinvestment_rate": null,
            "research_to_sale_ratio": null,
            "price_fair": 0,
            "eps_avg_yearly": 0,
            "eps_latest_yearly": 0,
            "eps_growth_yearly": 0
        },
        "20051": {
            "year_quarter": 20051,
            "year": 2005,
            "quarter": 1,
            "eps": null,
            "eps_growth_year": null,
            "eps_4q": null,
            "eps_4q_growth_year": null,
            "roe": null,
            "roe_4q": 0,
            "gross_profit": null,
            "gross_margin": null,
            "gross_margin_4q_avg": 0,
            "net_income": null,
            "revenue": null,
            "common_shares": null,
            "book_valuer_per_share": null,
            "book_valuer_per_share_4q_avg": 0,
            "equity": null,
            "current_ratio": null,
            "debt_ratio": null,
            "inventory_turnover_ratio": null,
            "account_receivable_turnover_ratio": null,
            "reinvestment_rate": null,
            "research_to_sale_ratio": null,
            "price_fair": 0,
            "eps_avg_yearly": 0,
            "eps_latest_yearly": 0,
            "eps_growth_yearly": 0
        },
        "20052": {
            "year_quarter": 20052,
            "year": 2005,
            "quarter": 2,
            "eps": null,
            "eps_growth_year": null,
            "eps_4q": null,
            "eps_4q_growth_year": null,
            "roe": null,
            "roe_4q": 0,
            "gross_profit": null,
            "gross_margin": null,
            "gross_margin_4q_avg": 0,
            "net_income": null,
            "revenue": null,
            "common_shares": null,
            "book_valuer_per_share": null,
            "book_valuer_per_share_4q_avg": 0,
            "equity": null,
            "current_ratio": null,
            "debt_ratio": null,
            "inventory_turnover_ratio": null,
            "account_receivable_turnover_ratio": null,
            "reinvestment_rate": null,
            "research_to_sale_ratio": null,
            "price_fair": 0,
            "eps_avg_yearly": 0,
            "eps_latest_yearly": 0,
            "eps_growth_yearly": 0
        },
        "20053": {
            "year_quarter": 20053,
            "year": 2005,
            "quarter": 3,
            "eps": null,
            "eps_growth_year": null,
            "eps_4q": null,
            "eps_4q_growth_year": null,
            "roe": null,
            "roe_4q": 0,
            "gross_profit": null,
            "gross_margin": null,
            "gross_margin_4q_avg": 0,
            "net_income": null,
            "revenue": null,
            "common_shares": null,
            "book_valuer_per_share": null,
            "book_valuer_per_share_4q_avg": 0,
            "equity": null,
            "current_ratio": null,
            "debt_ratio": null,
            "inventory_turnover_ratio": null,
            "account_receivable_turnover_ratio": null,
            "reinvestment_rate": null,
            "research_to_sale_ratio": null,
            "price_fair": 0,
            "eps_avg_yearly": 0,
            "eps_latest_yearly": 0,
            "eps_growth_yearly": 0
        },
        "20054": {
            "year_quarter": 20054,
            "year": 2005,
            "quarter": 4,
            "eps": null,
            "eps_growth_year": null,
            "eps_4q": null,
            "eps_4q_growth_year": null,
            "roe": null,
            "roe_4q": 0,
            "gross_profit": null,
            "gross_margin": null,
            "gross_margin_4q_avg": 0,
            "net_income": null,
            "revenue": null,
            "common_shares": null,
            "book_valuer_per_share": null,
            "book_valuer_per_share_4q_avg": 0,
            "equity": null,
            "current_ratio": null,
            "debt_ratio": null,
            "inventory_turnover_ratio": null,
            "account_receivable_turnover_ratio": null,
            "reinvestment_rate": null,
            "research_to_sale_ratio": null,
            "price_fair": 0,
            "eps_avg_yearly": 0,
            "eps_latest_yearly": 0,
            "eps_growth_yearly": 0
        },
        "20061": {
            "year_quarter": 20061,
            "year": 2006,
            "quarter": 1,
            "eps": null,
            "eps_growth_year": null,
            "eps_4q": null,
            "eps_4q_growth_year": null,
            "roe": null,
            "roe_4q": 0,
            "gross_profit": null,
            "gross_margin": null,
            "gross_margin_4q_avg": 0,
            "net_income": null,
            "revenue": null,
            "common_shares": null,
            "book_valuer_per_share": null,
            "book_valuer_per_share_4q_avg": 0,
            "equity": null,
            "current_ratio": null,
            "debt_ratio": null,
            "inventory_turnover_ratio": null,
            "account_receivable_turnover_ratio": null,
            "reinvestment_rate": null,
            "research_to_sale_ratio": null,
            "price_fair": 0,
            "eps_avg_yearly": 0,
            "eps_latest_yearly": 0,
            "eps_growth_yearly": 0
        },
        "20062": {
            "year_quarter": 20062,
            "year": 2006,
            "quarter": 2,
            "eps": null,
            "eps_growth_year": null,
            "eps_4q": null,
            "eps_4q_growth_year": null,
            "roe": null,
            "roe_4q": 0,
            "gross_profit": null,
            "gross_margin": null,
            "gross_margin_4q_avg": 0,
            "net_income": null,
            "revenue": null,
            "common_shares": null,
            "book_valuer_per_share": null,
            "book_valuer_per_share_4q_avg": 0,
            "equity": null,
            "current_ratio": null,
            "debt_ratio": null,
            "inventory_turnover_ratio": null,
            "account_receivable_turnover_ratio": null,
            "reinvestment_rate": null,
            "research_to_sale_ratio": null,
            "price_fair": 0,
            "eps_avg_yearly": 0,
            "eps_latest_yearly": 0,
            "eps_growth_yearly": 0
        },
        "20063": {
            "year_quarter": 20063,
            "year": 2006,
            "quarter": 3,
            "eps": null,
            "eps_growth_year": null,
            "eps_4q": null,
            "eps_4q_growth_year": null,
            "roe": null,
            "roe_4q": 0,
            "gross_profit": null,
            "gross_margin": null,
            "gross_margin_4q_avg": 0,
            "net_income": null,
            "revenue": null,
            "common_shares": null,
            "book_valuer_per_share": null,
            "book_valuer_per_share_4q_avg": 0,
            "equity": null,
            "current_ratio": null,
            "debt_ratio": null,
            "inventory_turnover_ratio": null,
            "account_receivable_turnover_ratio": null,
            "reinvestment_rate": null,
            "research_to_sale_ratio": null,
            "price_fair": 0,
            "eps_avg_yearly": 0,
            "eps_latest_yearly": 0,
            "eps_growth_yearly": 0
        },
        "20064": {
            "year_quarter": 20064,
            "year": 2006,
            "quarter": 4,
            "eps": null,
            "eps_growth_year": null,
            "eps_4q": null,
            "eps_4q_growth_year": null,
            "roe": null,
            "roe_4q": 0,
            "gross_profit": null,
            "gross_margin": null,
            "gross_margin_4q_avg": 0,
            "net_income": null,
            "revenue": null,
            "common_shares": null,
            "book_valuer_per_share": null,
            "book_valuer_per_share_4q_avg": 0,
            "equity": null,
            "current_ratio": null,
            "debt_ratio": null,
            "inventory_turnover_ratio": null,
            "account_receivable_turnover_ratio": null,
            "reinvestment_rate": null,
            "research_to_sale_ratio": null,
            "price_fair": 0,
            "eps_avg_yearly": 0,
            "eps_latest_yearly": 0,
            "eps_growth_yearly": 0
        },
        "20071": {
            "year_quarter": 20071,
            "year": 2007,
            "quarter": 1,
            "eps": null,
            "eps_growth_year": null,
            "eps_4q": null,
            "eps_4q_growth_year": null,
            "roe": null,
            "roe_4q": 0,
            "gross_profit": null,
            "gross_margin": null,
            "gross_margin_4q_avg": 0,
            "net_income": null,
            "revenue": null,
            "common_shares": null,
            "book_valuer_per_share": null,
            "book_valuer_per_share_4q_avg": 0,
            "equity": null,
            "current_ratio": null,
            "debt_ratio": null,
            "inventory_turnover_ratio": null,
            "account_receivable_turnover_ratio": null,
            "reinvestment_rate": null,
            "research_to_sale_ratio": null,
            "price_fair": 0,
            "eps_avg_yearly": 0,
            "eps_latest_yearly": 0,
            "eps_growth_yearly": 0
        },
        "20072": {
            "year_quarter": 20072,
            "year": 2007,
            "quarter": 2,
            "eps": null,
            "eps_growth_year": null,
            "eps_4q": null,
            "eps_4q_growth_year": null,
            "roe": null,
            "roe_4q": 0,
            "gross_profit": null,
            "gross_margin": null,
            "gross_margin_4q_avg": 0,
            "net_income": null,
            "revenue": null,
            "common_shares": null,
            "book_valuer_per_share": null,
            "book_valuer_per_share_4q_avg": 0,
            "equity": null,
            "current_ratio": null,
            "debt_ratio": null,
            "inventory_turnover_ratio": null,
            "account_receivable_turnover_ratio": null,
            "reinvestment_rate": null,
            "research_to_sale_ratio": null,
            "price_fair": 0,
            "eps_avg_yearly": 0,
            "eps_latest_yearly": 0,
            "eps_growth_yearly": 0
        },
        "20073": {
            "year_quarter": 20073,
            "year": 2007,
            "quarter": 3,
            "eps": null,
            "eps_growth_year": null,
            "eps_4q": null,
            "eps_4q_growth_year": null,
            "roe": null,
            "roe_4q": 0,
            "gross_profit": null,
            "gross_margin": null,
            "gross_margin_4q_avg": 0,
            "net_income": null,
            "revenue": null,
            "common_shares": null,
            "book_valuer_per_share": null,
            "book_valuer_per_share_4q_avg": 0,
            "equity": null,
            "current_ratio": null,
            "debt_ratio": null,
            "inventory_turnover_ratio": null,
            "account_receivable_turnover_ratio": null,
            "reinvestment_rate": null,
            "research_to_sale_ratio": null,
            "price_fair": 0,
            "eps_avg_yearly": 0,
            "eps_latest_yearly": 0,
            "eps_growth_yearly": 0
        },
        "20074": {
            "year_quarter": 20074,
            "year": 2007,
            "quarter": 4,
            "eps": null,
            "eps_growth_year": null,
            "eps_4q": null,
            "eps_4q_growth_year": null,
            "roe": null,
            "roe_4q": 0,
            "gross_profit": null,
            "gross_margin": null,
            "gross_margin_4q_avg": 0,
            "net_income": null,
            "revenue": null,
            "common_shares": 600000,
            "book_valuer_per_share": 21.55,
            "book_valuer_per_share_4q_avg": 5.39,
            "equity": 1359269,
            "current_ratio": 222.69,
            "debt_ratio": 30.4,
            "inventory_turnover_ratio": null,
            "account_receivable_turnover_ratio": null,
            "reinvestment_rate": null,
            "research_to_sale_ratio": null,
            "price_fair": 0,
            "eps_avg_yearly": 0,
            "eps_latest_yearly": 0,
            "eps_growth_yearly": 0
        },
        "20081": {
            "year_quarter": 20081,
            "year": 2008,
            "quarter": 1,
            "eps": null,
            "eps_growth_year": null,
            "eps_4q": null,
            "eps_4q_growth_year": null,
            "roe": null,
            "roe_4q": 0,
            "gross_profit": null,
            "gross_margin": null,
            "gross_margin_4q_avg": 0,
            "net_income": null,
            "revenue": null,
            "common_shares": null,
            "book_valuer_per_share": null,
            "book_valuer_per_share_4q_avg": 5.39,
            "equity": null,
            "current_ratio": null,
            "debt_ratio": null,
            "inventory_turnover_ratio": null,
            "account_receivable_turnover_ratio": null,
            "reinvestment_rate": null,
            "research_to_sale_ratio": null,
            "price_fair": 0,
            "eps_avg_yearly": 0,
            "eps_latest_yearly": 0,
            "eps_growth_yearly": 0
        },
        "20082": {
            "year_quarter": 20082,
            "year": 2008,
            "quarter": 2,
            "eps": null,
            "eps_growth_year": null,
            "eps_4q": null,
            "eps_4q_growth_year": null,
            "roe": null,
            "roe_4q": 0,
            "gross_profit": null,
            "gross_margin": null,
            "gross_margin_4q_avg": 0,
            "net_income": null,
            "revenue": null,
            "common_shares": null,
            "book_valuer_per_share": null,
            "book_valuer_per_share_4q_avg": 5.39,
            "equity": null,
            "current_ratio": null,
            "debt_ratio": null,
            "inventory_turnover_ratio": null,
            "account_receivable_turnover_ratio": null,
            "reinvestment_rate": null,
            "research_to_sale_ratio": null,
            "price_fair": 0,
            "eps_avg_yearly": 0,
            "eps_latest_yearly": 0,
            "eps_growth_yearly": 0
        },
        "20083": {
            "year_quarter": 20083,
            "year": 2008,
            "quarter": 3,
            "eps": null,
            "eps_growth_year": null,
            "eps_4q": null,
            "eps_4q_growth_year": null,
            "roe": null,
            "roe_4q": 0,
            "gross_profit": null,
            "gross_margin": null,
            "gross_margin_4q_avg": 0,
            "net_income": null,
            "revenue": null,
            "common_shares": null,
            "book_valuer_per_share": null,
            "book_valuer_per_share_4q_avg": 5.39,
            "equity": null,
            "current_ratio": null,
            "debt_ratio": null,
            "inventory_turnover_ratio": null,
            "account_receivable_turnover_ratio": null,
            "reinvestment_rate": null,
            "research_to_sale_ratio": null,
            "price_fair": 0,
            "eps_avg_yearly": 0,
            "eps_latest_yearly": 0,
            "eps_growth_yearly": 0
        },
        "20084": {
            "year_quarter": 20084,
            "year": 2008,
            "quarter": 4,
            "eps": null,
            "eps_growth_year": null,
            "eps_4q": null,
            "eps_4q_growth_year": null,
            "roe": null,
            "roe_4q": 0,
            "gross_profit": null,
            "gross_margin": null,
            "gross_margin_4q_avg": 0,
            "net_income": null,
            "revenue": null,
            "common_shares": 600000,
            "book_valuer_per_share": 25.2,
            "book_valuer_per_share_4q_avg": 6.3,
            "equity": 1511936,
            "current_ratio": 193.35,
            "debt_ratio": 38.31,
            "inventory_turnover_ratio": null,
            "account_receivable_turnover_ratio": null,
            "reinvestment_rate": null,
            "research_to_sale_ratio": null,
            "price_fair": 0,
            "eps_avg_yearly": 0,
            "eps_latest_yearly": 0,
            "eps_growth_yearly": 0
        },
        "20091": {
            "year_quarter": 20091,
            "year": 2009,
            "quarter": 1,
            "eps": null,
            "eps_growth_year": null,
            "eps_4q": null,
            "eps_4q_growth_year": null,
            "roe": null,
            "roe_4q": 0,
            "gross_profit": null,
            "gross_margin": null,
            "gross_margin_4q_avg": 0,
            "net_income": null,
            "revenue": null,
            "common_shares": null,
            "book_valuer_per_share": null,
            "book_valuer_per_share_4q_avg": 6.3,
            "equity": null,
            "current_ratio": null,
            "debt_ratio": null,
            "inventory_turnover_ratio": null,
            "account_receivable_turnover_ratio": null,
            "reinvestment_rate": null,
            "research_to_sale_ratio": null,
            "price_fair": 0,
            "eps_avg_yearly": 0,
            "eps_latest_yearly": 0,
            "eps_growth_yearly": 0
        },
        "20092": {
            "year_quarter": 20092,
            "year": 2009,
            "quarter": 2,
            "eps": null,
            "eps_growth_year": null,
            "eps_4q": null,
            "eps_4q_growth_year": null,
            "roe": null,
            "roe_4q": 0,
            "gross_profit": null,
            "gross_margin": null,
            "gross_margin_4q_avg": 0,
            "net_income": null,
            "revenue": null,
            "common_shares": 0,
            "book_valuer_per_share": null,
            "book_valuer_per_share_4q_avg": 6.3,
            "equity": 0,
            "current_ratio": null,
            "debt_ratio": null,
            "inventory_turnover_ratio": null,
            "account_receivable_turnover_ratio": null,
            "reinvestment_rate": null,
            "research_to_sale_ratio": null,
            "price_fair": 0,
            "eps_avg_yearly": 0,
            "eps_latest_yearly": 0,
            "eps_growth_yearly": 0
        },
        "20093": {
            "year_quarter": 20093,
            "year": 2009,
            "quarter": 3,
            "eps": null,
            "eps_growth_year": null,
            "eps_4q": null,
            "eps_4q_growth_year": null,
            "roe": null,
            "roe_4q": 0,
            "gross_profit": null,
            "gross_margin": null,
            "gross_margin_4q_avg": 0,
            "net_income": null,
            "revenue": null,
            "common_shares": null,
            "book_valuer_per_share": null,
            "book_valuer_per_share_4q_avg": 6.3,
            "equity": null,
            "current_ratio": null,
            "debt_ratio": null,
            "inventory_turnover_ratio": null,
            "account_receivable_turnover_ratio": null,
            "reinvestment_rate": null,
            "research_to_sale_ratio": null,
            "price_fair": 0,
            "eps_avg_yearly": 0,
            "eps_latest_yearly": 0,
            "eps_growth_yearly": 0
        },
        "20094": {
            "year_quarter": 20094,
            "year": 2009,
            "quarter": 4,
            "eps": null,
            "eps_growth_year": null,
            "eps_4q": null,
            "eps_4q_growth_year": null,
            "roe": null,
            "roe_4q": 0,
            "gross_profit": null,
            "gross_margin": null,
            "gross_margin_4q_avg": 0,
            "net_income": null,
            "revenue": null,
            "common_shares": 600000,
            "book_valuer_per_share": 30.47,
            "book_valuer_per_share_4q_avg": 7.62,
            "equity": 1828080,
            "current_ratio": 198.28,
            "debt_ratio": 36.39,
            "inventory_turnover_ratio": null,
            "account_receivable_turnover_ratio": null,
            "reinvestment_rate": null,
            "research_to_sale_ratio": null,
            "price_fair": 0,
            "eps_avg_yearly": 0,
            "eps_latest_yearly": 0,
            "eps_growth_yearly": 0
        },
        "20101": {
            "year_quarter": 20101,
            "year": 2010,
            "quarter": 1,
            "eps": null,
            "eps_growth_year": null,
            "eps_4q": null,
            "eps_4q_growth_year": null,
            "roe": null,
            "roe_4q": 0,
            "gross_profit": 240506,
            "gross_margin": null,
            "gross_margin_4q_avg": 0,
            "net_income": 147306,
            "revenue": 1230628,
            "common_shares": 600000,
            "book_valuer_per_share": 32.71,
            "book_valuer_per_share_4q_avg": 15.8,
            "equity": 1962839,
            "current_ratio": 181.96,
            "debt_ratio": 40.21,
            "inventory_turnover_ratio": null,
            "account_receivable_turnover_ratio": null,
            "reinvestment_rate": null,
            "research_to_sale_ratio": null,
            "price_fair": 0,
            "eps_avg_yearly": 0,
            "eps_latest_yearly": 0,
            "eps_growth_yearly": 0
        },
        "20102": {
            "year_quarter": 20102,
            "year": 2010,
            "quarter": 2,
            "eps": 2.38,
            "eps_growth_year": null,
            "eps_4q": null,
            "eps_4q_growth_year": null,
            "roe": 6.94,
            "roe_4q": 6.94,
            "gross_profit": 292630,
            "gross_margin": 25.29,
            "gross_margin_4q_avg": 6.32,
            "net_income": 142794,
            "revenue": 1157311,
            "common_shares": 600000,
            "book_valuer_per_share": 35.83,
            "book_valuer_per_share_4q_avg": 24.75,
            "equity": 2149564,
            "current_ratio": 189.72,
            "debt_ratio": 40.54,
            "inventory_turnover_ratio": 1.81,
            "account_receivable_turnover_ratio": 1.98,
            "reinvestment_rate": null,
            "research_to_sale_ratio": null,
            "price_fair": 0,
            "eps_avg_yearly": 0,
            "eps_latest_yearly": 0,
            "eps_growth_yearly": 0
        },
        "20103": {
            "year_quarter": 20103,
            "year": 2010,
            "quarter": 3,
            "eps": null,
            "eps_growth_year": null,
            "eps_4q": null,
            "eps_4q_growth_year": null,
            "roe": null,
            "roe_4q": 6.94,
            "gross_profit": 265395,
            "gross_margin": null,
            "gross_margin_4q_avg": 6.32,
            "net_income": 116142,
            "revenue": 1521604,
            "common_shares": 600000,
            "book_valuer_per_share": 36.76,
            "book_valuer_per_share_4q_avg": 33.94,
            "equity": 2205359,
            "current_ratio": 176.28,
            "debt_ratio": 44.96,
            "inventory_turnover_ratio": null,
            "account_receivable_turnover_ratio": null,
            "reinvestment_rate": null,
            "research_to_sale_ratio": null,
            "price_fair": 0,
            "eps_avg_yearly": 0,
            "eps_latest_yearly": 0,
            "eps_growth_yearly": 0
        },
        "20104": {
            "year_quarter": 20104,
            "year": 2010,
            "quarter": 4,
            "eps": null,
            "eps_growth_year": null,
            "eps_4q": null,
            "eps_4q_growth_year": null,
            "roe": null,
            "roe_4q": 6.94,
            "gross_profit": 245078,
            "gross_margin": null,
            "gross_margin_4q_avg": 6.32,
            "net_income": 151288,
            "revenue": 1244835,
            "common_shares": 600000,
            "book_valuer_per_share": 38.57,
            "book_valuer_per_share_4q_avg": 35.97,
            "equity": 2314251,
            "current_ratio": 197.12,
            "debt_ratio": 38.99,
            "inventory_turnover_ratio": null,
            "account_receivable_turnover_ratio": null,
            "reinvestment_rate": null,
            "research_to_sale_ratio": null,
            "price_fair": 0,
            "eps_avg_yearly": 0,
            "eps_latest_yearly": 0,
            "eps_growth_yearly": 0
        },
        "20111": {
            "year_quarter": 20111,
            "year": 2011,
            "quarter": 1,
            "eps": null,
            "eps_growth_year": null,
            "eps_4q": null,
            "eps_4q_growth_year": null,
            "roe": null,
            "roe_4q": 6.94,
            "gross_profit": 170585,
            "gross_margin": null,
            "gross_margin_4q_avg": 6.32,
            "net_income": 72420,
            "revenue": 917488,
            "common_shares": 600000,
            "book_valuer_per_share": 38.75,
            "book_valuer_per_share_4q_avg": 37.48,
            "equity": 2325098,
            "current_ratio": 181.11,
            "debt_ratio": 40.9,
            "inventory_turnover_ratio": null,
            "account_receivable_turnover_ratio": null,
            "reinvestment_rate": null,
            "research_to_sale_ratio": null,
            "price_fair": 0,
            "eps_avg_yearly": 0,
            "eps_latest_yearly": 0,
            "eps_growth_yearly": 0
        },
        "20112": {
            "year_quarter": 20112,
            "year": 2011,
            "quarter": 2,
            "eps": 1.36,
            "eps_growth_year": -42.65,
            "eps_4q": 1.36,
            "eps_4q_growth_year": null,
            "roe": 3.52,
            "roe_4q": 3.52,
            "gross_profit": 196458,
            "gross_margin": 17.46,
            "gross_margin_4q_avg": 4.37,
            "net_income": 81890,
            "revenue": 1125432,
            "common_shares": 600000,
            "book_valuer_per_share": 38.83,
            "book_valuer_per_share_4q_avg": 38.23,
            "equity": 2330004,
            "current_ratio": 194.36,
            "debt_ratio": 46.02,
            "inventory_turnover_ratio": 0.95,
            "account_receivable_turnover_ratio": 2.32,
            "reinvestment_rate": null,
            "research_to_sale_ratio": null,
            "price_fair": 0,
            "eps_avg_yearly": 0,
            "eps_latest_yearly": 0,
            "eps_growth_yearly": 0
        },
        "20113": {
            "year_quarter": 20113,
            "year": 2011,
            "quarter": 3,
            "eps": 2.05,
            "eps_growth_year": null,
            "eps_4q": 3.41,
            "eps_4q_growth_year": null,
            "roe": 4.95,
            "roe_4q": 8.47,
            "gross_profit": 272676,
            "gross_margin": 17.04,
            "gross_margin_4q_avg": 8.63,
            "net_income": 122738,
            "revenue": 1599871,
            "common_shares": 600000,
            "book_valuer_per_share": 43.78,
            "book_valuer_per_share_4q_avg": 39.98,
            "equity": 2626868,
            "current_ratio": 183.57,
            "debt_ratio": 47.42,
            "inventory_turnover_ratio": 1.25,
            "account_receivable_turnover_ratio": 1.26,
            "reinvestment_rate": null,
            "research_to_sale_ratio": 2.37,
            "price_fair": 287,
            "eps_avg_yearly": 8.2,
            "eps_latest_yearly": 8.2,
            "eps_growth_yearly": 202.94
        },
        "20114": {
            "year_quarter": 20114,
            "year": 2011,
            "quarter": 4,
            "eps": 1.04,
            "eps_growth_year": null,
            "eps_4q": 4.07,
            "eps_4q_growth_year": null,
            "roe": 2.4,
            "roe_4q": 10.87,
            "gross_profit": 199561,
            "gross_margin": 11.96,
            "gross_margin_4q_avg": 11.62,
            "net_income": 70241,
            "revenue": 1668042,
            "common_shares": 675000,
            "book_valuer_per_share": 47.97,
            "book_valuer_per_share_4q_avg": 42.33,
            "equity": 3238305,
            "current_ratio": 219.78,
            "debt_ratio": 40.74,
            "inventory_turnover_ratio": 1.46,
            "account_receivable_turnover_ratio": 1.11,
            "reinvestment_rate": null,
            "research_to_sale_ratio": 2.45,
            "price_fair": 79.93,
            "eps_avg_yearly": 6.18,
            "eps_latest_yearly": 4.16,
            "eps_growth_yearly": 2.93
        },
        "20121": {
            "year_quarter": 20121,
            "year": 2012,
            "quarter": 1,
            "eps": 0.81,
            "eps_growth_year": null,
            "eps_4q": 4.88,
            "eps_4q_growth_year": null,
            "roe": 1.69,
            "roe_4q": 12.559999999999999,
            "gross_profit": 163765,
            "gross_margin": 13.51,
            "gross_margin_4q_avg": 14.99,
            "net_income": 54362,
            "revenue": 1212533,
            "common_shares": 675000,
            "book_valuer_per_share": 47.54,
            "book_valuer_per_share_4q_avg": 44.53,
            "equity": 3208945,
            "current_ratio": 300.66,
            "debt_ratio": 31.43,
            "inventory_turnover_ratio": 1.03,
            "account_receivable_turnover_ratio": 1,
            "reinvestment_rate": null,
            "research_to_sale_ratio": 2.36,
            "price_fair": 15.6,
            "eps_avg_yearly": 5.2,
            "eps_latest_yearly": 3.24,
            "eps_growth_yearly": -27.53
        },
        "20122": {
            "year_quarter": 20122,
            "year": 2012,
            "quarter": 2,
            "eps": 0.66,
            "eps_growth_year": -51.42,
            "eps_4q": 3.91,
            "eps_4q_growth_year": 186.17,
            "roe": 1.58,
            "roe_4q": 10.620000000000001,
            "gross_profit": 159353,
            "gross_margin": 13.74,
            "gross_margin_4q_avg": 14.06,
            "net_income": 50571,
            "revenue": 1159414,
            "common_shares": 675000,
            "book_valuer_per_share": 47.48,
            "book_valuer_per_share_4q_avg": 46.69,
            "equity": 3204849,
            "current_ratio": 240.32,
            "debt_ratio": 35.06,
            "inventory_turnover_ratio": 1.03,
            "account_receivable_turnover_ratio": 1.03,
            "reinvestment_rate": null,
            "research_to_sale_ratio": 2.3,
            "price_fair": 13.68,
            "eps_avg_yearly": 4.56,
            "eps_latest_yearly": 2.64,
            "eps_growth_yearly": -39.17
        },
        "20123": {
            "year_quarter": 20123,
            "year": 2012,
            "quarter": 3,
            "eps": 2.08,
            "eps_growth_year": 1.53,
            "eps_4q": 4.37,
            "eps_4q_growth_year": 28.24,
            "roe": 4.84,
            "roe_4q": 10.51,
            "gross_profit": 306774,
            "gross_margin": 16.56,
            "gross_margin_4q_avg": 13.94,
            "net_income": 158416,
            "revenue": 1852145,
            "common_shares": 762750,
            "book_valuer_per_share": 43.73,
            "book_valuer_per_share_4q_avg": 46.68,
            "equity": 3335705,
            "current_ratio": 213,
            "debt_ratio": 37.9,
            "inventory_turnover_ratio": 1.58,
            "account_receivable_turnover_ratio": 1.45,
            "reinvestment_rate": null,
            "research_to_sale_ratio": 2.13,
            "price_fair": 185.92,
            "eps_avg_yearly": 5.31,
            "eps_latest_yearly": 8.32,
            "eps_growth_yearly": 140.79
        },
        "20124": {
            "year_quarter": 20124,
            "year": 2012,
            "quarter": 4,
            "eps": 2.37,
            "eps_growth_year": 127.63,
            "eps_4q": 5.82,
            "eps_4q_growth_year": 42.96,
            "roe": 5.27,
            "roe_4q": 13.379999999999999,
            "gross_profit": 382109,
            "gross_margin": 18.71,
            "gross_margin_4q_avg": 15.63,
            "net_income": 180679,
            "revenue": 2041767,
            "common_shares": 762750,
            "book_valuer_per_share": 46.15,
            "book_valuer_per_share_4q_avg": 46.23,
            "equity": 3520367,
            "current_ratio": 210.11,
            "debt_ratio": 36,
            "inventory_turnover_ratio": 1.67,
            "account_receivable_turnover_ratio": 1.66,
            "reinvestment_rate": null,
            "research_to_sale_ratio": 2.48,
            "price_fair": 210.23,
            "eps_avg_yearly": 6.01,
            "eps_latest_yearly": 9.48,
            "eps_growth_yearly": 126.62
        },
        "20131": {
            "year_quarter": 20131,
            "year": 2013,
            "quarter": 1,
            "eps": 2.24,
            "eps_growth_year": 176.54,
            "eps_4q": 7.35,
            "eps_4q_growth_year": 50.67,
            "roe": 4.66,
            "roe_4q": 16.35,
            "gross_profit": 388939,
            "gross_margin": 19.02,
            "gross_margin_4q_avg": 17.01,
            "net_income": 170856,
            "revenue": 2044468,
            "common_shares": 762750,
            "book_valuer_per_share": 49.92,
            "book_valuer_per_share_4q_avg": 46.82,
            "equity": 3807729,
            "current_ratio": 185.77,
            "debt_ratio": 41.45,
            "inventory_turnover_ratio": 1.54,
            "account_receivable_turnover_ratio": 1.46,
            "reinvestment_rate": null,
            "research_to_sale_ratio": 1.47,
            "price_fair": 225,
            "eps_avg_yearly": 6.43,
            "eps_latest_yearly": 8.96,
            "eps_growth_yearly": 105.4
        },
        "20132": {
            "year_quarter": 20132,
            "year": 2013,
            "quarter": 2,
            "eps": 2.43,
            "eps_growth_year": 266.51,
            "eps_4q": 7.52,
            "eps_4q_growth_year": 92.45,
            "roe": 6.17,
            "roe_4q": 20.94,
            "gross_profit": 498854,
            "gross_margin": 19.26,
            "gross_margin_4q_avg": 18.39,
            "net_income": 243968,
            "revenue": 2590467,
            "common_shares": 762750,
            "book_valuer_per_share": 53.78,
            "book_valuer_per_share_4q_avg": 48.4,
            "equity": 4102063,
            "current_ratio": 165.78,
            "debt_ratio": 41.97,
            "inventory_turnover_ratio": 1.55,
            "account_receivable_turnover_ratio": 1.74,
            "reinvestment_rate": null,
            "research_to_sale_ratio": 1.48,
            "price_fair": 239.4,
            "eps_avg_yearly": 6.84,
            "eps_latest_yearly": 9.72,
            "eps_growth_yearly": 96.46
        },
        "20133": {
            "year_quarter": 20133,
            "year": 2013,
            "quarter": 3,
            "eps": 1.61,
            "eps_growth_year": -22.48,
            "eps_4q": 6.61,
            "eps_4q_growth_year": 51.03,
            "roe": 3.53,
            "roe_4q": 19.63,
            "gross_profit": 377576,
            "gross_margin": 17.58,
            "gross_margin_4q_avg": 18.64,
            "net_income": 166086,
            "revenue": 2148333,
            "common_shares": 1153016,
            "book_valuer_per_share": 45.94,
            "book_valuer_per_share_4q_avg": 48.95,
            "equity": 5297510,
            "current_ratio": 295.25,
            "debt_ratio": 38.59,
            "inventory_turnover_ratio": 1.29,
            "account_receivable_turnover_ratio": 1.45,
            "reinvestment_rate": null,
            "research_to_sale_ratio": 1.37,
            "price_fair": 237.84,
            "eps_avg_yearly": 6.8,
            "eps_latest_yearly": 6.44,
            "eps_growth_yearly": 70.75
        },
        "20134": {
            "year_quarter": 20134,
            "year": 2013,
            "quarter": 4,
            "eps": 1.17,
            "eps_growth_year": -50.77,
            "eps_4q": 6.2,
            "eps_4q_growth_year": 6.58,
            "roe": 2.48,
            "roe_4q": 16.84,
            "gross_profit": 289752,
            "gross_margin": 15.62,
            "gross_margin_4q_avg": 17.87,
            "net_income": 134459,
            "revenue": 1854533,
            "common_shares": 1153016,
            "book_valuer_per_share": 48.21,
            "book_valuer_per_share_4q_avg": 49.46,
            "equity": 5558266,
            "current_ratio": 310.36,
            "debt_ratio": 33.29,
            "inventory_turnover_ratio": 1.33,
            "account_receivable_turnover_ratio": 1.22,
            "reinvestment_rate": 91.03,
            "research_to_sale_ratio": 1.27,
            "price_fair": 230.44,
            "eps_avg_yearly": 6.58,
            "eps_latest_yearly": 4.68,
            "eps_growth_yearly": 52.74
        },
        "20141": {
            "year_quarter": 20141,
            "year": 2014,
            "quarter": 1,
            "eps": 1.21,
            "eps_growth_year": -45.98,
            "eps_4q": 5.93,
            "eps_4q_growth_year": -19.26,
            "roe": 2.49,
            "roe_4q": 14.67,
            "gross_profit": 316233,
            "gross_margin": 16.83,
            "gross_margin_4q_avg": 17.32,
            "net_income": 139608,
            "revenue": 1878531,
            "common_shares": 1153016,
            "book_valuer_per_share": 49.09,
            "book_valuer_per_share_4q_avg": 49.26,
            "equity": 5660191,
            "current_ratio": 310.1,
            "debt_ratio": 32.59,
            "inventory_turnover_ratio": 1.43,
            "account_receivable_turnover_ratio": 1.21,
            "reinvestment_rate": 95.55,
            "research_to_sale_ratio": 1.23,
            "price_fair": 224.89,
            "eps_avg_yearly": 6.43,
            "eps_latest_yearly": 4.84,
            "eps_growth_yearly": 49.19
        },
        "20142": {
            "year_quarter": 20142,
            "year": 2014,
            "quarter": 2,
            "eps": 0.2,
            "eps_growth_year": -91.77,
            "eps_4q": 3.1,
            "eps_4q_growth_year": -58.77,
            "roe": 0.53,
            "roe_4q": 9.03,
            "gross_profit": 155767,
            "gross_margin": 12.68,
            "gross_margin_4q_avg": 15.68,
            "net_income": 29684,
            "revenue": 1228394,
            "common_shares": 1153016,
            "book_valuer_per_share": 47.95,
            "book_valuer_per_share_4q_avg": 47.8,
            "equity": 5528300,
            "current_ratio": 344.32,
            "debt_ratio": 30.23,
            "inventory_turnover_ratio": 1,
            "account_receivable_turnover_ratio": 0.81,
            "reinvestment_rate": 97.91,
            "research_to_sale_ratio": 1.4,
            "price_fair": 162.41,
            "eps_avg_yearly": 5.96,
            "eps_latest_yearly": 0.8,
            "eps_growth_yearly": 17.27
        },
        "20143": {
            "year_quarter": 20143,
            "year": 2014,
            "quarter": 3,
            "eps": 0.31,
            "eps_growth_year": -80.75,
            "eps_4q": 2.32,
            "eps_4q_growth_year": -64.92,
            "roe": 0.84,
            "roe_4q": 6.34,
            "gross_profit": 192378,
            "gross_margin": 13.67,
            "gross_margin_4q_avg": 14.7,
            "net_income": 47577,
            "revenue": 1407176,
            "common_shares": 1516216,
            "book_valuer_per_share": 38,
            "book_valuer_per_share_4q_avg": 45.81,
            "equity": 5761082,
            "current_ratio": 194.38,
            "debt_ratio": 28.6,
            "inventory_turnover_ratio": 1.19,
            "account_receivable_turnover_ratio": 1.16,
            "reinvestment_rate": 119.71,
            "research_to_sale_ratio": 1.14,
            "price_fair": 195.78,
            "eps_avg_yearly": 5.59,
            "eps_latest_yearly": 1.24,
            "eps_growth_yearly": 32.86
        },
        "20144": {
            "year_quarter": 20144,
            "year": 2014,
            "quarter": 4,
            "eps": -0.03,
            "eps_growth_year": -102.76,
            "eps_4q": 1.4,
            "eps_4q_growth_year": -77.46,
            "roe": -0.08,
            "roe_4q": 3.7800000000000002,
            "gross_profit": 215640,
            "gross_margin": 18.23,
            "gross_margin_4q_avg": 15.35,
            "net_income": -4877,
            "revenue": 1183030,
            "common_shares": 1516216,
            "book_valuer_per_share": 39.35,
            "book_valuer_per_share_4q_avg": 43.6,
            "equity": 5965565,
            "current_ratio": 164.03,
            "debt_ratio": 30.01,
            "inventory_turnover_ratio": 0.98,
            "account_receivable_turnover_ratio": 1.11,
            "reinvestment_rate": 142.64,
            "research_to_sale_ratio": 6.42,
            "price_fair": 195.78,
            "eps_avg_yearly": 5.59,
            "eps_latest_yearly": 1.24,
            "eps_growth_yearly": 32.86
        },
        "20151": {
            "year_quarter": 20151,
            "year": 2015,
            "quarter": 1,
            "eps": 0.5,
            "eps_growth_year": -58.68,
            "eps_4q": 0.98,
            "eps_4q_growth_year": -83.49,
            "roe": 1.28,
            "roe_4q": 2.5700000000000003,
            "gross_profit": 257589,
            "gross_margin": 15.49,
            "gross_margin_4q_avg": 15.02,
            "net_income": 76167,
            "revenue": 1662607,
            "common_shares": 1516216,
            "book_valuer_per_share": 39.41,
            "book_valuer_per_share_4q_avg": 41.18,
            "equity": 5975789,
            "current_ratio": 149.82,
            "debt_ratio": 31.94,
            "inventory_turnover_ratio": 1.46,
            "account_receivable_turnover_ratio": 1.4,
            "reinvestment_rate": 174.57,
            "research_to_sale_ratio": 2.28,
            "price_fair": 195.78,
            "eps_avg_yearly": 5.59,
            "eps_latest_yearly": 1.24,
            "eps_growth_yearly": 32.86
        },
        "20152": {
            "year_quarter": 20152,
            "year": 2015,
            "quarter": 2,
            "eps": 0.17,
            "eps_growth_year": -15,
            "eps_4q": 0.95,
            "eps_4q_growth_year": -69.25,
            "roe": 0.43,
            "roe_4q": 2.4699999999999998,
            "gross_profit": 182064,
            "gross_margin": 12.85,
            "gross_margin_4q_avg": 15.06,
            "net_income": 25587,
            "revenue": 1416321,
            "common_shares": 1516216,
            "book_valuer_per_share": 38.2,
            "book_valuer_per_share_4q_avg": 38.74,
            "equity": 5792393,
            "current_ratio": 137.28,
            "debt_ratio": 36.6,
            "inventory_turnover_ratio": 1.24,
            "account_receivable_turnover_ratio": 1.12,
            "reinvestment_rate": 183.65,
            "research_to_sale_ratio": 2.57,
            "price_fair": 113.54,
            "eps_avg_yearly": 5.24,
            "eps_latest_yearly": 0.68,
            "eps_growth_yearly": 11.66
        },
        "20153": {
            "year_quarter": 20153,
            "year": 2015,
            "quarter": 3,
            "eps": 0.51,
            "eps_growth_year": 64.52,
            "eps_4q": 1.15,
            "eps_4q_growth_year": -50.36,
            "roe": 1.3,
            "roe_4q": 2.9299999999999997,
            "gross_profit": 266318,
            "gross_margin": 15.45,
            "gross_margin_4q_avg": 15.51,
            "net_income": 77534,
            "revenue": 1723970,
            "common_shares": 1516216,
            "book_valuer_per_share": 40.41,
            "book_valuer_per_share_4q_avg": 39.34,
            "equity": 6127742,
            "current_ratio": 205.72,
            "debt_ratio": 36.81,
            "inventory_turnover_ratio": 1.35,
            "account_receivable_turnover_ratio": 1.23,
            "reinvestment_rate": 197.13,
            "research_to_sale_ratio": 2.85,
            "price_fair": 168.1,
            "eps_avg_yearly": 4.8,
            "eps_latest_yearly": 2.04,
            "eps_growth_yearly": 54.3
        },
        "20154": {
            "year_quarter": 20154,
            "year": 2015,
            "quarter": 4,
            "eps": 0.32,
            "eps_growth_year": null,
            "eps_4q": 1.5,
            "eps_4q_growth_year": 7.53,
            "roe": 0.8,
            "roe_4q": 3.8100000000000005,
            "gross_profit": 254152,
            "gross_margin": 15.74,
            "gross_margin_4q_avg": 14.88,
            "net_income": 48674,
            "revenue": 1614722,
            "common_shares": 1516216,
            "book_valuer_per_share": 39.54,
            "book_valuer_per_share_4q_avg": 39.39,
            "equity": 5995616,
            "current_ratio": 247.09,
            "debt_ratio": 35.41,
            "inventory_turnover_ratio": 1.41,
            "account_receivable_turnover_ratio": 1.01,
            "reinvestment_rate": 186.2,
            "research_to_sale_ratio": 1.99,
            "price_fair": 160.9,
            "eps_avg_yearly": 4.6,
            "eps_latest_yearly": 1.28,
            "eps_growth_yearly": 57.74
        },
        "20161": {
            "year_quarter": 20161,
            "year": 2016,
            "quarter": 1,
            "eps": 0.8,
            "eps_growth_year": 60,
            "eps_4q": 1.8,
            "eps_4q_growth_year": 83.54,
            "roe": 2.02,
            "roe_4q": 4.55,
            "gross_profit": 332689,
            "gross_margin": 21.26,
            "gross_margin_4q_avg": 16.33,
            "net_income": 120860,
            "revenue": 1565042,
            "common_shares": 1516216,
            "book_valuer_per_share": 39.43,
            "book_valuer_per_share_4q_avg": 39.4,
            "equity": 5978179,
            "current_ratio": 258.69,
            "debt_ratio": 34.85,
            "inventory_turnover_ratio": 1.65,
            "account_receivable_turnover_ratio": 0.97,
            "reinvestment_rate": 171.85,
            "research_to_sale_ratio": 2.65,
            "price_fair": 160.8,
            "eps_avg_yearly": 4.59,
            "eps_latest_yearly": 3.2,
            "eps_growth_yearly": 106.91
        },
        "20162": {
            "year_quarter": 20162,
            "year": 2016,
            "quarter": 2,
            "eps": 0.49,
            "eps_growth_year": 188.24,
            "eps_4q": 2.04,
            "eps_4q_growth_year": 114.59,
            "roe": 1.3,
            "roe_4q": 5.42,
            "gross_profit": 198389,
            "gross_margin": 16.94,
            "gross_margin_4q_avg": 17.35,
            "net_income": 76866,
            "revenue": 1170958,
            "common_shares": 1516216,
            "book_valuer_per_share": 38.28,
            "book_valuer_per_share_4q_avg": 39.42,
            "equity": 5803330,
            "current_ratio": 253.83,
            "debt_ratio": 35.34,
            "inventory_turnover_ratio": 1.29,
            "account_receivable_turnover_ratio": 0.89,
            "reinvestment_rate": 153.27,
            "research_to_sale_ratio": 2.68,
            "price_fair": 159.1,
            "eps_avg_yearly": 4.55,
            "eps_latest_yearly": 1.96,
            "eps_growth_yearly": 101.13
        },
        "20163": {
            "year_quarter": 20163,
            "year": 2016,
            "quarter": 3,
            "eps": 0.97,
            "eps_growth_year": 90.2,
            "eps_4q": 2.52,
            "eps_4q_growth_year": 119.19,
            "roe": 2.66,
            "roe_4q": 6.78,
            "gross_profit": 342518,
            "gross_margin": 21.37,
            "gross_margin_4q_avg": 18.83,
            "net_income": 153100,
            "revenue": 1602728,
            "common_shares": 1584446,
            "book_valuer_per_share": 36.16,
            "book_valuer_per_share_4q_avg": 38.35,
            "equity": 5729255,
            "current_ratio": 216.66,
            "debt_ratio": 39.25,
            "inventory_turnover_ratio": 1.61,
            "account_receivable_turnover_ratio": 1.24,
            "reinvestment_rate": 166.42,
            "research_to_sale_ratio": 2.77,
            "price_fair": 148,
            "eps_avg_yearly": 4.23,
            "eps_latest_yearly": 3.88,
            "eps_growth_yearly": 67.65
        },
        "20164": {
            "year_quarter": 20164,
            "year": 2016,
            "quarter": 4,
            "eps": 0.63,
            "eps_growth_year": 94.97,
            "eps_4q": 2.84,
            "eps_4q_growth_year": 88.9,
            "roe": 1.73,
            "roe_4q": 7.710000000000001,
            "gross_profit": 386192,
            "gross_margin": 20.75,
            "gross_margin_4q_avg": 20.08,
            "net_income": 99170,
            "revenue": 1860964,
            "common_shares": 1584446,
            "book_valuer_per_share": 36.01,
            "book_valuer_per_share_4q_avg": 37.47,
            "equity": 5706315,
            "current_ratio": 201.06,
            "debt_ratio": 42.61,
            "inventory_turnover_ratio": 1.55,
            "account_receivable_turnover_ratio": 1.23,
            "reinvestment_rate": 165.41,
            "research_to_sale_ratio": 2.72,
            "price_fair": 130.6,
            "eps_avg_yearly": 3.73,
            "eps_latest_yearly": 2.52,
            "eps_growth_yearly": 53.65
        },
        "20171": {
            "year_quarter": 20171,
            "year": 2017,
            "quarter": 1,
            "eps": 0.67,
            "eps_growth_year": -16.25,
            "eps_4q": 2.75,
            "eps_4q_growth_year": 52.73,
            "roe": 1.9,
            "roe_4q": 7.59,
            "gross_profit": 240441,
            "gross_margin": 15.12,
            "gross_margin_4q_avg": 18.55,
            "net_income": 106024,
            "revenue": 1590143,
            "common_shares": 1584446,
            "book_valuer_per_share": 34.5,
            "book_valuer_per_share_4q_avg": 36.24,
            "equity": 5466627,
            "current_ratio": 218.64,
            "debt_ratio": 40.25,
            "inventory_turnover_ratio": 1.13,
            "account_receivable_turnover_ratio": 1.1,
            "reinvestment_rate": 155.81,
            "research_to_sale_ratio": 2.94,
            "price_fair": 114.9,
            "eps_avg_yearly": 3.28,
            "eps_latest_yearly": 2.68,
            "eps_growth_yearly": 57.03
        },
        "20172": {
            "year_quarter": 20172,
            "year": 2017,
            "quarter": 2,
            "eps": 0.21,
            "eps_growth_year": -57.14,
            "eps_4q": 2.25,
            "eps_4q_growth_year": 10.13,
            "roe": 0.66,
            "roe_4q": 6.95,
            "gross_profit": 224755,
            "gross_margin": 14.64,
            "gross_margin_4q_avg": 17.97,
            "net_income": 36622,
            "revenue": 1535100,
            "common_shares": 1584446,
            "book_valuer_per_share": 35.29,
            "book_valuer_per_share_4q_avg": 35.49,
            "equity": 5591850,
            "current_ratio": 210.27,
            "debt_ratio": 40.75,
            "inventory_turnover_ratio": 1.02,
            "account_receivable_turnover_ratio": 1.11,
            "reinvestment_rate": 155.46,
            "research_to_sale_ratio": 2.73,
            "price_fair": 92.7,
            "eps_avg_yearly": 2.65,
            "eps_latest_yearly": 0.84,
            "eps_growth_yearly": 34.99
        },
        "20173": {
            "year_quarter": 20173,
            "year": 2017,
            "quarter": 3,
            "eps": 0.38,
            "eps_growth_year": -60.82,
            "eps_4q": 1.75,
            "eps_4q_growth_year": -30.44,
            "roe": 1.16,
            "roe_4q": 5.449999999999999,
            "gross_profit": 274561,
            "gross_margin": 14.28,
            "gross_margin_4q_avg": 16.2,
            "net_income": 65821,
            "revenue": 1922568,
            "common_shares": 1753982,
            "book_valuer_per_share": 32.95,
            "book_valuer_per_share_4q_avg": 34.69,
            "equity": 5780243,
            "current_ratio": 203.71,
            "debt_ratio": 41.57,
            "inventory_turnover_ratio": 1.34,
            "account_receivable_turnover_ratio": 1.37,
            "reinvestment_rate": 146.79,
            "research_to_sale_ratio": 2.85,
            "price_fair": 80.4,
            "eps_avg_yearly": 2.3,
            "eps_latest_yearly": 1.52,
            "eps_growth_yearly": 67.76
        },
        "20174": {
            "year_quarter": 20174,
            "year": 2017,
            "quarter": 4,
            "eps": 0.41,
            "eps_growth_year": -34.78,
            "eps_4q": 1.6,
            "eps_4q_growth_year": -43.78,
            "roe": 1.23,
            "roe_4q": 4.949999999999999,
            "gross_profit": 240114,
            "gross_margin": 11.81,
            "gross_margin_4q_avg": 13.96,
            "net_income": 71604,
            "revenue": 2033695,
            "common_shares": 1753982,
            "book_valuer_per_share": 33.69,
            "book_valuer_per_share_4q_avg": 34.11,
            "equity": 5909405,
            "current_ratio": 181.88,
            "debt_ratio": 43.25,
            "inventory_turnover_ratio": 1.36,
            "account_receivable_turnover_ratio": 1.35,
            "reinvestment_rate": 134.57,
            "research_to_sale_ratio": 3.13,
            "price_fair": 72.8,
            "eps_avg_yearly": 2.08,
            "eps_latest_yearly": 1.64,
            "eps_growth_yearly": 77.83
        },
        "20181": {
            "year_quarter": 20181,
            "year": 2018,
            "quarter": 1,
            "eps": 0.07,
            "eps_growth_year": -89.55,
            "eps_4q": 1.06,
            "eps_4q_growth_year": -61.35,
            "roe": 0.2,
            "roe_4q": 3.25,
            "gross_profit": 184536,
            "gross_margin": 11.45,
            "gross_margin_4q_avg": 13.05,
            "net_income": 12122,
            "revenue": 1611219,
            "common_shares": 1753982,
            "book_valuer_per_share": 34.48,
            "book_valuer_per_share_4q_avg": 34.1,
            "equity": 6047071,
            "current_ratio": 193.33,
            "debt_ratio": 39.8,
            "inventory_turnover_ratio": 0.93,
            "account_receivable_turnover_ratio": 1.04,
            "reinvestment_rate": 138.57,
            "research_to_sale_ratio": 2.73,
            "price_fair": 61.4,
            "eps_avg_yearly": 1.75,
            "eps_latest_yearly": 0.28,
            "eps_growth_yearly": 53.16
        },
        "20182": {
            "year_quarter": 20182,
            "year": 2018,
            "quarter": 2,
            "eps": -0.56,
            "eps_growth_year": -366.67,
            "eps_4q": 0.29,
            "eps_4q_growth_year": -87.2,
            "roe": -1.67,
            "roe_4q": 0.9199999999999999,
            "gross_profit": 47169,
            "gross_margin": 4.41,
            "gross_margin_4q_avg": 10.49,
            "net_income": -98982,
            "revenue": 1069557,
            "common_shares": 1753982,
            "book_valuer_per_share": 32.91,
            "book_valuer_per_share_4q_avg": 33.51,
            "equity": 5773029,
            "current_ratio": 197.61,
            "debt_ratio": 37.79,
            "inventory_turnover_ratio": 0.74,
            "account_receivable_turnover_ratio": 0.81,
            "reinvestment_rate": 155.94,
            "research_to_sale_ratio": 2.43,
            "price_fair": 63.97,
            "eps_avg_yearly": 1.83,
            "eps_latest_yearly": 0.28,
            "eps_growth_yearly": 82.93
        },
        "20183": {
            "year_quarter": 20183,
            "year": 2018,
            "quarter": 3,
            "eps": -0.21,
            "eps_growth_year": -155.26,
            "eps_4q": -0.3,
            "eps_4q_growth_year": -117.04,
            "roe": -0.66,
            "roe_4q": -0.8999999999999999,
            "gross_profit": 115106,
            "gross_margin": 9.13,
            "gross_margin_4q_avg": 9.2,
            "net_income": -37153,
            "revenue": 1260165,
            "common_shares": 1753982,
            "book_valuer_per_share": 31.08,
            "book_valuer_per_share_4q_avg": 33.04,
            "equity": 5451960,
            "current_ratio": 255.76,
            "debt_ratio": 38.44,
            "inventory_turnover_ratio": 0.93,
            "account_receivable_turnover_ratio": 1.3,
            "reinvestment_rate": 108.24,
            "research_to_sale_ratio": 2.48,
            "price_fair": 65.68,
            "eps_avg_yearly": 1.88,
            "eps_latest_yearly": 0.28,
            "eps_growth_yearly": 71.51
        },
        "20184": {
            "year_quarter": 20184,
            "year": 2018,
            "quarter": 4,
            "eps": -0.08,
            "eps_growth_year": -120.49,
            "eps_4q": -0.79,
            "eps_4q_growth_year": -149.52,
            "roe": -0.27,
            "roe_4q": -2.4,
            "gross_profit": 148914,
            "gross_margin": 9.3,
            "gross_margin_4q_avg": 8.57,
            "net_income": -14675,
            "revenue": 1600397,
            "common_shares": 1753982,
            "book_valuer_per_share": 31.31,
            "book_valuer_per_share_4q_avg": 32.45,
            "equity": 5492418,
            "current_ratio": 235.84,
            "debt_ratio": 42.6,
            "inventory_turnover_ratio": 1.24,
            "account_receivable_turnover_ratio": 1.53,
            "reinvestment_rate": 83.97,
            "research_to_sale_ratio": 2.71,
            "price_fair": 65.68,
            "eps_avg_yearly": 1.88,
            "eps_latest_yearly": 0.28,
            "eps_growth_yearly": 71.51
        },
        "20191": {
            "year_quarter": 20191,
            "year": 2019,
            "quarter": 1,
            "eps": -0.4,
            "eps_growth_year": -671.43,
            "eps_4q": -1.26,
            "eps_4q_growth_year": -218.64,
            "roe": -1.26,
            "roe_4q": -3.86,
            "gross_profit": 88169,
            "gross_margin": 6.64,
            "gross_margin_4q_avg": 7.37,
            "net_income": -70060,
            "revenue": 1328204,
            "common_shares": 1753982,
            "book_valuer_per_share": 31.98,
            "book_valuer_per_share_4q_avg": 31.82,
            "equity": 5608549,
            "current_ratio": 268.86,
            "debt_ratio": 43.74,
            "inventory_turnover_ratio": 1.05,
            "account_receivable_turnover_ratio": 1.07,
            "reinvestment_rate": 25.42,
            "research_to_sale_ratio": 2.42,
            "price_fair": 65.68,
            "eps_avg_yearly": 1.88,
            "eps_latest_yearly": 0.28,
            "eps_growth_yearly": 71.51
        },
        "20192": {
            "year_quarter": 20192,
            "year": 2019,
            "quarter": 2,
            "eps": -0.21,
            "eps_growth_year": null,
            "eps_4q": -0.91,
            "eps_4q_growth_year": -415.79,
            "roe": -0.68,
            "roe_4q": -2.87,
            "gross_profit": 105994,
            "gross_margin": 8.2,
            "gross_margin_4q_avg": 8.32,
            "net_income": -37789,
            "revenue": 1292982,
            "common_shares": 1753982,
            "book_valuer_per_share": 31.1,
            "book_valuer_per_share_4q_avg": 31.37,
            "equity": 5454116,
            "current_ratio": 259.19,
            "debt_ratio": 44.29,
            "inventory_turnover_ratio": 1.04,
            "account_receivable_turnover_ratio": 0.97,
            "reinvestment_rate": 14.4,
            "research_to_sale_ratio": 2.31,
            "price_fair": 69.49,
            "eps_avg_yearly": 1.99,
            "eps_latest_yearly": 0.28,
            "eps_growth_yearly": 102.01
        },
        "20193": {
            "year_quarter": 20193,
            "year": 2019,
            "quarter": 3,
            "eps": -0.15,
            "eps_growth_year": null,
            "eps_4q": -0.84,
            "eps_4q_growth_year": null,
            "roe": -0.48,
            "roe_4q": -2.69,
            "gross_profit": 152366,
            "gross_margin": 9.36,
            "gross_margin_4q_avg": 8.38,
            "net_income": -25531,
            "revenue": 1627353,
            "common_shares": 1753982,
            "book_valuer_per_share": 29.37,
            "book_valuer_per_share_4q_avg": 30.94,
            "equity": 5150766,
            "current_ratio": 222.95,
            "debt_ratio": 47.78,
            "inventory_turnover_ratio": 1.4,
            "account_receivable_turnover_ratio": 1.1,
            "reinvestment_rate": -61.69,
            "research_to_sale_ratio": 2.02,
            "price_fair": 69.3,
            "eps_avg_yearly": 1.98,
            "eps_latest_yearly": 0.28,
            "eps_growth_yearly": 32.21
        },
        "20194": {
            "year_quarter": 20194,
            "year": 2019,
            "quarter": 4,
            "eps": 0.42,
            "eps_growth_year": null,
            "eps_4q": -0.34,
            "eps_4q_growth_year": null,
            "roe": 1.41,
            "roe_4q": -1.0100000000000002,
            "gross_profit": 220460,
            "gross_margin": 12.09,
            "gross_margin_4q_avg": 9.07,
            "net_income": 73176,
            "revenue": 1824186,
            "common_shares": 1753982,
            "book_valuer_per_share": 29.61,
            "book_valuer_per_share_4q_avg": 30.52,
            "equity": 5193992,
            "current_ratio": 197.05,
            "debt_ratio": 50.2,
            "inventory_turnover_ratio": 1.56,
            "account_receivable_turnover_ratio": 1.14,
            "reinvestment_rate": 8.95,
            "research_to_sale_ratio": 2.01,
            "price_fair": 72.02,
            "eps_avg_yearly": 2.06,
            "eps_latest_yearly": 0.28,
            "eps_growth_yearly": 52.34
        },
        "20201": {
            "year_quarter": 20201,
            "year": 2020,
            "quarter": 1,
            "eps": -0.33,
            "eps_growth_year": null,
            "eps_4q": -0.28,
            "eps_4q_growth_year": null,
            "roe": -1.14,
            "roe_4q": -0.89,
            "gross_profit": 77086,
            "gross_margin": 7.72,
            "gross_margin_4q_avg": 9.34,
            "net_income": -58284,
            "revenue": 997903,
            "common_shares": 1753982,
            "book_valuer_per_share": 28.7,
            "book_valuer_per_share_4q_avg": 29.7,
            "equity": 5033199,
            "current_ratio": 204.77,
            "debt_ratio": 49.92,
            "inventory_turnover_ratio": 0.84,
            "account_receivable_turnover_ratio": 0.7,
            "reinvestment_rate": 97.15,
            "research_to_sale_ratio": 1.98,
            "price_fair": 5.75,
            "eps_avg_yearly": 1.92,
            "eps_latest_yearly": 0.28,
            "eps_growth_yearly": -16.11
        },
        "20202": {
            "year_quarter": 20202,
            "year": 2020,
            "quarter": 2,
            "eps": 0.2,
            "eps_growth_year": null,
            "eps_4q": 0.14,
            "eps_4q_growth_year": null,
            "roe": 0.71,
            "roe_4q": 0.5,
            "gross_profit": 165381,
            "gross_margin": 11.13,
            "gross_margin_4q_avg": 10.08,
            "net_income": 35599,
            "revenue": 1485496,
            "common_shares": 1753982,
            "book_valuer_per_share": 28.33,
            "book_valuer_per_share_4q_avg": 29,
            "equity": 4969392,
            "current_ratio": 228.52,
            "debt_ratio": 47.72,
            "inventory_turnover_ratio": 1.17,
            "account_receivable_turnover_ratio": 1.17,
            "reinvestment_rate": 82.81,
            "research_to_sale_ratio": 1.72,
            "price_fair": 26.2,
            "eps_avg_yearly": 1.91,
            "eps_latest_yearly": 0.28,
            "eps_growth_yearly": 3.73
        },
        "20203": {
            "year_quarter": 20203,
            "year": 2020,
            "quarter": 3,
            "eps": 0.52,
            "eps_growth_year": null,
            "eps_4q": 0.8,
            "eps_4q_growth_year": null,
            "roe": 1.78,
            "roe_4q": 2.7600000000000002,
            "gross_profit": 233490,
            "gross_margin": 13.76,
            "gross_margin_4q_avg": 11.18,
            "net_income": 90388,
            "revenue": 1696653,
            "common_shares": 1753982,
            "book_valuer_per_share": 29.66,
            "book_valuer_per_share_4q_avg": 29.08,
            "equity": 5201539,
            "current_ratio": 212.16,
            "debt_ratio": 47.22,
            "inventory_turnover_ratio": 1.42,
            "account_receivable_turnover_ratio": 1.18,
            "reinvestment_rate": -34.54,
            "research_to_sale_ratio": 1.77,
            "price_fair": 57.8,
            "eps_avg_yearly": 1.65,
            "eps_latest_yearly": 2.08,
            "eps_growth_yearly": 39.18
        },
        "20204": {
            "year_quarter": 20204,
            "year": 2020,
            "quarter": 4,
            "eps": -0,
            "eps_growth_year": -100.78,
            "eps_4q": 0.38,
            "eps_4q_growth_year": null,
            "roe": -0.01,
            "roe_4q": 1.34,
            "gross_profit": 170413,
            "gross_margin": 10.57,
            "gross_margin_4q_avg": 10.8,
            "net_income": -572,
            "revenue": 1612442,
            "common_shares": 1753982,
            "book_valuer_per_share": 30.44,
            "book_valuer_per_share_4q_avg": 29.28,
            "equity": 5339052,
            "current_ratio": 191.19,
            "debt_ratio": 47.47,
            "inventory_turnover_ratio": 1.31,
            "account_receivable_turnover_ratio": 1.06,
            "reinvestment_rate": 151.48,
            "research_to_sale_ratio": 2.02,
            "price_fair": 52.73,
            "eps_avg_yearly": 1.51,
            "eps_latest_yearly": 2.08,
            "eps_growth_yearly": 69.08
        },
        "20211": {
            "year_quarter": 20211,
            "year": 2021,
            "quarter": 1,
            "eps": -0.07,
            "eps_growth_year": null,
            "eps_4q": 0.64,
            "eps_4q_growth_year": null,
            "roe": -0.24,
            "roe_4q": 2.24,
            "gross_profit": 141015,
            "gross_margin": 8.54,
            "gross_margin_4q_avg": 11,
            "net_income": -12600,
            "revenue": 1651196,
            "common_shares": 1753982,
            "book_valuer_per_share": 30.3,
            "book_valuer_per_share_4q_avg": 29.68,
            "equity": 5313910,
            "current_ratio": 180.89,
            "debt_ratio": 47.73,
            "inventory_turnover_ratio": 1.22,
            "account_receivable_turnover_ratio": 0.99,
            "reinvestment_rate": 1082.67,
            "research_to_sale_ratio": 1.65,
            "price_fair": 44.52,
            "eps_avg_yearly": 1.27,
            "eps_latest_yearly": 2.08,
            "eps_growth_yearly": 77.81
        },
        "20212": {
            "year_quarter": 20212,
            "year": 2021,
            "quarter": 2,
            "eps": 0.38,
            "eps_growth_year": 90,
            "eps_4q": 0.82,
            "eps_4q_growth_year": 474.49,
            "roe": 1.24,
            "roe_4q": 2.77,
            "gross_profit": 178628,
            "gross_margin": 10.03,
            "gross_margin_4q_avg": 10.73,
            "net_income": 66178,
            "revenue": 1781182,
            "common_shares": 1753982,
            "book_valuer_per_share": 30.41,
            "book_valuer_per_share_4q_avg": 30.2,
            "equity": 5333714,
            "current_ratio": 174.28,
            "debt_ratio": 47.67,
            "inventory_turnover_ratio": 1.19,
            "account_receivable_turnover_ratio": 0.93,
            "reinvestment_rate": 379.92,
            "research_to_sale_ratio": 1.71,
            "price_fair": 48.3,
            "eps_avg_yearly": 1.38,
            "eps_latest_yearly": 2.08,
            "eps_growth_yearly": 165.92
        },
        "20213": {
            "year_quarter": 20213,
            "year": 2021,
            "quarter": 3,
            "eps": 0.29,
            "eps_growth_year": -44.23,
            "eps_4q": 0.6,
            "eps_4q_growth_year": -25.77,
            "roe": 0.96,
            "roe_4q": 1.9500000000000002,
            "gross_profit": 240876,
            "gross_margin": 11.93,
            "gross_margin_4q_avg": 10.27,
            "net_income": 51565,
            "revenue": 2018560,
            "common_shares": 1753982,
            "book_valuer_per_share": 30.69,
            "book_valuer_per_share_4q_avg": 30.46,
            "equity": 5382458,
            "current_ratio": 173.18,
            "debt_ratio": 46.52,
            "inventory_turnover_ratio": 1.24,
            "account_receivable_turnover_ratio": 1,
            "reinvestment_rate": 390.17,
            "research_to_sale_ratio": 1.76,
            "price_fair": 45.15,
            "eps_avg_yearly": 1.29,
            "eps_latest_yearly": 1.16,
            "eps_growth_yearly": 61.28
        },
        "20214": {
            "year_quarter": 20214,
            "year": 2021,
            "quarter": 4,
            "eps": 1.62,
            "eps_growth_year": null,
            "eps_4q": 2.22,
            "eps_4q_growth_year": 480.76,
            "roe": 5.06,
            "roe_4q": 7.02,
            "gross_profit": 246949,
            "gross_margin": 10.45,
            "gross_margin_4q_avg": 10.24,
            "net_income": 284727,
            "revenue": 2363660,
            "common_shares": 1753982,
            "book_valuer_per_share": 32.59,
            "book_valuer_per_share_4q_avg": 31,
            "equity": 5865843,
            "current_ratio": 114.45,
            "debt_ratio": 54.14,
            "inventory_turnover_ratio": 1.31,
            "account_receivable_turnover_ratio": 1.15,
            "reinvestment_rate": 728.53,
            "research_to_sale_ratio": 1.72,
            "price_fair": 87.5,
            "eps_avg_yearly": 2.5,
            "eps_latest_yearly": 6.48,
            "eps_growth_yearly": 512.01
        },
        "20221": {
            "year_quarter": 20221,
            "year": 2022,
            "quarter": 1,
            "eps": -0.07,
            "eps_growth_year": null,
            "eps_4q": 2.22,
            "eps_4q_growth_year": 245.72,
            "roe": -0.19,
            "roe_4q": 7.069999999999999,
            "gross_profit": 209715,
            "gross_margin": 11.4,
            "gross_margin_4q_avg": 10.95,
            "net_income": -11634,
            "revenue": 1840282,
            "common_shares": 1753982,
            "book_valuer_per_share": 33.81,
            "book_valuer_per_share_4q_avg": 31.88,
            "equity": 6080263,
            "current_ratio": 121.33,
            "debt_ratio": 52.62,
            "inventory_turnover_ratio": 0.84,
            "account_receivable_turnover_ratio": 0.98,
            "reinvestment_rate": 850.29,
            "research_to_sale_ratio": 1.3,
            "price_fair": 113.4,
            "eps_avg_yearly": 3.24,
            "eps_latest_yearly": 6.48,
            "eps_growth_yearly": 793.25
        },
        "20222": {
            "year_quarter": 20222,
            "year": 2022,
            "quarter": 2,
            "eps": -0.81,
            "eps_growth_year": -313.16,
            "eps_4q": 1.03,
            "eps_4q_growth_year": 26.33,
            "roe": -2.41,
            "roe_4q": 3.4199999999999995,
            "gross_profit": 142241,
            "gross_margin": 7,
            "gross_margin_4q_avg": 10.2,
            "net_income": -142022,
            "revenue": 2030907,
            "common_shares": 1753982,
            "book_valuer_per_share": 31.63,
            "book_valuer_per_share_4q_avg": 32.18,
            "equity": 5699155,
            "current_ratio": 109.73,
            "debt_ratio": 54.81,
            "inventory_turnover_ratio": 0.92,
            "account_receivable_turnover_ratio": 1.26,
            "reinvestment_rate": 1033.4,
            "research_to_sale_ratio": 1.15,
            "price_fair": 113.4,
            "eps_avg_yearly": 3.24,
            "eps_latest_yearly": 6.48,
            "eps_growth_yearly": 793.25
        },
        "20223": {
            "year_quarter": 20223,
            "year": 2022,
            "quarter": 3,
            "eps": -1.18,
            "eps_growth_year": -506.9,
            "eps_4q": -0.45,
            "eps_4q_growth_year": -174.79,
            "roe": -3.7,
            "roe_4q": -1.240000000000001,
            "gross_profit": 158005,
            "gross_margin": 6.27,
            "gross_margin_4q_avg": 8.78,
            "net_income": -205924,
            "revenue": 2518862,
            "common_shares": 1753982,
            "book_valuer_per_share": 30.13,
            "book_valuer_per_share_4q_avg": 32.04,
            "equity": 5436398,
            "current_ratio": 113.85,
            "debt_ratio": 58.39,
            "inventory_turnover_ratio": 1.32,
            "account_receivable_turnover_ratio": 1.46,
            "reinvestment_rate": 13456.02,
            "research_to_sale_ratio": 1.21,
            "price_fair": 113.4,
            "eps_avg_yearly": 3.24,
            "eps_latest_yearly": 6.48,
            "eps_growth_yearly": 793.25
        },
        "20224": {
            "year_quarter": 20224,
            "year": 2022,
            "quarter": 4,
            "eps": 0.25,
            "eps_growth_year": -84.44,
            "eps_4q": -1.41,
            "eps_4q_growth_year": -163.4,
            "roe": 0.97,
            "roe_4q": -5.330000000000001,
            "gross_profit": 212201,
            "gross_margin": 9.27,
            "gross_margin_4q_avg": 8.49,
            "net_income": 55286,
            "revenue": 2290075,
            "common_shares": 2183982,
            "book_valuer_per_share": 26.79,
            "book_valuer_per_share_4q_avg": 30.59,
            "equity": 6004003,
            "current_ratio": 130.22,
            "debt_ratio": 53.77,
            "inventory_turnover_ratio": 1.72,
            "account_receivable_turnover_ratio": 1.27,
            "reinvestment_rate": 3397.84,
            "research_to_sale_ratio": 1.1,
            "price_fair": 113.4,
            "eps_avg_yearly": 3.24,
            "eps_latest_yearly": 6.48,
            "eps_growth_yearly": 793.25
        },
        "20231": {
            "year_quarter": 20231,
            "year": 2023,
            "quarter": 1,
            "eps": -0.15,
            "eps_growth_year": null,
            "eps_4q": -1.5,
            "eps_4q_growth_year": -167.38,
            "roe": -0.55,
            "roe_4q": -5.69,
            "gross_profit": 105192,
            "gross_margin": 6.32,
            "gross_margin_4q_avg": 7.22,
            "net_income": -32808,
            "revenue": 1664009,
            "common_shares": 2184043,
            "book_valuer_per_share": 26.79,
            "book_valuer_per_share_4q_avg": 28.84,
            "equity": 6003177,
            "current_ratio": 141.95,
            "debt_ratio": 53.22,
            "inventory_turnover_ratio": 1.58,
            "account_receivable_turnover_ratio": 1.13,
            "reinvestment_rate": 2286.09,
            "research_to_sale_ratio": 1.24,
            "price_fair": 113.4,
            "eps_avg_yearly": 3.24,
            "eps_latest_yearly": 6.48,
            "eps_growth_yearly": 793.25
        }
    },
    "months": {
        "2009-12": {
            "month": "2009-12",
            "price": "62.87",
            "revenue": 0
        },
        "2011-07": {
            "month": "2011-07",
            "price": "81.90",
            "revenue": 501846
        },
        "2011-08": {
            "month": "2011-08",
            "price": "78.89",
            "revenue": 565990
        },
        "2011-09": {
            "month": "2011-09",
            "price": "75.61",
            "revenue": 512444
        },
        "2011-10": {
            "month": "2011-10",
            "price": "82.42",
            "revenue": 478216
        },
        "2011-11": {
            "month": "2011-11",
            "price": "64.60",
            "revenue": 517342
        },
        "2011-12": {
            "month": "2011-12",
            "price": "62.21",
            "revenue": 687093
        },
        "2012-01": {
            "month": "2012-01",
            "price": "60.89",
            "revenue": 460985
        },
        "2012-02": {
            "month": "2012-02",
            "price": "70.90",
            "revenue": 406341
        },
        "2012-03": {
            "month": "2012-03",
            "price": "69.20",
            "revenue": 344732
        },
        "2012-04": {
            "month": "2012-04",
            "price": "61.87",
            "revenue": 308627
        },
        "2012-05": {
            "month": "2012-05",
            "price": "50.00",
            "revenue": 448030
        },
        "2012-06": {
            "month": "2012-06",
            "price": "47.60",
            "revenue": 399104
        },
        "2012-07": {
            "month": "2012-07",
            "price": "47.73",
            "revenue": 489774
        },
        "2012-08": {
            "month": "2012-08",
            "price": "48.95",
            "revenue": 682738
        },
        "2012-09": {
            "month": "2012-09",
            "price": "53.12",
            "revenue": 672609
        },
        "2012-10": {
            "month": "2012-10",
            "price": "55.14",
            "revenue": 563763
        },
        "2012-11": {
            "month": "2012-11",
            "price": "51.46",
            "revenue": 644649
        },
        "2012-12": {
            "month": "2012-12",
            "price": "52.75",
            "revenue": 843865
        },
        "2013-01": {
            "month": "2013-01",
            "price": "53.52",
            "revenue": 816292
        },
        "2013-02": {
            "month": "2013-02",
            "price": "57.15",
            "revenue": 495863
        },
        "2013-03": {
            "month": "2013-03",
            "price": "62.04",
            "revenue": 749720
        },
        "2013-04": {
            "month": "2013-04",
            "price": "71.58",
            "revenue": 890399
        },
        "2013-05": {
            "month": "2013-05",
            "price": "94.89",
            "revenue": 878251
        },
        "2013-06": {
            "month": "2013-06",
            "price": "100.30",
            "revenue": 840770
        },
        "2013-07": {
            "month": "2013-07",
            "price": "98.71",
            "revenue": 800277
        },
        "2013-08": {
            "month": "2013-08",
            "price": "88.22",
            "revenue": 706244
        },
        "2013-09": {
            "month": "2013-09",
            "price": "75.78",
            "revenue": 609019
        },
        "2013-10": {
            "month": "2013-10",
            "price": "74.17",
            "revenue": 525204
        },
        "2013-11": {
            "month": "2013-11",
            "price": "72.27",
            "revenue": 577663
        },
        "2013-12": {
            "month": "2013-12",
            "price": "79.86",
            "revenue": 757547
        },
        "2014-01": {
            "month": "2014-01",
            "price": "83.74",
            "revenue": 654864
        },
        "2014-02": {
            "month": "2014-02",
            "price": "82.85",
            "revenue": 585964
        },
        "2014-03": {
            "month": "2014-03",
            "price": "84.15",
            "revenue": 637703
        },
        "2014-04": {
            "month": "2014-04",
            "price": "79.62",
            "revenue": 511163
        },
        "2014-05": {
            "month": "2014-05",
            "price": "69.71",
            "revenue": 404606
        },
        "2014-06": {
            "month": "2014-06",
            "price": "65.36",
            "revenue": 300939
        },
        "2014-07": {
            "month": "2014-07",
            "price": "56.34",
            "revenue": 413374
        },
        "2014-08": {
            "month": "2014-08",
            "price": "48.65",
            "revenue": 520700
        },
        "2014-09": {
            "month": "2014-09",
            "price": "47.97",
            "revenue": 488017
        },
        "2014-10": {
            "month": "2014-10",
            "price": "41.55",
            "revenue": 393395
        },
        "2014-11": {
            "month": "2014-11",
            "price": "34.08",
            "revenue": 287275
        },
        "2014-12": {
            "month": "2014-12",
            "price": "33.86",
            "revenue": 508202
        },
        "2015-01": {
            "month": "2015-01",
            "price": "37.04",
            "revenue": 708312
        },
        "2015-02": {
            "month": "2015-02",
            "price": "41.17",
            "revenue": 445135
        },
        "2015-03": {
            "month": "2015-03",
            "price": "40.26",
            "revenue": 508732
        },
        "2015-04": {
            "month": "2015-04",
            "price": "39.83",
            "revenue": 492995
        },
        "2015-05": {
            "month": "2015-05",
            "price": "39.26",
            "revenue": 485820
        },
        "2015-06": {
            "month": "2015-06",
            "price": "36.97",
            "revenue": 436171
        },
        "2015-07": {
            "month": "2015-07",
            "price": "33.31",
            "revenue": 565824
        },
        "2015-08": {
            "month": "2015-08",
            "price": "27.35",
            "revenue": 647539
        },
        "2015-09": {
            "month": "2015-09",
            "price": "24.70",
            "revenue": 512274
        },
        "2015-10": {
            "month": "2015-10",
            "price": "26.97",
            "revenue": 415584
        },
        "2015-11": {
            "month": "2015-11",
            "price": "26.20",
            "revenue": 459543
        },
        "2015-12": {
            "month": "2015-12",
            "price": "25.98",
            "revenue": 741195
        },
        "2016-01": {
            "month": "2016-01",
            "price": "25.90",
            "revenue": 755301
        },
        "2016-02": {
            "month": "2016-02",
            "price": "26.38",
            "revenue": 318815
        },
        "2016-03": {
            "month": "2016-03",
            "price": "28.53",
            "revenue": 488397
        },
        "2016-04": {
            "month": "2016-04",
            "price": "26.97",
            "revenue": 418068
        },
        "2016-05": {
            "month": "2016-05",
            "price": "26.85",
            "revenue": 417335
        },
        "2016-06": {
            "month": "2016-06",
            "price": "27.30",
            "revenue": 337449
        },
        "2016-07": {
            "month": "2016-07",
            "price": "25.90",
            "revenue": 429468
        },
        "2016-08": {
            "month": "2016-08",
            "price": "25.91",
            "revenue": 660829
        },
        "2016-09": {
            "month": "2016-09",
            "price": "26.43",
            "revenue": 511048
        },
        "2016-10": {
            "month": "2016-10",
            "price": "26.44",
            "revenue": 416484
        },
        "2016-11": {
            "month": "2016-11",
            "price": "28.25",
            "revenue": 632612
        },
        "2016-12": {
            "month": "2016-12",
            "price": "33.05",
            "revenue": 813981
        },
        "2017-01": {
            "month": "2017-01",
            "price": "33.81",
            "revenue": 555094
        },
        "2017-02": {
            "month": "2017-02",
            "price": "32.17",
            "revenue": 458964
        },
        "2017-03": {
            "month": "2017-03",
            "price": "34.47",
            "revenue": 576085
        },
        "2017-04": {
            "month": "2017-04",
            "price": "32.26",
            "revenue": 465151
        },
        "2017-05": {
            "month": "2017-05",
            "price": "32.00",
            "revenue": 513788
        },
        "2017-06": {
            "month": "2017-06",
            "price": "32.27",
            "revenue": 556161
        },
        "2017-07": {
            "month": "2017-07",
            "price": "32.02",
            "revenue": 611286
        },
        "2017-08": {
            "month": "2017-08",
            "price": "28.89",
            "revenue": 700306
        },
        "2017-09": {
            "month": "2017-09",
            "price": "27.68",
            "revenue": 610976
        },
        "2017-10": {
            "month": "2017-10",
            "price": "26.51",
            "revenue": 547774
        },
        "2017-11": {
            "month": "2017-11",
            "price": "25.15",
            "revenue": 633807
        },
        "2017-12": {
            "month": "2017-12",
            "price": "25.45",
            "revenue": 852114
        },
        "2018-01": {
            "month": "2018-01",
            "price": "25.80",
            "revenue": 871411
        },
        "2018-02": {
            "month": "2018-02",
            "price": "25.16",
            "revenue": 322095
        },
        "2018-03": {
            "month": "2018-03",
            "price": "24.17",
            "revenue": 441182
        },
        "2018-04": {
            "month": "2018-04",
            "price": "21.91",
            "revenue": 262789
        },
        "2018-05": {
            "month": "2018-05",
            "price": "17.78",
            "revenue": 411202
        },
        "2018-06": {
            "month": "2018-06",
            "price": "17.10",
            "revenue": 372097
        },
        "2018-07": {
            "month": "2018-07",
            "price": "16.04",
            "revenue": 408242
        },
        "2018-08": {
            "month": "2018-08",
            "price": "14.50",
            "revenue": 426130
        },
        "2018-09": {
            "month": "2018-09",
            "price": "13.48",
            "revenue": 425793
        },
        "2018-10": {
            "month": "2018-10",
            "price": "12.88",
            "revenue": 409208
        },
        "2018-11": {
            "month": "2018-11",
            "price": "12.38",
            "revenue": 477002
        },
        "2018-12": {
            "month": "2018-12",
            "price": "12.57",
            "revenue": 714205
        },
        "2019-01": {
            "month": "2019-01",
            "price": "14.24",
            "revenue": 622558
        },
        "2019-02": {
            "month": "2019-02",
            "price": "15.50",
            "revenue": 237092
        },
        "2019-03": {
            "month": "2019-03",
            "price": "14.92",
            "revenue": 468553
        },
        "2019-04": {
            "month": "2019-04",
            "price": "15.25",
            "revenue": 327160
        },
        "2019-05": {
            "month": "2019-05",
            "price": "15.29",
            "revenue": 496125
        },
        "2019-06": {
            "month": "2019-06",
            "price": "15.04",
            "revenue": 469697
        },
        "2019-07": {
            "month": "2019-07",
            "price": "15.94",
            "revenue": 515964
        },
        "2019-08": {
            "month": "2019-08",
            "price": "15.93",
            "revenue": 663968
        },
        "2019-09": {
            "month": "2019-09",
            "price": "16.73",
            "revenue": 460557
        },
        "2019-10": {
            "month": "2019-10",
            "price": "15.93",
            "revenue": 370758
        },
        "2019-11": {
            "month": "2019-11",
            "price": "14.72",
            "revenue": 610353
        },
        "2019-12": {
            "month": "2019-12",
            "price": "15.24",
            "revenue": 827781
        },
        "2020-01": {
            "month": "2020-01",
            "price": "15.68",
            "revenue": 467645
        },
        "2020-02": {
            "month": "2020-02",
            "price": "13.48",
            "revenue": 135815
        },
        "2020-03": {
            "month": "2020-03",
            "price": "10.72",
            "revenue": 394443
        },
        "2020-04": {
            "month": "2020-04",
            "price": "10.32",
            "revenue": 495562
        },
        "2020-05": {
            "month": "2020-05",
            "price": "10.65",
            "revenue": 493222
        },
        "2020-06": {
            "month": "2020-06",
            "price": "11.07",
            "revenue": 496711
        },
        "2020-07": {
            "month": "2020-07",
            "price": "11.60",
            "revenue": 558930
        },
        "2020-08": {
            "month": "2020-08",
            "price": "12.74",
            "revenue": 607032
        },
        "2020-09": {
            "month": "2020-09",
            "price": "13.61",
            "revenue": 530692
        },
        "2020-10": {
            "month": "2020-10",
            "price": "13.29",
            "revenue": 362987
        },
        "2020-11": {
            "month": "2020-11",
            "price": "14.08",
            "revenue": 570333
        },
        "2020-12": {
            "month": "2020-12",
            "price": "14.06",
            "revenue": 679122
        },
        "2021-01": {
            "month": "2021-01",
            "price": "13.86",
            "revenue": 772703
        },
        "2021-02": {
            "month": "2021-02",
            "price": "13.98",
            "revenue": 294238
        },
        "2021-03": {
            "month": "2021-03",
            "price": "14.12",
            "revenue": 584255
        },
        "2021-04": {
            "month": "2021-04",
            "price": "15.15",
            "revenue": 485076
        },
        "2021-05": {
            "month": "2021-05",
            "price": "14.37",
            "revenue": 584105
        },
        "2021-06": {
            "month": "2021-06",
            "price": "14.60",
            "revenue": 713244
        },
        "2021-07": {
            "month": "2021-07",
            "price": "15.22",
            "revenue": 681810
        },
        "2021-08": {
            "month": "2021-08",
            "price": "15.02",
            "revenue": 729917
        },
        "2021-09": {
            "month": "2021-09",
            "price": "14.48",
            "revenue": 605591
        },
        "2021-10": {
            "month": "2021-10",
            "price": "14.84",
            "revenue": 723873
        },
        "2021-11": {
            "month": "2021-11",
            "price": "16.28",
            "revenue": 772549
        },
        "2021-12": {
            "month": "2021-12",
            "price": "16.20",
            "revenue": 867244
        },
        "2022-01": {
            "month": "2022-01",
            "price": "17.88",
            "revenue": 682573
        },
        "2022-02": {
            "month": "2022-02",
            "price": "16.82",
            "revenue": 454030
        },
        "2022-03": {
            "month": "2022-03",
            "price": "16.76",
            "revenue": 703680
        },
        "2022-04": {
            "month": "2022-04",
            "price": "17.19",
            "revenue": 585130
        },
        "2022-05": {
            "month": "2022-05",
            "price": "16.14",
            "revenue": 703907
        },
        "2022-06": {
            "month": "2022-06",
            "price": "16.25",
            "revenue": 741869
        },
        "2022-07": {
            "month": "2022-07",
            "price": "16.22",
            "revenue": 870010
        },
        "2022-08": {
            "month": "2022-08",
            "price": "16.42",
            "revenue": 1001252
        },
        "2022-09": {
            "month": "2022-09",
            "price": "15.45",
            "revenue": 647586
        },
        "2022-10": {
            "month": "2022-10",
            "price": "13.30",
            "revenue": 643998
        },
        "2022-11": {
            "month": "2022-11",
            "price": "12.65",
            "revenue": 739347
        },
        "2022-12": {
            "month": "2022-12",
            "price": "13.13",
            "revenue": 906744
        },
        "2023-01": {
            "month": "2023-01",
            "price": "13.50",
            "revenue": 500428
        },
        "2023-02": {
            "month": "2023-02",
            "price": "14.49",
            "revenue": 566306
        },
        "2023-03": {
            "month": "2023-03",
            "price": "14.90",
            "revenue": 597275
        },
        "2023-04": {
            "month": "2023-04",
            "price": "14.86",
            "revenue": 630198
        },
        "2023-05": {
            "month": "2023-05",
            "price": "14.88",
            "revenue": 701289
        }
    }
}
