{
    "summary": {
        "stock_name": "大國鋼",
        "stock_id": "8415",
        "category": "鋼鐵",
        "main_business": "扣件買賣",
        "website_url": "http://www.brighton-best.com.tw/",
        "ceo": "謝榮坤",
        "pe_ratio": 11,
        "report_year_from": 2009,
        "report_year_to": 2023,
        "age": 15,
        "eps_negative_percentage": 0,
        "eps_growth_avg": {
            "last_all": 33.97,
            "last_2y": 28.63,
            "last_4y": 8.65,
            "last_8y": 33.97,
            "last_12y": null,
            "last_16y": null,
            "last_20y": null,
            "at_2006_last_3y": null,
            "at_2007_last_3y": null,
            "at_2008_last_3y": null,
            "at_2009_last_3y": null,
            "at_2010_last_3y": null,
            "at_2011_last_3y": null,
            "at_2012_last_3y": null,
            "at_2013_last_3y": null,
            "at_2014_last_3y": null,
            "at_2015_last_3y": null,
            "at_2016_last_3y": null,
            "at_2017_last_3y": null,
            "at_2018_last_3y": 65.63,
            "at_2019_last_3y": 48.75,
            "at_2020_last_3y": 26.84,
            "at_2021_last_3y": 26.84,
            "at_2022_last_3y": 20.6,
            "at_2023_last_3y": 24.56,
            "at_2024_last_3y": 24.56,
            "at_2006_last_all": null,
            "at_2007_last_all": null,
            "at_2008_last_all": null,
            "at_2009_last_all": null,
            "at_2010_last_all": null,
            "at_2011_last_all": null,
            "at_2012_last_all": null,
            "at_2013_last_all": null,
            "at_2014_last_all": null,
            "at_2015_last_all": null,
            "at_2016_last_all": 56.25,
            "at_2017_last_all": 70.83,
            "at_2018_last_all": 65.63,
            "at_2019_last_all": 41.5,
            "at_2020_last_all": 36.64,
            "at_2021_last_all": 45.69,
            "at_2022_last_all": 43.11,
            "at_2023_last_all": 33.97,
            "at_2024_last_all": 33.97
        },
        "latest_eps": 3.3,
        "latest_price": 35.4,
        "latest_roe": 13.29,
        "latest_gross_margin": 33.59,
        "latest_equity": 28192869,
        "latest_revenue": 6006851,
        "latest_gross_profit": 2017716,
        "latest_net_income": 1310260,
        "latest_debt_ratio": 40.78,
        "latest_current_ratio": 194.03,
        "latest_account_receivable_turnover_ratio": 2.05,
        "latest_inventory_turnover_ratio": 0.24,
        "latest_reinvestment_rate": 41.68,
        "latest_research_to_sale_ratio": 0.04
    },
    "eps_dividends": {
        "2001": {
            "cash": 0,
            "stock": 0,
            "eps": 0
        },
        "2002": {
            "cash": 0,
            "stock": 0,
            "eps": 0
        },
        "2003": {
            "cash": 0,
            "stock": 0,
            "eps": 0
        },
        "2004": {
            "cash": 0,
            "stock": 0,
            "eps": 0
        },
        "2005": {
            "cash": 0,
            "stock": 0,
            "eps": 0
        },
        "2006": {
            "cash": 0,
            "stock": 0,
            "eps": 0
        },
        "2007": {
            "cash": 0,
            "stock": 0,
            "eps": 0
        },
        "2008": {
            "cash": 0,
            "stock": 0,
            "eps": 0
        },
        "2009": {
            "cash": 0,
            "stock": 0,
            "eps": 0
        },
        "2010": {
            "cash": 0,
            "stock": 0,
            "eps": 0
        },
        "2011": {
            "cash": 0,
            "stock": 0,
            "eps": 0
        },
        "2012": {
            "cash": 0.6,
            "stock": 0,
            "eps": 0
        },
        "2013": {
            "cash": 0,
            "stock": 0,
            "eps": 0
        },
        "2014": {
            "cash": 0.6,
            "stock": 0,
            "eps": 0.24
        },
        "2015": {
            "cash": 0.4,
            "stock": 0,
            "eps": 0.27
        },
        "2016": {
            "cash": 0.6,
            "stock": 0,
            "eps": 0.56
        },
        "2017": {
            "cash": 1,
            "stock": 0,
            "eps": 1.2
        },
        "2018": {
            "cash": 1,
            "stock": 0,
            "eps": 1.8
        },
        "2019": {
            "cash": 2.4,
            "stock": 0,
            "eps": 0.81
        },
        "2020": {
            "cash": 1.4,
            "stock": 0,
            "eps": 0.91
        },
        "2021": {
            "cash": 1.4,
            "stock": 0,
            "eps": 3.51
        },
        "2022": {
            "cash": 1.8,
            "stock": 0,
            "eps": 4.39
        },
        "2023": {
            "cash": 1.8,
            "stock": 0,
            "eps": 2.67
        }
    },
    "dividends": {
        "2012-06-06": {
            "cash": 0.6,
            "stock": 0
        },
        "2014-06-10": {
            "cash": 0.6,
            "stock": 0
        },
        "2015-08-14": {
            "cash": 0.4,
            "stock": 0
        },
        "2016-07-29": {
            "cash": 0.6,
            "stock": 0
        },
        "2017-08-16": {
            "cash": 1,
            "stock": 0
        },
        "2018-08-31": {
            "cash": 1,
            "stock": 0
        },
        "2019-08-09": {
            "cash": 2.4,
            "stock": 0
        },
        "2020-08-06": {
            "cash": 1.4,
            "stock": 0
        },
        "2021-09-02": {
            "cash": 1.4,
            "stock": 0
        },
        "2022-08-04": {
            "cash": 1.8,
            "stock": 0
        },
        "2023-08-17": {
            "cash": 1.8,
            "stock": 0
        }
    },
    "prices": {
        "200101": "無",
        "200102": "無",
        "200103": "無",
        "200104": "無",
        "200105": "無",
        "200106": "無",
        "200107": "無",
        "200108": "無",
        "200109": "無",
        "200110": "無",
        "200111": "無",
        "200112": "無",
        "200201": "無",
        "200202": "無",
        "200203": "無",
        "200204": "無",
        "200205": "無",
        "200206": "無",
        "200207": "無",
        "200208": "無",
        "200209": "無",
        "200210": "無",
        "200211": "無",
        "200212": "無",
        "200301": "無",
        "200302": "無",
        "200303": "無",
        "200304": "無",
        "200305": "無",
        "200306": "無",
        "200307": "無",
        "200308": "無",
        "200309": "無",
        "200310": "無",
        "200311": "無",
        "200312": "無",
        "200401": "無",
        "200402": "無",
        "200403": "無",
        "200404": "無",
        "200405": "無",
        "200406": "無",
        "200407": "無",
        "200408": "無",
        "200409": "無",
        "200410": "無",
        "200411": "無",
        "200412": "無",
        "200501": "無",
        "200502": "無",
        "200503": "無",
        "200504": "無",
        "200505": "無",
        "200506": "無",
        "200507": "無",
        "200508": "無",
        "200509": "無",
        "200510": "無",
        "200511": "無",
        "200512": "無",
        "200601": "無",
        "200602": "無",
        "200603": "無",
        "200604": "無",
        "200605": "無",
        "200606": "無",
        "200607": "無",
        "200608": "無",
        "200609": "無",
        "200610": "無",
        "200611": "無",
        "200612": "無",
        "200701": "無",
        "200702": "無",
        "200703": "無",
        "200704": "無",
        "200705": "無",
        "200706": "無",
        "200707": "無",
        "200708": "無",
        "200709": "無",
        "200710": "無",
        "200711": "無",
        "200712": "無",
        "200801": "無",
        "200802": "無",
        "200803": "無",
        "200804": "無",
        "200805": "無",
        "200806": "無",
        "200807": "無",
        "200808": "無",
        "200809": "無",
        "200810": "無",
        "200811": "無",
        "200812": "無",
        "200901": "無",
        "200902": "無",
        "200903": "無",
        "200904": "無",
        "200905": "無",
        "200906": "無",
        "200907": "無",
        "200908": "無",
        "200909": "無",
        "200910": "無",
        "200911": "無",
        "200912": "無",
        "201001": "無",
        "201002": "無",
        "201003": "無",
        "201004": "無",
        "201005": "無",
        "201006": "無",
        "201007": "無",
        "201008": "無",
        "201009": "無",
        "201010": "無",
        "201011": "無",
        "201012": "14.00",
        "201101": "13.61",
        "201102": "13.72",
        "201103": "14.00",
        "201104": "14.07",
        "201105": "13.95",
        "201106": "13.89",
        "201107": "13.53",
        "201108": "13.37",
        "201109": "13.15",
        "201110": "12.71",
        "201111": "12.22",
        "201112": "11.95",
        "201201": "11.93",
        "201202": "11.89",
        "201203": "12.02",
        "201204": "12.71",
        "201205": "12.67",
        "201206": "12.46",
        "201207": "無",
        "201208": "12.50",
        "201209": "13.02",
        "201210": "12.98",
        "201211": "13.40",
        "201212": "12.46",
        "201301": "13.76",
        "201302": "13.91",
        "201303": "13.93",
        "201304": "14.71",
        "201305": "14.70",
        "201306": "14.83",
        "201307": "14.37",
        "201308": "14.45",
        "201309": "13.82",
        "201310": "13.96",
        "201311": "13.97",
        "201312": "13.98",
        "201401": "14.00",
        "201402": "14.28",
        "201403": "14.36",
        "201404": "16.33",
        "201405": "17.70",
        "201406": "20.21",
        "201407": "22.31",
        "201408": "24.42",
        "201409": "25.48",
        "201410": "24.29",
        "201411": "23.88",
        "201412": "24.03",
        "201501": "24.19",
        "201502": "26.00",
        "201503": "27.82",
        "201504": "24.93",
        "201505": "23.74",
        "201506": "21.30",
        "201507": "18.70",
        "201508": "17.08",
        "201509": "16.83",
        "201510": "16.81",
        "201511": "16.30",
        "201512": "16.16",
        "201601": "16.14",
        "201602": "16.28",
        "201603": "16.47",
        "201604": "15.67",
        "201605": "15.15",
        "201606": "16.34",
        "201607": "19.37",
        "201608": "18.71",
        "201609": "17.58",
        "201610": "16.82",
        "201611": "18.25",
        "201612": "18.07",
        "201701": "18.07",
        "201702": "18.19",
        "201703": "18.15",
        "201704": "18.06",
        "201705": "18.01",
        "201706": "18.05",
        "201707": "18.03",
        "201708": "18.13",
        "201709": "19.12",
        "201710": "23.21",
        "201711": "23.39",
        "201712": "22.77",
        "201801": "24.09",
        "201802": "23.07",
        "201803": "24.50",
        "201804": "24.46",
        "201805": "24.79",
        "201806": "30.70",
        "201807": "30.61",
        "201808": "33.98",
        "201809": "34.92",
        "201810": "34.79",
        "201811": "34.73",
        "201812": "34.17",
        "201901": "35.59",
        "201902": "36.31",
        "201903": "35.02",
        "201904": "35.06",
        "201905": "35.07",
        "201906": "35.52",
        "201907": "35.29",
        "201908": "34.58",
        "201909": "35.39",
        "201910": "32.06",
        "201911": "31.01",
        "201912": "28.32",
        "202001": "27.99",
        "202002": "28.07",
        "202003": "27.45",
        "202004": "25.87",
        "202005": "25.80",
        "202006": "26.94",
        "202007": "26.63",
        "202008": "25.87",
        "202009": "25.79",
        "202010": "25.63",
        "202011": "25.90",
        "202012": "28.46",
        "202101": "26.38",
        "202102": "26.17",
        "202103": "26.54",
        "202104": "33.64",
        "202105": "33.24",
        "202106": "33.56",
        "202107": "39.82",
        "202108": "38.85",
        "202109": "40.00",
        "202110": "35.29",
        "202111": "34.99",
        "202112": "36.61",
        "202201": "38.45",
        "202202": "40.58",
        "202203": "40.07",
        "202204": "38.42",
        "202205": "35.39",
        "202206": "35.10",
        "202207": "34.55",
        "202208": "34.57",
        "202209": "33.76",
        "202210": "33.46",
        "202211": "34.37",
        "202212": "37.73",
        "202301": "37.81",
        "202302": "38.30",
        "202303": "37.48",
        "202304": "35.87",
        "202305": "35.24",
        "202306": "35.44",
        "202307": "34.45",
        "202308": "33.18",
        "202309": "33.74",
        "202310": "33.46",
        "202311": "33.96",
        "202312": "35.03"
    },
    "quarters": {
        "20011": {
            "year_quarter": 20011,
            "year": 2001,
            "quarter": 1,
            "eps": null,
            "eps_growth_year": null,
            "eps_4q": null,
            "eps_4q_growth_year": null,
            "roe": null,
            "roe_4q": 0,
            "gross_profit": null,
            "gross_margin": null,
            "gross_margin_4q_avg": 0,
            "net_income": null,
            "net_income_4q": null,
            "revenue": null,
            "revenue_4q": null,
            "common_shares": null,
            "book_valuer_per_share": null,
            "book_valuer_per_share_4q_avg": 0,
            "equity": null,
            "current_ratio": null,
            "debt_ratio": null,
            "inventory_turnover_ratio": null,
            "account_receivable_turnover_ratio": null,
            "reinvestment_rate": null,
            "research_to_sale_ratio": null,
            "price_fair": 0,
            "eps_avg_yearly": 0,
            "eps_latest_yearly": 0,
            "eps_growth_yearly": 0
        },
        "20012": {
            "year_quarter": 20012,
            "year": 2001,
            "quarter": 2,
            "eps": null,
            "eps_growth_year": null,
            "eps_4q": null,
            "eps_4q_growth_year": null,
            "roe": null,
            "roe_4q": 0,
            "gross_profit": null,
            "gross_margin": null,
            "gross_margin_4q_avg": 0,
            "net_income": null,
            "net_income_4q": null,
            "revenue": null,
            "revenue_4q": null,
            "common_shares": null,
            "book_valuer_per_share": null,
            "book_valuer_per_share_4q_avg": 0,
            "equity": null,
            "current_ratio": null,
            "debt_ratio": null,
            "inventory_turnover_ratio": null,
            "account_receivable_turnover_ratio": null,
            "reinvestment_rate": null,
            "research_to_sale_ratio": null,
            "price_fair": 0,
            "eps_avg_yearly": 0,
            "eps_latest_yearly": 0,
            "eps_growth_yearly": 0
        },
        "20013": {
            "year_quarter": 20013,
            "year": 2001,
            "quarter": 3,
            "eps": null,
            "eps_growth_year": null,
            "eps_4q": null,
            "eps_4q_growth_year": null,
            "roe": null,
            "roe_4q": 0,
            "gross_profit": null,
            "gross_margin": null,
            "gross_margin_4q_avg": 0,
            "net_income": null,
            "net_income_4q": null,
            "revenue": null,
            "revenue_4q": null,
            "common_shares": null,
            "book_valuer_per_share": null,
            "book_valuer_per_share_4q_avg": 0,
            "equity": null,
            "current_ratio": null,
            "debt_ratio": null,
            "inventory_turnover_ratio": null,
            "account_receivable_turnover_ratio": null,
            "reinvestment_rate": null,
            "research_to_sale_ratio": null,
            "price_fair": 0,
            "eps_avg_yearly": 0,
            "eps_latest_yearly": 0,
            "eps_growth_yearly": 0
        },
        "20014": {
            "year_quarter": 20014,
            "year": 2001,
            "quarter": 4,
            "eps": null,
            "eps_growth_year": null,
            "eps_4q": null,
            "eps_4q_growth_year": null,
            "roe": null,
            "roe_4q": 0,
            "gross_profit": null,
            "gross_margin": null,
            "gross_margin_4q_avg": 0,
            "net_income": null,
            "net_income_4q": null,
            "revenue": null,
            "revenue_4q": null,
            "common_shares": null,
            "book_valuer_per_share": null,
            "book_valuer_per_share_4q_avg": 0,
            "equity": null,
            "current_ratio": null,
            "debt_ratio": null,
            "inventory_turnover_ratio": null,
            "account_receivable_turnover_ratio": null,
            "reinvestment_rate": null,
            "research_to_sale_ratio": null,
            "price_fair": 0,
            "eps_avg_yearly": 0,
            "eps_latest_yearly": 0,
            "eps_growth_yearly": 0
        },
        "20021": {
            "year_quarter": 20021,
            "year": 2002,
            "quarter": 1,
            "eps": null,
            "eps_growth_year": null,
            "eps_4q": null,
            "eps_4q_growth_year": null,
            "roe": null,
            "roe_4q": 0,
            "gross_profit": null,
            "gross_margin": null,
            "gross_margin_4q_avg": 0,
            "net_income": null,
            "net_income_4q": null,
            "revenue": null,
            "revenue_4q": null,
            "common_shares": null,
            "book_valuer_per_share": null,
            "book_valuer_per_share_4q_avg": 0,
            "equity": null,
            "current_ratio": null,
            "debt_ratio": null,
            "inventory_turnover_ratio": null,
            "account_receivable_turnover_ratio": null,
            "reinvestment_rate": null,
            "research_to_sale_ratio": null,
            "price_fair": 0,
            "eps_avg_yearly": 0,
            "eps_latest_yearly": 0,
            "eps_growth_yearly": 0
        },
        "20022": {
            "year_quarter": 20022,
            "year": 2002,
            "quarter": 2,
            "eps": null,
            "eps_growth_year": null,
            "eps_4q": null,
            "eps_4q_growth_year": null,
            "roe": null,
            "roe_4q": 0,
            "gross_profit": null,
            "gross_margin": null,
            "gross_margin_4q_avg": 0,
            "net_income": null,
            "net_income_4q": null,
            "revenue": null,
            "revenue_4q": null,
            "common_shares": null,
            "book_valuer_per_share": null,
            "book_valuer_per_share_4q_avg": 0,
            "equity": null,
            "current_ratio": null,
            "debt_ratio": null,
            "inventory_turnover_ratio": null,
            "account_receivable_turnover_ratio": null,
            "reinvestment_rate": null,
            "research_to_sale_ratio": null,
            "price_fair": 0,
            "eps_avg_yearly": 0,
            "eps_latest_yearly": 0,
            "eps_growth_yearly": 0
        },
        "20023": {
            "year_quarter": 20023,
            "year": 2002,
            "quarter": 3,
            "eps": null,
            "eps_growth_year": null,
            "eps_4q": null,
            "eps_4q_growth_year": null,
            "roe": null,
            "roe_4q": 0,
            "gross_profit": null,
            "gross_margin": null,
            "gross_margin_4q_avg": 0,
            "net_income": null,
            "net_income_4q": null,
            "revenue": null,
            "revenue_4q": null,
            "common_shares": null,
            "book_valuer_per_share": null,
            "book_valuer_per_share_4q_avg": 0,
            "equity": null,
            "current_ratio": null,
            "debt_ratio": null,
            "inventory_turnover_ratio": null,
            "account_receivable_turnover_ratio": null,
            "reinvestment_rate": null,
            "research_to_sale_ratio": null,
            "price_fair": 0,
            "eps_avg_yearly": 0,
            "eps_latest_yearly": 0,
            "eps_growth_yearly": 0
        },
        "20024": {
            "year_quarter": 20024,
            "year": 2002,
            "quarter": 4,
            "eps": null,
            "eps_growth_year": null,
            "eps_4q": null,
            "eps_4q_growth_year": null,
            "roe": null,
            "roe_4q": 0,
            "gross_profit": null,
            "gross_margin": null,
            "gross_margin_4q_avg": 0,
            "net_income": null,
            "net_income_4q": null,
            "revenue": null,
            "revenue_4q": null,
            "common_shares": null,
            "book_valuer_per_share": null,
            "book_valuer_per_share_4q_avg": 0,
            "equity": null,
            "current_ratio": null,
            "debt_ratio": null,
            "inventory_turnover_ratio": null,
            "account_receivable_turnover_ratio": null,
            "reinvestment_rate": null,
            "research_to_sale_ratio": null,
            "price_fair": 0,
            "eps_avg_yearly": 0,
            "eps_latest_yearly": 0,
            "eps_growth_yearly": 0
        },
        "20031": {
            "year_quarter": 20031,
            "year": 2003,
            "quarter": 1,
            "eps": null,
            "eps_growth_year": null,
            "eps_4q": null,
            "eps_4q_growth_year": null,
            "roe": null,
            "roe_4q": 0,
            "gross_profit": null,
            "gross_margin": null,
            "gross_margin_4q_avg": 0,
            "net_income": null,
            "net_income_4q": null,
            "revenue": null,
            "revenue_4q": null,
            "common_shares": null,
            "book_valuer_per_share": null,
            "book_valuer_per_share_4q_avg": 0,
            "equity": null,
            "current_ratio": null,
            "debt_ratio": null,
            "inventory_turnover_ratio": null,
            "account_receivable_turnover_ratio": null,
            "reinvestment_rate": null,
            "research_to_sale_ratio": null,
            "price_fair": 0,
            "eps_avg_yearly": 0,
            "eps_latest_yearly": 0,
            "eps_growth_yearly": 0
        },
        "20032": {
            "year_quarter": 20032,
            "year": 2003,
            "quarter": 2,
            "eps": null,
            "eps_growth_year": null,
            "eps_4q": null,
            "eps_4q_growth_year": null,
            "roe": null,
            "roe_4q": 0,
            "gross_profit": null,
            "gross_margin": null,
            "gross_margin_4q_avg": 0,
            "net_income": null,
            "net_income_4q": null,
            "revenue": null,
            "revenue_4q": null,
            "common_shares": null,
            "book_valuer_per_share": null,
            "book_valuer_per_share_4q_avg": 0,
            "equity": null,
            "current_ratio": null,
            "debt_ratio": null,
            "inventory_turnover_ratio": null,
            "account_receivable_turnover_ratio": null,
            "reinvestment_rate": null,
            "research_to_sale_ratio": null,
            "price_fair": 0,
            "eps_avg_yearly": 0,
            "eps_latest_yearly": 0,
            "eps_growth_yearly": 0
        },
        "20033": {
            "year_quarter": 20033,
            "year": 2003,
            "quarter": 3,
            "eps": null,
            "eps_growth_year": null,
            "eps_4q": null,
            "eps_4q_growth_year": null,
            "roe": null,
            "roe_4q": 0,
            "gross_profit": null,
            "gross_margin": null,
            "gross_margin_4q_avg": 0,
            "net_income": null,
            "net_income_4q": null,
            "revenue": null,
            "revenue_4q": null,
            "common_shares": null,
            "book_valuer_per_share": null,
            "book_valuer_per_share_4q_avg": 0,
            "equity": null,
            "current_ratio": null,
            "debt_ratio": null,
            "inventory_turnover_ratio": null,
            "account_receivable_turnover_ratio": null,
            "reinvestment_rate": null,
            "research_to_sale_ratio": null,
            "price_fair": 0,
            "eps_avg_yearly": 0,
            "eps_latest_yearly": 0,
            "eps_growth_yearly": 0
        },
        "20034": {
            "year_quarter": 20034,
            "year": 2003,
            "quarter": 4,
            "eps": null,
            "eps_growth_year": null,
            "eps_4q": null,
            "eps_4q_growth_year": null,
            "roe": null,
            "roe_4q": 0,
            "gross_profit": null,
            "gross_margin": null,
            "gross_margin_4q_avg": 0,
            "net_income": null,
            "net_income_4q": null,
            "revenue": null,
            "revenue_4q": null,
            "common_shares": null,
            "book_valuer_per_share": null,
            "book_valuer_per_share_4q_avg": 0,
            "equity": null,
            "current_ratio": null,
            "debt_ratio": null,
            "inventory_turnover_ratio": null,
            "account_receivable_turnover_ratio": null,
            "reinvestment_rate": null,
            "research_to_sale_ratio": null,
            "price_fair": 0,
            "eps_avg_yearly": 0,
            "eps_latest_yearly": 0,
            "eps_growth_yearly": 0
        },
        "20041": {
            "year_quarter": 20041,
            "year": 2004,
            "quarter": 1,
            "eps": null,
            "eps_growth_year": null,
            "eps_4q": null,
            "eps_4q_growth_year": null,
            "roe": null,
            "roe_4q": 0,
            "gross_profit": null,
            "gross_margin": null,
            "gross_margin_4q_avg": 0,
            "net_income": null,
            "net_income_4q": null,
            "revenue": null,
            "revenue_4q": null,
            "common_shares": null,
            "book_valuer_per_share": null,
            "book_valuer_per_share_4q_avg": 0,
            "equity": null,
            "current_ratio": null,
            "debt_ratio": null,
            "inventory_turnover_ratio": null,
            "account_receivable_turnover_ratio": null,
            "reinvestment_rate": null,
            "research_to_sale_ratio": null,
            "price_fair": 0,
            "eps_avg_yearly": 0,
            "eps_latest_yearly": 0,
            "eps_growth_yearly": 0
        },
        "20042": {
            "year_quarter": 20042,
            "year": 2004,
            "quarter": 2,
            "eps": null,
            "eps_growth_year": null,
            "eps_4q": null,
            "eps_4q_growth_year": null,
            "roe": null,
            "roe_4q": 0,
            "gross_profit": null,
            "gross_margin": null,
            "gross_margin_4q_avg": 0,
            "net_income": null,
            "net_income_4q": null,
            "revenue": null,
            "revenue_4q": null,
            "common_shares": null,
            "book_valuer_per_share": null,
            "book_valuer_per_share_4q_avg": 0,
            "equity": null,
            "current_ratio": null,
            "debt_ratio": null,
            "inventory_turnover_ratio": null,
            "account_receivable_turnover_ratio": null,
            "reinvestment_rate": null,
            "research_to_sale_ratio": null,
            "price_fair": 0,
            "eps_avg_yearly": 0,
            "eps_latest_yearly": 0,
            "eps_growth_yearly": 0
        },
        "20043": {
            "year_quarter": 20043,
            "year": 2004,
            "quarter": 3,
            "eps": null,
            "eps_growth_year": null,
            "eps_4q": null,
            "eps_4q_growth_year": null,
            "roe": null,
            "roe_4q": 0,
            "gross_profit": null,
            "gross_margin": null,
            "gross_margin_4q_avg": 0,
            "net_income": null,
            "net_income_4q": null,
            "revenue": null,
            "revenue_4q": null,
            "common_shares": null,
            "book_valuer_per_share": null,
            "book_valuer_per_share_4q_avg": 0,
            "equity": null,
            "current_ratio": null,
            "debt_ratio": null,
            "inventory_turnover_ratio": null,
            "account_receivable_turnover_ratio": null,
            "reinvestment_rate": null,
            "research_to_sale_ratio": null,
            "price_fair": 0,
            "eps_avg_yearly": 0,
            "eps_latest_yearly": 0,
            "eps_growth_yearly": 0
        },
        "20044": {
            "year_quarter": 20044,
            "year": 2004,
            "quarter": 4,
            "eps": null,
            "eps_growth_year": null,
            "eps_4q": null,
            "eps_4q_growth_year": null,
            "roe": null,
            "roe_4q": 0,
            "gross_profit": null,
            "gross_margin": null,
            "gross_margin_4q_avg": 0,
            "net_income": null,
            "net_income_4q": null,
            "revenue": null,
            "revenue_4q": null,
            "common_shares": null,
            "book_valuer_per_share": null,
            "book_valuer_per_share_4q_avg": 0,
            "equity": null,
            "current_ratio": null,
            "debt_ratio": null,
            "inventory_turnover_ratio": null,
            "account_receivable_turnover_ratio": null,
            "reinvestment_rate": null,
            "research_to_sale_ratio": null,
            "price_fair": 0,
            "eps_avg_yearly": 0,
            "eps_latest_yearly": 0,
            "eps_growth_yearly": 0
        },
        "20051": {
            "year_quarter": 20051,
            "year": 2005,
            "quarter": 1,
            "eps": null,
            "eps_growth_year": null,
            "eps_4q": null,
            "eps_4q_growth_year": null,
            "roe": null,
            "roe_4q": 0,
            "gross_profit": null,
            "gross_margin": null,
            "gross_margin_4q_avg": 0,
            "net_income": null,
            "net_income_4q": null,
            "revenue": null,
            "revenue_4q": null,
            "common_shares": null,
            "book_valuer_per_share": null,
            "book_valuer_per_share_4q_avg": 0,
            "equity": null,
            "current_ratio": null,
            "debt_ratio": null,
            "inventory_turnover_ratio": null,
            "account_receivable_turnover_ratio": null,
            "reinvestment_rate": null,
            "research_to_sale_ratio": null,
            "price_fair": 0,
            "eps_avg_yearly": 0,
            "eps_latest_yearly": 0,
            "eps_growth_yearly": 0
        },
        "20052": {
            "year_quarter": 20052,
            "year": 2005,
            "quarter": 2,
            "eps": null,
            "eps_growth_year": null,
            "eps_4q": null,
            "eps_4q_growth_year": null,
            "roe": null,
            "roe_4q": 0,
            "gross_profit": null,
            "gross_margin": null,
            "gross_margin_4q_avg": 0,
            "net_income": null,
            "net_income_4q": null,
            "revenue": null,
            "revenue_4q": null,
            "common_shares": null,
            "book_valuer_per_share": null,
            "book_valuer_per_share_4q_avg": 0,
            "equity": null,
            "current_ratio": null,
            "debt_ratio": null,
            "inventory_turnover_ratio": null,
            "account_receivable_turnover_ratio": null,
            "reinvestment_rate": null,
            "research_to_sale_ratio": null,
            "price_fair": 0,
            "eps_avg_yearly": 0,
            "eps_latest_yearly": 0,
            "eps_growth_yearly": 0
        },
        "20053": {
            "year_quarter": 20053,
            "year": 2005,
            "quarter": 3,
            "eps": null,
            "eps_growth_year": null,
            "eps_4q": null,
            "eps_4q_growth_year": null,
            "roe": null,
            "roe_4q": 0,
            "gross_profit": null,
            "gross_margin": null,
            "gross_margin_4q_avg": 0,
            "net_income": null,
            "net_income_4q": null,
            "revenue": null,
            "revenue_4q": null,
            "common_shares": null,
            "book_valuer_per_share": null,
            "book_valuer_per_share_4q_avg": 0,
            "equity": null,
            "current_ratio": null,
            "debt_ratio": null,
            "inventory_turnover_ratio": null,
            "account_receivable_turnover_ratio": null,
            "reinvestment_rate": null,
            "research_to_sale_ratio": null,
            "price_fair": 0,
            "eps_avg_yearly": 0,
            "eps_latest_yearly": 0,
            "eps_growth_yearly": 0
        },
        "20054": {
            "year_quarter": 20054,
            "year": 2005,
            "quarter": 4,
            "eps": null,
            "eps_growth_year": null,
            "eps_4q": null,
            "eps_4q_growth_year": null,
            "roe": null,
            "roe_4q": 0,
            "gross_profit": null,
            "gross_margin": null,
            "gross_margin_4q_avg": 0,
            "net_income": null,
            "net_income_4q": null,
            "revenue": null,
            "revenue_4q": null,
            "common_shares": null,
            "book_valuer_per_share": null,
            "book_valuer_per_share_4q_avg": 0,
            "equity": null,
            "current_ratio": null,
            "debt_ratio": null,
            "inventory_turnover_ratio": null,
            "account_receivable_turnover_ratio": null,
            "reinvestment_rate": null,
            "research_to_sale_ratio": null,
            "price_fair": 0,
            "eps_avg_yearly": 0,
            "eps_latest_yearly": 0,
            "eps_growth_yearly": 0
        },
        "20061": {
            "year_quarter": 20061,
            "year": 2006,
            "quarter": 1,
            "eps": null,
            "eps_growth_year": null,
            "eps_4q": null,
            "eps_4q_growth_year": null,
            "roe": null,
            "roe_4q": 0,
            "gross_profit": null,
            "gross_margin": null,
            "gross_margin_4q_avg": 0,
            "net_income": null,
            "net_income_4q": null,
            "revenue": null,
            "revenue_4q": null,
            "common_shares": null,
            "book_valuer_per_share": null,
            "book_valuer_per_share_4q_avg": 0,
            "equity": null,
            "current_ratio": null,
            "debt_ratio": null,
            "inventory_turnover_ratio": null,
            "account_receivable_turnover_ratio": null,
            "reinvestment_rate": null,
            "research_to_sale_ratio": null,
            "price_fair": 0,
            "eps_avg_yearly": 0,
            "eps_latest_yearly": 0,
            "eps_growth_yearly": 0
        },
        "20062": {
            "year_quarter": 20062,
            "year": 2006,
            "quarter": 2,
            "eps": null,
            "eps_growth_year": null,
            "eps_4q": null,
            "eps_4q_growth_year": null,
            "roe": null,
            "roe_4q": 0,
            "gross_profit": null,
            "gross_margin": null,
            "gross_margin_4q_avg": 0,
            "net_income": null,
            "net_income_4q": null,
            "revenue": null,
            "revenue_4q": null,
            "common_shares": null,
            "book_valuer_per_share": null,
            "book_valuer_per_share_4q_avg": 0,
            "equity": null,
            "current_ratio": null,
            "debt_ratio": null,
            "inventory_turnover_ratio": null,
            "account_receivable_turnover_ratio": null,
            "reinvestment_rate": null,
            "research_to_sale_ratio": null,
            "price_fair": 0,
            "eps_avg_yearly": 0,
            "eps_latest_yearly": 0,
            "eps_growth_yearly": 0
        },
        "20063": {
            "year_quarter": 20063,
            "year": 2006,
            "quarter": 3,
            "eps": null,
            "eps_growth_year": null,
            "eps_4q": null,
            "eps_4q_growth_year": null,
            "roe": null,
            "roe_4q": 0,
            "gross_profit": null,
            "gross_margin": null,
            "gross_margin_4q_avg": 0,
            "net_income": null,
            "net_income_4q": null,
            "revenue": null,
            "revenue_4q": null,
            "common_shares": null,
            "book_valuer_per_share": null,
            "book_valuer_per_share_4q_avg": 0,
            "equity": null,
            "current_ratio": null,
            "debt_ratio": null,
            "inventory_turnover_ratio": null,
            "account_receivable_turnover_ratio": null,
            "reinvestment_rate": null,
            "research_to_sale_ratio": null,
            "price_fair": 0,
            "eps_avg_yearly": 0,
            "eps_latest_yearly": 0,
            "eps_growth_yearly": 0
        },
        "20064": {
            "year_quarter": 20064,
            "year": 2006,
            "quarter": 4,
            "eps": null,
            "eps_growth_year": null,
            "eps_4q": null,
            "eps_4q_growth_year": null,
            "roe": null,
            "roe_4q": 0,
            "gross_profit": null,
            "gross_margin": null,
            "gross_margin_4q_avg": 0,
            "net_income": null,
            "net_income_4q": null,
            "revenue": null,
            "revenue_4q": null,
            "common_shares": null,
            "book_valuer_per_share": null,
            "book_valuer_per_share_4q_avg": 0,
            "equity": null,
            "current_ratio": null,
            "debt_ratio": null,
            "inventory_turnover_ratio": null,
            "account_receivable_turnover_ratio": null,
            "reinvestment_rate": null,
            "research_to_sale_ratio": null,
            "price_fair": 0,
            "eps_avg_yearly": 0,
            "eps_latest_yearly": 0,
            "eps_growth_yearly": 0
        },
        "20071": {
            "year_quarter": 20071,
            "year": 2007,
            "quarter": 1,
            "eps": null,
            "eps_growth_year": null,
            "eps_4q": null,
            "eps_4q_growth_year": null,
            "roe": null,
            "roe_4q": 0,
            "gross_profit": null,
            "gross_margin": null,
            "gross_margin_4q_avg": 0,
            "net_income": null,
            "net_income_4q": null,
            "revenue": null,
            "revenue_4q": null,
            "common_shares": null,
            "book_valuer_per_share": null,
            "book_valuer_per_share_4q_avg": 0,
            "equity": null,
            "current_ratio": null,
            "debt_ratio": null,
            "inventory_turnover_ratio": null,
            "account_receivable_turnover_ratio": null,
            "reinvestment_rate": null,
            "research_to_sale_ratio": null,
            "price_fair": 0,
            "eps_avg_yearly": 0,
            "eps_latest_yearly": 0,
            "eps_growth_yearly": 0
        },
        "20072": {
            "year_quarter": 20072,
            "year": 2007,
            "quarter": 2,
            "eps": null,
            "eps_growth_year": null,
            "eps_4q": null,
            "eps_4q_growth_year": null,
            "roe": null,
            "roe_4q": 0,
            "gross_profit": null,
            "gross_margin": null,
            "gross_margin_4q_avg": 0,
            "net_income": null,
            "net_income_4q": null,
            "revenue": null,
            "revenue_4q": null,
            "common_shares": null,
            "book_valuer_per_share": null,
            "book_valuer_per_share_4q_avg": 0,
            "equity": null,
            "current_ratio": null,
            "debt_ratio": null,
            "inventory_turnover_ratio": null,
            "account_receivable_turnover_ratio": null,
            "reinvestment_rate": null,
            "research_to_sale_ratio": null,
            "price_fair": 0,
            "eps_avg_yearly": 0,
            "eps_latest_yearly": 0,
            "eps_growth_yearly": 0
        },
        "20073": {
            "year_quarter": 20073,
            "year": 2007,
            "quarter": 3,
            "eps": null,
            "eps_growth_year": null,
            "eps_4q": null,
            "eps_4q_growth_year": null,
            "roe": null,
            "roe_4q": 0,
            "gross_profit": null,
            "gross_margin": null,
            "gross_margin_4q_avg": 0,
            "net_income": null,
            "net_income_4q": null,
            "revenue": null,
            "revenue_4q": null,
            "common_shares": null,
            "book_valuer_per_share": null,
            "book_valuer_per_share_4q_avg": 0,
            "equity": null,
            "current_ratio": null,
            "debt_ratio": null,
            "inventory_turnover_ratio": null,
            "account_receivable_turnover_ratio": null,
            "reinvestment_rate": null,
            "research_to_sale_ratio": null,
            "price_fair": 0,
            "eps_avg_yearly": 0,
            "eps_latest_yearly": 0,
            "eps_growth_yearly": 0
        },
        "20074": {
            "year_quarter": 20074,
            "year": 2007,
            "quarter": 4,
            "eps": null,
            "eps_growth_year": null,
            "eps_4q": null,
            "eps_4q_growth_year": null,
            "roe": null,
            "roe_4q": 0,
            "gross_profit": null,
            "gross_margin": null,
            "gross_margin_4q_avg": 0,
            "net_income": null,
            "net_income_4q": null,
            "revenue": null,
            "revenue_4q": null,
            "common_shares": 3000000,
            "book_valuer_per_share": 9.96,
            "book_valuer_per_share_4q_avg": 2.49,
            "equity": 2989370,
            "current_ratio": 11934800,
            "debt_ratio": 0,
            "inventory_turnover_ratio": null,
            "account_receivable_turnover_ratio": null,
            "reinvestment_rate": null,
            "research_to_sale_ratio": null,
            "price_fair": 0,
            "eps_avg_yearly": 0,
            "eps_latest_yearly": 0,
            "eps_growth_yearly": 0
        },
        "20081": {
            "year_quarter": 20081,
            "year": 2008,
            "quarter": 1,
            "eps": null,
            "eps_growth_year": null,
            "eps_4q": null,
            "eps_4q_growth_year": null,
            "roe": null,
            "roe_4q": 0,
            "gross_profit": null,
            "gross_margin": null,
            "gross_margin_4q_avg": 0,
            "net_income": null,
            "net_income_4q": null,
            "revenue": null,
            "revenue_4q": null,
            "common_shares": null,
            "book_valuer_per_share": null,
            "book_valuer_per_share_4q_avg": 2.49,
            "equity": null,
            "current_ratio": null,
            "debt_ratio": null,
            "inventory_turnover_ratio": null,
            "account_receivable_turnover_ratio": null,
            "reinvestment_rate": null,
            "research_to_sale_ratio": null,
            "price_fair": 0,
            "eps_avg_yearly": 0,
            "eps_latest_yearly": 0,
            "eps_growth_yearly": 0
        },
        "20082": {
            "year_quarter": 20082,
            "year": 2008,
            "quarter": 2,
            "eps": null,
            "eps_growth_year": null,
            "eps_4q": null,
            "eps_4q_growth_year": null,
            "roe": null,
            "roe_4q": 0,
            "gross_profit": null,
            "gross_margin": null,
            "gross_margin_4q_avg": 0,
            "net_income": null,
            "net_income_4q": null,
            "revenue": null,
            "revenue_4q": null,
            "common_shares": null,
            "book_valuer_per_share": null,
            "book_valuer_per_share_4q_avg": 2.49,
            "equity": null,
            "current_ratio": null,
            "debt_ratio": null,
            "inventory_turnover_ratio": null,
            "account_receivable_turnover_ratio": null,
            "reinvestment_rate": null,
            "research_to_sale_ratio": null,
            "price_fair": 0,
            "eps_avg_yearly": 0,
            "eps_latest_yearly": 0,
            "eps_growth_yearly": 0
        },
        "20083": {
            "year_quarter": 20083,
            "year": 2008,
            "quarter": 3,
            "eps": null,
            "eps_growth_year": null,
            "eps_4q": null,
            "eps_4q_growth_year": null,
            "roe": null,
            "roe_4q": 0,
            "gross_profit": null,
            "gross_margin": null,
            "gross_margin_4q_avg": 0,
            "net_income": null,
            "net_income_4q": null,
            "revenue": null,
            "revenue_4q": null,
            "common_shares": null,
            "book_valuer_per_share": null,
            "book_valuer_per_share_4q_avg": 2.49,
            "equity": null,
            "current_ratio": null,
            "debt_ratio": null,
            "inventory_turnover_ratio": null,
            "account_receivable_turnover_ratio": null,
            "reinvestment_rate": null,
            "research_to_sale_ratio": null,
            "price_fair": 0,
            "eps_avg_yearly": 0,
            "eps_latest_yearly": 0,
            "eps_growth_yearly": 0
        },
        "20084": {
            "year_quarter": 20084,
            "year": 2008,
            "quarter": 4,
            "eps": null,
            "eps_growth_year": null,
            "eps_4q": null,
            "eps_4q_growth_year": null,
            "roe": null,
            "roe_4q": 0,
            "gross_profit": null,
            "gross_margin": null,
            "gross_margin_4q_avg": 0,
            "net_income": null,
            "net_income_4q": null,
            "revenue": null,
            "revenue_4q": null,
            "common_shares": 3200000,
            "book_valuer_per_share": 9.74,
            "book_valuer_per_share_4q_avg": 2.44,
            "equity": 3117474,
            "current_ratio": 390.08,
            "debt_ratio": 26.67,
            "inventory_turnover_ratio": null,
            "account_receivable_turnover_ratio": null,
            "reinvestment_rate": null,
            "research_to_sale_ratio": null,
            "price_fair": 0,
            "eps_avg_yearly": 0,
            "eps_latest_yearly": 0,
            "eps_growth_yearly": 0
        },
        "20091": {
            "year_quarter": 20091,
            "year": 2009,
            "quarter": 1,
            "eps": null,
            "eps_growth_year": null,
            "eps_4q": null,
            "eps_4q_growth_year": null,
            "roe": null,
            "roe_4q": 0,
            "gross_profit": null,
            "gross_margin": null,
            "gross_margin_4q_avg": 0,
            "net_income": null,
            "net_income_4q": null,
            "revenue": null,
            "revenue_4q": null,
            "common_shares": null,
            "book_valuer_per_share": null,
            "book_valuer_per_share_4q_avg": 2.44,
            "equity": null,
            "current_ratio": null,
            "debt_ratio": null,
            "inventory_turnover_ratio": null,
            "account_receivable_turnover_ratio": null,
            "reinvestment_rate": null,
            "research_to_sale_ratio": null,
            "price_fair": 0,
            "eps_avg_yearly": 0,
            "eps_latest_yearly": 0,
            "eps_growth_yearly": 0
        },
        "20092": {
            "year_quarter": 20092,
            "year": 2009,
            "quarter": 2,
            "eps": null,
            "eps_growth_year": null,
            "eps_4q": null,
            "eps_4q_growth_year": null,
            "roe": null,
            "roe_4q": 0,
            "gross_profit": null,
            "gross_margin": null,
            "gross_margin_4q_avg": 0,
            "net_income": null,
            "net_income_4q": null,
            "revenue": null,
            "revenue_4q": null,
            "common_shares": null,
            "book_valuer_per_share": null,
            "book_valuer_per_share_4q_avg": 2.44,
            "equity": null,
            "current_ratio": null,
            "debt_ratio": null,
            "inventory_turnover_ratio": null,
            "account_receivable_turnover_ratio": null,
            "reinvestment_rate": null,
            "research_to_sale_ratio": null,
            "price_fair": 0,
            "eps_avg_yearly": 0,
            "eps_latest_yearly": 0,
            "eps_growth_yearly": 0
        },
        "20093": {
            "year_quarter": 20093,
            "year": 2009,
            "quarter": 3,
            "eps": null,
            "eps_growth_year": null,
            "eps_4q": null,
            "eps_4q_growth_year": null,
            "roe": null,
            "roe_4q": 0,
            "gross_profit": null,
            "gross_margin": null,
            "gross_margin_4q_avg": 0,
            "net_income": null,
            "net_income_4q": null,
            "revenue": null,
            "revenue_4q": null,
            "common_shares": null,
            "book_valuer_per_share": null,
            "book_valuer_per_share_4q_avg": 2.44,
            "equity": null,
            "current_ratio": null,
            "debt_ratio": null,
            "inventory_turnover_ratio": null,
            "account_receivable_turnover_ratio": null,
            "reinvestment_rate": null,
            "research_to_sale_ratio": null,
            "price_fair": 0,
            "eps_avg_yearly": 0,
            "eps_latest_yearly": 0,
            "eps_growth_yearly": 0
        },
        "20094": {
            "year_quarter": 20094,
            "year": 2009,
            "quarter": 4,
            "eps": null,
            "eps_growth_year": null,
            "eps_4q": null,
            "eps_4q_growth_year": null,
            "roe": null,
            "roe_4q": 0,
            "gross_profit": null,
            "gross_margin": null,
            "gross_margin_4q_avg": 0,
            "net_income": null,
            "net_income_4q": null,
            "revenue": null,
            "revenue_4q": null,
            "common_shares": 4000000,
            "book_valuer_per_share": 10.26,
            "book_valuer_per_share_4q_avg": 2.57,
            "equity": 4104003,
            "current_ratio": 266.93,
            "debt_ratio": 36.28,
            "inventory_turnover_ratio": null,
            "account_receivable_turnover_ratio": null,
            "reinvestment_rate": null,
            "research_to_sale_ratio": null,
            "price_fair": 0,
            "eps_avg_yearly": 0,
            "eps_latest_yearly": 0,
            "eps_growth_yearly": 0
        },
        "20101": {
            "year_quarter": 20101,
            "year": 2010,
            "quarter": 1,
            "eps": null,
            "eps_growth_year": null,
            "eps_4q": null,
            "eps_4q_growth_year": null,
            "roe": null,
            "roe_4q": 0,
            "gross_profit": null,
            "gross_margin": null,
            "gross_margin_4q_avg": 0,
            "net_income": null,
            "net_income_4q": null,
            "revenue": null,
            "revenue_4q": null,
            "common_shares": null,
            "book_valuer_per_share": null,
            "book_valuer_per_share_4q_avg": 2.57,
            "equity": null,
            "current_ratio": null,
            "debt_ratio": null,
            "inventory_turnover_ratio": null,
            "account_receivable_turnover_ratio": null,
            "reinvestment_rate": null,
            "research_to_sale_ratio": null,
            "price_fair": 0,
            "eps_avg_yearly": 0,
            "eps_latest_yearly": 0,
            "eps_growth_yearly": 0
        },
        "20102": {
            "year_quarter": 20102,
            "year": 2010,
            "quarter": 2,
            "eps": null,
            "eps_growth_year": null,
            "eps_4q": null,
            "eps_4q_growth_year": null,
            "roe": null,
            "roe_4q": 0,
            "gross_profit": null,
            "gross_margin": null,
            "gross_margin_4q_avg": 0,
            "net_income": null,
            "net_income_4q": null,
            "revenue": null,
            "revenue_4q": null,
            "common_shares": 4000000,
            "book_valuer_per_share": null,
            "book_valuer_per_share_4q_avg": 2.57,
            "equity": 4098813,
            "current_ratio": null,
            "debt_ratio": null,
            "inventory_turnover_ratio": null,
            "account_receivable_turnover_ratio": null,
            "reinvestment_rate": null,
            "research_to_sale_ratio": null,
            "price_fair": 0,
            "eps_avg_yearly": 0,
            "eps_latest_yearly": 0,
            "eps_growth_yearly": 0
        },
        "20103": {
            "year_quarter": 20103,
            "year": 2010,
            "quarter": 3,
            "eps": null,
            "eps_growth_year": null,
            "eps_4q": null,
            "eps_4q_growth_year": null,
            "roe": null,
            "roe_4q": 0,
            "gross_profit": null,
            "gross_margin": null,
            "gross_margin_4q_avg": 0,
            "net_income": null,
            "net_income_4q": null,
            "revenue": null,
            "revenue_4q": null,
            "common_shares": null,
            "book_valuer_per_share": null,
            "book_valuer_per_share_4q_avg": 2.57,
            "equity": null,
            "current_ratio": null,
            "debt_ratio": null,
            "inventory_turnover_ratio": null,
            "account_receivable_turnover_ratio": null,
            "reinvestment_rate": null,
            "research_to_sale_ratio": null,
            "price_fair": 0,
            "eps_avg_yearly": 0,
            "eps_latest_yearly": 0,
            "eps_growth_yearly": 0
        },
        "20104": {
            "year_quarter": 20104,
            "year": 2010,
            "quarter": 4,
            "eps": null,
            "eps_growth_year": null,
            "eps_4q": null,
            "eps_4q_growth_year": null,
            "roe": null,
            "roe_4q": 0,
            "gross_profit": null,
            "gross_margin": null,
            "gross_margin_4q_avg": 0,
            "net_income": null,
            "net_income_4q": null,
            "revenue": null,
            "revenue_4q": null,
            "common_shares": 4000000,
            "book_valuer_per_share": 9.56,
            "book_valuer_per_share_4q_avg": 2.39,
            "equity": 3823708,
            "current_ratio": 225.6,
            "debt_ratio": 41.85,
            "inventory_turnover_ratio": null,
            "account_receivable_turnover_ratio": null,
            "reinvestment_rate": null,
            "research_to_sale_ratio": null,
            "price_fair": 0,
            "eps_avg_yearly": 0,
            "eps_latest_yearly": 0,
            "eps_growth_yearly": 0
        },
        "20111": {
            "year_quarter": 20111,
            "year": 2011,
            "quarter": 1,
            "eps": null,
            "eps_growth_year": null,
            "eps_4q": null,
            "eps_4q_growth_year": null,
            "roe": null,
            "roe_4q": 0,
            "gross_profit": null,
            "gross_margin": null,
            "gross_margin_4q_avg": 0,
            "net_income": null,
            "net_income_4q": null,
            "revenue": null,
            "revenue_4q": null,
            "common_shares": null,
            "book_valuer_per_share": null,
            "book_valuer_per_share_4q_avg": 2.39,
            "equity": null,
            "current_ratio": null,
            "debt_ratio": null,
            "inventory_turnover_ratio": null,
            "account_receivable_turnover_ratio": null,
            "reinvestment_rate": null,
            "research_to_sale_ratio": null,
            "price_fair": 0,
            "eps_avg_yearly": 0,
            "eps_latest_yearly": 0,
            "eps_growth_yearly": 0
        },
        "20112": {
            "year_quarter": 20112,
            "year": 2011,
            "quarter": 2,
            "eps": null,
            "eps_growth_year": null,
            "eps_4q": null,
            "eps_4q_growth_year": null,
            "roe": null,
            "roe_4q": 0,
            "gross_profit": null,
            "gross_margin": null,
            "gross_margin_4q_avg": 0,
            "net_income": null,
            "net_income_4q": null,
            "revenue": null,
            "revenue_4q": null,
            "common_shares": 4000000,
            "book_valuer_per_share": 9.64,
            "book_valuer_per_share_4q_avg": 4.8,
            "equity": 3856525,
            "current_ratio": 227.83,
            "debt_ratio": 47.82,
            "inventory_turnover_ratio": null,
            "account_receivable_turnover_ratio": null,
            "reinvestment_rate": null,
            "research_to_sale_ratio": null,
            "price_fair": 0,
            "eps_avg_yearly": 0,
            "eps_latest_yearly": 0,
            "eps_growth_yearly": 0
        },
        "20113": {
            "year_quarter": 20113,
            "year": 2011,
            "quarter": 3,
            "eps": null,
            "eps_growth_year": null,
            "eps_4q": null,
            "eps_4q_growth_year": null,
            "roe": null,
            "roe_4q": 0,
            "gross_profit": null,
            "gross_margin": null,
            "gross_margin_4q_avg": 0,
            "net_income": null,
            "net_income_4q": null,
            "revenue": null,
            "revenue_4q": null,
            "common_shares": null,
            "book_valuer_per_share": null,
            "book_valuer_per_share_4q_avg": 4.8,
            "equity": null,
            "current_ratio": null,
            "debt_ratio": null,
            "inventory_turnover_ratio": null,
            "account_receivable_turnover_ratio": null,
            "reinvestment_rate": null,
            "research_to_sale_ratio": null,
            "price_fair": 0,
            "eps_avg_yearly": 0,
            "eps_latest_yearly": 0,
            "eps_growth_yearly": 0
        },
        "20114": {
            "year_quarter": 20114,
            "year": 2011,
            "quarter": 4,
            "eps": null,
            "eps_growth_year": null,
            "eps_4q": null,
            "eps_4q_growth_year": null,
            "roe": null,
            "roe_4q": 0,
            "gross_profit": null,
            "gross_margin": null,
            "gross_margin_4q_avg": 0,
            "net_income": null,
            "net_income_4q": null,
            "revenue": null,
            "revenue_4q": null,
            "common_shares": 4000000,
            "book_valuer_per_share": 10.34,
            "book_valuer_per_share_4q_avg": 5,
            "equity": 4137214,
            "current_ratio": 322.89,
            "debt_ratio": 53.3,
            "inventory_turnover_ratio": null,
            "account_receivable_turnover_ratio": null,
            "reinvestment_rate": null,
            "research_to_sale_ratio": null,
            "price_fair": 0,
            "eps_avg_yearly": 0,
            "eps_latest_yearly": 0,
            "eps_growth_yearly": 0
        },
        "20121": {
            "year_quarter": 20121,
            "year": 2012,
            "quarter": 1,
            "eps": null,
            "eps_growth_year": null,
            "eps_4q": null,
            "eps_4q_growth_year": null,
            "roe": null,
            "roe_4q": 0,
            "gross_profit": null,
            "gross_margin": null,
            "gross_margin_4q_avg": 0,
            "net_income": null,
            "net_income_4q": null,
            "revenue": null,
            "revenue_4q": null,
            "common_shares": null,
            "book_valuer_per_share": null,
            "book_valuer_per_share_4q_avg": 5,
            "equity": null,
            "current_ratio": null,
            "debt_ratio": null,
            "inventory_turnover_ratio": null,
            "account_receivable_turnover_ratio": null,
            "reinvestment_rate": null,
            "research_to_sale_ratio": null,
            "price_fair": 0,
            "eps_avg_yearly": 0,
            "eps_latest_yearly": 0,
            "eps_growth_yearly": 0
        },
        "20122": {
            "year_quarter": 20122,
            "year": 2012,
            "quarter": 2,
            "eps": null,
            "eps_growth_year": null,
            "eps_4q": null,
            "eps_4q_growth_year": null,
            "roe": null,
            "roe_4q": 0,
            "gross_profit": null,
            "gross_margin": null,
            "gross_margin_4q_avg": 0,
            "net_income": null,
            "net_income_4q": null,
            "revenue": null,
            "revenue_4q": null,
            "common_shares": 4000000,
            "book_valuer_per_share": 9.78,
            "book_valuer_per_share_4q_avg": 5.03,
            "equity": 3910379,
            "current_ratio": 328.18,
            "debt_ratio": 58.01,
            "inventory_turnover_ratio": null,
            "account_receivable_turnover_ratio": null,
            "reinvestment_rate": null,
            "research_to_sale_ratio": null,
            "price_fair": 0,
            "eps_avg_yearly": 0,
            "eps_latest_yearly": 0,
            "eps_growth_yearly": 0
        },
        "20123": {
            "year_quarter": 20123,
            "year": 2012,
            "quarter": 3,
            "eps": null,
            "eps_growth_year": null,
            "eps_4q": null,
            "eps_4q_growth_year": null,
            "roe": null,
            "roe_4q": 0,
            "gross_profit": null,
            "gross_margin": null,
            "gross_margin_4q_avg": 0,
            "net_income": null,
            "net_income_4q": null,
            "revenue": null,
            "revenue_4q": null,
            "common_shares": null,
            "book_valuer_per_share": null,
            "book_valuer_per_share_4q_avg": 5.03,
            "equity": null,
            "current_ratio": null,
            "debt_ratio": null,
            "inventory_turnover_ratio": null,
            "account_receivable_turnover_ratio": null,
            "reinvestment_rate": null,
            "research_to_sale_ratio": null,
            "price_fair": 0,
            "eps_avg_yearly": 0,
            "eps_latest_yearly": 0,
            "eps_growth_yearly": 0
        },
        "20124": {
            "year_quarter": 20124,
            "year": 2012,
            "quarter": 4,
            "eps": null,
            "eps_growth_year": null,
            "eps_4q": null,
            "eps_4q_growth_year": null,
            "roe": null,
            "roe_4q": 0,
            "gross_profit": null,
            "gross_margin": null,
            "gross_margin_4q_avg": 0,
            "net_income": null,
            "net_income_4q": null,
            "revenue": null,
            "revenue_4q": null,
            "common_shares": 4000000,
            "book_valuer_per_share": 9.61,
            "book_valuer_per_share_4q_avg": 4.85,
            "equity": 3844039,
            "current_ratio": 247.51,
            "debt_ratio": 57.36,
            "inventory_turnover_ratio": null,
            "account_receivable_turnover_ratio": null,
            "reinvestment_rate": null,
            "research_to_sale_ratio": null,
            "price_fair": 0,
            "eps_avg_yearly": 0,
            "eps_latest_yearly": 0,
            "eps_growth_yearly": 0
        },
        "20131": {
            "year_quarter": 20131,
            "year": 2013,
            "quarter": 1,
            "eps": null,
            "eps_growth_year": null,
            "eps_4q": null,
            "eps_4q_growth_year": null,
            "roe": null,
            "roe_4q": 0,
            "gross_profit": null,
            "gross_margin": null,
            "gross_margin_4q_avg": 0,
            "net_income": null,
            "net_income_4q": null,
            "revenue": null,
            "revenue_4q": null,
            "common_shares": null,
            "book_valuer_per_share": null,
            "book_valuer_per_share_4q_avg": 4.85,
            "equity": null,
            "current_ratio": null,
            "debt_ratio": null,
            "inventory_turnover_ratio": null,
            "account_receivable_turnover_ratio": null,
            "reinvestment_rate": null,
            "research_to_sale_ratio": null,
            "price_fair": 0,
            "eps_avg_yearly": 0,
            "eps_latest_yearly": 0,
            "eps_growth_yearly": 0
        },
        "20132": {
            "year_quarter": 20132,
            "year": 2013,
            "quarter": 2,
            "eps": null,
            "eps_growth_year": null,
            "eps_4q": null,
            "eps_4q_growth_year": null,
            "roe": null,
            "roe_4q": 0,
            "gross_profit": null,
            "gross_margin": null,
            "gross_margin_4q_avg": 0,
            "net_income": null,
            "net_income_4q": null,
            "revenue": null,
            "revenue_4q": null,
            "common_shares": 4000000,
            "book_valuer_per_share": 10,
            "book_valuer_per_share_4q_avg": 4.9,
            "equity": 3998885,
            "current_ratio": 277.43,
            "debt_ratio": 56.28,
            "inventory_turnover_ratio": null,
            "account_receivable_turnover_ratio": null,
            "reinvestment_rate": null,
            "research_to_sale_ratio": null,
            "price_fair": 0,
            "eps_avg_yearly": 0,
            "eps_latest_yearly": 0,
            "eps_growth_yearly": 0
        },
        "20133": {
            "year_quarter": 20133,
            "year": 2013,
            "quarter": 3,
            "eps": null,
            "eps_growth_year": null,
            "eps_4q": null,
            "eps_4q_growth_year": null,
            "roe": null,
            "roe_4q": 0,
            "gross_profit": null,
            "gross_margin": null,
            "gross_margin_4q_avg": 0,
            "net_income": null,
            "net_income_4q": null,
            "revenue": null,
            "revenue_4q": null,
            "common_shares": null,
            "book_valuer_per_share": null,
            "book_valuer_per_share_4q_avg": 4.9,
            "equity": null,
            "current_ratio": null,
            "debt_ratio": null,
            "inventory_turnover_ratio": null,
            "account_receivable_turnover_ratio": null,
            "reinvestment_rate": null,
            "research_to_sale_ratio": null,
            "price_fair": 0,
            "eps_avg_yearly": 0,
            "eps_latest_yearly": 0,
            "eps_growth_yearly": 0
        },
        "20134": {
            "year_quarter": 20134,
            "year": 2013,
            "quarter": 4,
            "eps": null,
            "eps_growth_year": null,
            "eps_4q": null,
            "eps_4q_growth_year": null,
            "roe": null,
            "roe_4q": 0,
            "gross_profit": null,
            "gross_margin": null,
            "gross_margin_4q_avg": 0,
            "net_income": null,
            "net_income_4q": null,
            "revenue": null,
            "revenue_4q": null,
            "common_shares": 6000000,
            "book_valuer_per_share": 11.4,
            "book_valuer_per_share_4q_avg": 5.35,
            "equity": 6841687,
            "current_ratio": 532.64,
            "debt_ratio": 45.58,
            "inventory_turnover_ratio": null,
            "account_receivable_turnover_ratio": null,
            "reinvestment_rate": null,
            "research_to_sale_ratio": null,
            "price_fair": 0,
            "eps_avg_yearly": 0,
            "eps_latest_yearly": 0,
            "eps_growth_yearly": 0
        },
        "20141": {
            "year_quarter": 20141,
            "year": 2014,
            "quarter": 1,
            "eps": null,
            "eps_growth_year": null,
            "eps_4q": null,
            "eps_4q_growth_year": null,
            "roe": null,
            "roe_4q": 0,
            "gross_profit": 768900,
            "gross_margin": null,
            "gross_margin_4q_avg": 0,
            "net_income": 97540,
            "net_income_4q": null,
            "revenue": 2724565,
            "revenue_4q": null,
            "common_shares": 6000000,
            "book_valuer_per_share": 11.85,
            "book_valuer_per_share_4q_avg": 8.31,
            "equity": 7108786,
            "current_ratio": 553.91,
            "debt_ratio": 44.77,
            "inventory_turnover_ratio": null,
            "account_receivable_turnover_ratio": null,
            "reinvestment_rate": null,
            "research_to_sale_ratio": null,
            "price_fair": 0,
            "eps_avg_yearly": 0,
            "eps_latest_yearly": 0,
            "eps_growth_yearly": 0
        },
        "20142": {
            "year_quarter": 20142,
            "year": 2014,
            "quarter": 2,
            "eps": 0.24,
            "eps_growth_year": null,
            "eps_4q": null,
            "eps_4q_growth_year": null,
            "roe": 2.07,
            "roe_4q": 2.07,
            "gross_profit": 864266,
            "gross_margin": 28.43,
            "gross_margin_4q_avg": 7.11,
            "net_income": 143568,
            "net_income_4q": null,
            "revenue": 3040184,
            "revenue_4q": null,
            "common_shares": 6000000,
            "book_valuer_per_share": 11.28,
            "book_valuer_per_share_4q_avg": 8.63,
            "equity": 6770243,
            "current_ratio": 484.53,
            "debt_ratio": 45.88,
            "inventory_turnover_ratio": 0.25,
            "account_receivable_turnover_ratio": 4.81,
            "reinvestment_rate": null,
            "research_to_sale_ratio": null,
            "price_fair": 0,
            "eps_avg_yearly": 0,
            "eps_latest_yearly": 0,
            "eps_growth_yearly": 0
        },
        "20143": {
            "year_quarter": 20143,
            "year": 2014,
            "quarter": 3,
            "eps": null,
            "eps_growth_year": null,
            "eps_4q": null,
            "eps_4q_growth_year": null,
            "roe": null,
            "roe_4q": 2.07,
            "gross_profit": null,
            "gross_margin": null,
            "gross_margin_4q_avg": 7.11,
            "net_income": null,
            "net_income_4q": null,
            "revenue": null,
            "revenue_4q": null,
            "common_shares": null,
            "book_valuer_per_share": null,
            "book_valuer_per_share_4q_avg": 8.63,
            "equity": null,
            "current_ratio": null,
            "debt_ratio": null,
            "inventory_turnover_ratio": null,
            "account_receivable_turnover_ratio": null,
            "reinvestment_rate": null,
            "research_to_sale_ratio": null,
            "price_fair": 0,
            "eps_avg_yearly": 0,
            "eps_latest_yearly": 0,
            "eps_growth_yearly": 0
        },
        "20144": {
            "year_quarter": 20144,
            "year": 2014,
            "quarter": 4,
            "eps": null,
            "eps_growth_year": null,
            "eps_4q": null,
            "eps_4q_growth_year": null,
            "roe": null,
            "roe_4q": 2.07,
            "gross_profit": null,
            "gross_margin": null,
            "gross_margin_4q_avg": 7.11,
            "net_income": null,
            "net_income_4q": null,
            "revenue": null,
            "revenue_4q": null,
            "common_shares": 6000000,
            "book_valuer_per_share": 12.06,
            "book_valuer_per_share_4q_avg": 8.8,
            "equity": 7236981,
            "current_ratio": 411.82,
            "debt_ratio": 43.27,
            "inventory_turnover_ratio": null,
            "account_receivable_turnover_ratio": null,
            "reinvestment_rate": null,
            "research_to_sale_ratio": null,
            "price_fair": 0,
            "eps_avg_yearly": 0,
            "eps_latest_yearly": 0,
            "eps_growth_yearly": 0
        },
        "20151": {
            "year_quarter": 20151,
            "year": 2015,
            "quarter": 1,
            "eps": 0.11,
            "eps_growth_year": null,
            "eps_4q": null,
            "eps_4q_growth_year": null,
            "roe": 0.9,
            "roe_4q": 2.9699999999999998,
            "gross_profit": 798588,
            "gross_margin": 28.04,
            "gross_margin_4q_avg": 14.12,
            "net_income": 64639,
            "net_income_4q": null,
            "revenue": 2847773,
            "revenue_4q": null,
            "common_shares": 6000000,
            "book_valuer_per_share": 11.84,
            "book_valuer_per_share_4q_avg": 8.8,
            "equity": 7103250,
            "current_ratio": 381.76,
            "debt_ratio": 45.47,
            "inventory_turnover_ratio": 0.23,
            "account_receivable_turnover_ratio": 2.61,
            "reinvestment_rate": null,
            "research_to_sale_ratio": null,
            "price_fair": 0,
            "eps_avg_yearly": 0,
            "eps_latest_yearly": 0,
            "eps_growth_yearly": 0
        },
        "20152": {
            "year_quarter": 20152,
            "year": 2015,
            "quarter": 2,
            "eps": 0.16,
            "eps_growth_year": -33.13,
            "eps_4q": null,
            "eps_4q_growth_year": null,
            "roe": 1.36,
            "roe_4q": 2.2600000000000002,
            "gross_profit": 866796,
            "gross_margin": 30.68,
            "gross_margin_4q_avg": 14.68,
            "net_income": 95127,
            "net_income_4q": null,
            "revenue": 2825266,
            "revenue_4q": null,
            "common_shares": 6000000,
            "book_valuer_per_share": 11.48,
            "book_valuer_per_share_4q_avg": 8.85,
            "equity": 6888546,
            "current_ratio": 357.67,
            "debt_ratio": 47.24,
            "inventory_turnover_ratio": 0.22,
            "account_receivable_turnover_ratio": 2.48,
            "reinvestment_rate": null,
            "research_to_sale_ratio": null,
            "price_fair": 22.4,
            "eps_avg_yearly": 0.64,
            "eps_latest_yearly": 0.64,
            "eps_growth_yearly": 181.82
        },
        "20153": {
            "year_quarter": 20153,
            "year": 2015,
            "quarter": 3,
            "eps": null,
            "eps_growth_year": null,
            "eps_4q": null,
            "eps_4q_growth_year": null,
            "roe": null,
            "roe_4q": 2.2600000000000002,
            "gross_profit": 756582,
            "gross_margin": null,
            "gross_margin_4q_avg": 14.68,
            "net_income": 21109,
            "net_income_4q": null,
            "revenue": 2804281,
            "revenue_4q": null,
            "common_shares": 6000000,
            "book_valuer_per_share": 12.17,
            "book_valuer_per_share_4q_avg": 11.89,
            "equity": 7299165,
            "current_ratio": 203.92,
            "debt_ratio": 50.06,
            "inventory_turnover_ratio": null,
            "account_receivable_turnover_ratio": null,
            "reinvestment_rate": null,
            "research_to_sale_ratio": null,
            "price_fair": 22.4,
            "eps_avg_yearly": 0.64,
            "eps_latest_yearly": 0.64,
            "eps_growth_yearly": 181.82
        },
        "20154": {
            "year_quarter": 20154,
            "year": 2015,
            "quarter": 4,
            "eps": null,
            "eps_growth_year": null,
            "eps_4q": null,
            "eps_4q_growth_year": null,
            "roe": null,
            "roe_4q": 2.2600000000000002,
            "gross_profit": 709836,
            "gross_margin": null,
            "gross_margin_4q_avg": 14.68,
            "net_income": 31694,
            "net_income_4q": null,
            "revenue": 2469728,
            "revenue_4q": null,
            "common_shares": 6000000,
            "book_valuer_per_share": 12.22,
            "book_valuer_per_share_4q_avg": 11.93,
            "equity": 7333944,
            "current_ratio": 205.55,
            "debt_ratio": 47.06,
            "inventory_turnover_ratio": null,
            "account_receivable_turnover_ratio": null,
            "reinvestment_rate": null,
            "research_to_sale_ratio": null,
            "price_fair": 22.4,
            "eps_avg_yearly": 0.64,
            "eps_latest_yearly": 0.64,
            "eps_growth_yearly": 181.82
        },
        "20161": {
            "year_quarter": 20161,
            "year": 2016,
            "quarter": 1,
            "eps": 0.12,
            "eps_growth_year": 9.09,
            "eps_4q": 0.28,
            "eps_4q_growth_year": null,
            "roe": 1,
            "roe_4q": 2.3600000000000003,
            "gross_profit": 772362,
            "gross_margin": 29.37,
            "gross_margin_4q_avg": 15.01,
            "net_income": 73047,
            "net_income_4q": null,
            "revenue": 2630076,
            "revenue_4q": null,
            "common_shares": 6000000,
            "book_valuer_per_share": 12.16,
            "book_valuer_per_share_4q_avg": 12.01,
            "equity": 7295915,
            "current_ratio": 417.53,
            "debt_ratio": 46.23,
            "inventory_turnover_ratio": 0.21,
            "account_receivable_turnover_ratio": 2.71,
            "reinvestment_rate": null,
            "research_to_sale_ratio": null,
            "price_fair": 22.4,
            "eps_avg_yearly": 0.64,
            "eps_latest_yearly": 0.64,
            "eps_growth_yearly": 181.82
        },
        "20162": {
            "year_quarter": 20162,
            "year": 2016,
            "quarter": 2,
            "eps": 0.16,
            "eps_growth_year": 0,
            "eps_4q": 0.28,
            "eps_4q_growth_year": null,
            "roe": 1.35,
            "roe_4q": 2.35,
            "gross_profit": 853995,
            "gross_margin": 32.14,
            "gross_margin_4q_avg": 15.38,
            "net_income": 96912,
            "net_income_4q": null,
            "revenue": 2657281,
            "revenue_4q": null,
            "common_shares": 6000000,
            "book_valuer_per_share": 11.71,
            "book_valuer_per_share_4q_avg": 12.07,
            "equity": 7023266,
            "current_ratio": 288.72,
            "debt_ratio": 47.69,
            "inventory_turnover_ratio": 0.22,
            "account_receivable_turnover_ratio": 2.54,
            "reinvestment_rate": null,
            "research_to_sale_ratio": null,
            "price_fair": 22.4,
            "eps_avg_yearly": 0.64,
            "eps_latest_yearly": 0.64,
            "eps_growth_yearly": 157.58
        },
        "20163": {
            "year_quarter": 20163,
            "year": 2016,
            "quarter": 3,
            "eps": 0.13,
            "eps_growth_year": null,
            "eps_4q": 0.4,
            "eps_4q_growth_year": null,
            "roe": 1.09,
            "roe_4q": 3.4400000000000004,
            "gross_profit": 832504,
            "gross_margin": 33.34,
            "gross_margin_4q_avg": 23.71,
            "net_income": 76748,
            "net_income_4q": null,
            "revenue": 2497341,
            "revenue_4q": null,
            "common_shares": 6115000,
            "book_valuer_per_share": 11.54,
            "book_valuer_per_share_4q_avg": 11.91,
            "equity": 7059482,
            "current_ratio": 396.35,
            "debt_ratio": 46.23,
            "inventory_turnover_ratio": 0.21,
            "account_receivable_turnover_ratio": 2.39,
            "reinvestment_rate": null,
            "research_to_sale_ratio": null,
            "price_fair": 21,
            "eps_avg_yearly": 0.6,
            "eps_latest_yearly": 0.52,
            "eps_growth_yearly": 80.05
        },
        "20164": {
            "year_quarter": 20164,
            "year": 2016,
            "quarter": 4,
            "eps": 0.15,
            "eps_growth_year": null,
            "eps_4q": 0.55,
            "eps_4q_growth_year": null,
            "roe": 1.3,
            "roe_4q": 4.74,
            "gross_profit": 777140,
            "gross_margin": 33.61,
            "gross_margin_4q_avg": 32.12,
            "net_income": 90652,
            "net_income_4q": null,
            "revenue": 2312067,
            "revenue_4q": null,
            "common_shares": 6115000,
            "book_valuer_per_share": 11.72,
            "book_valuer_per_share_4q_avg": 11.78,
            "equity": 6836409,
            "current_ratio": 385.2,
            "debt_ratio": 49.19,
            "inventory_turnover_ratio": 0.19,
            "account_receivable_turnover_ratio": 2.39,
            "reinvestment_rate": null,
            "research_to_sale_ratio": null,
            "price_fair": 21,
            "eps_avg_yearly": 0.6,
            "eps_latest_yearly": 0.6,
            "eps_growth_yearly": 75.42
        },
        "20171": {
            "year_quarter": 20171,
            "year": 2017,
            "quarter": 1,
            "eps": 0.23,
            "eps_growth_year": 91.67,
            "eps_4q": 0.69,
            "eps_4q_growth_year": 147.46,
            "roe": 2.02,
            "roe_4q": 5.76,
            "gross_profit": 939358,
            "gross_margin": 34.5,
            "gross_margin_4q_avg": 33.4,
            "net_income": 133241,
            "net_income_4q": null,
            "revenue": 2723030,
            "revenue_4q": null,
            "common_shares": 6115000,
            "book_valuer_per_share": 11.07,
            "book_valuer_per_share_4q_avg": 11.51,
            "equity": 6343147,
            "current_ratio": 323.15,
            "debt_ratio": 50.7,
            "inventory_turnover_ratio": 0.23,
            "account_receivable_turnover_ratio": 2.72,
            "reinvestment_rate": null,
            "research_to_sale_ratio": null,
            "price_fair": 23.24,
            "eps_avg_yearly": 0.66,
            "eps_latest_yearly": 0.92,
            "eps_growth_yearly": 103
        },
        "20172": {
            "year_quarter": 20172,
            "year": 2017,
            "quarter": 2,
            "eps": 0.43,
            "eps_growth_year": 168.75,
            "eps_4q": 0.96,
            "eps_4q_growth_year": 238.55,
            "roe": 4.01,
            "roe_4q": 8.42,
            "gross_profit": 934795,
            "gross_margin": 33.59,
            "gross_margin_4q_avg": 33.76,
            "net_income": 249023,
            "net_income_4q": null,
            "revenue": 2782769,
            "revenue_4q": null,
            "common_shares": 6115000,
            "book_valuer_per_share": 10.59,
            "book_valuer_per_share_4q_avg": 11.23,
            "equity": 6069288,
            "current_ratio": 251.24,
            "debt_ratio": 53.85,
            "inventory_turnover_ratio": 0.25,
            "account_receivable_turnover_ratio": 2.48,
            "reinvestment_rate": null,
            "research_to_sale_ratio": null,
            "price_fair": 29.4,
            "eps_avg_yearly": 0.84,
            "eps_latest_yearly": 1.72,
            "eps_growth_yearly": 143.81
        },
        "20173": {
            "year_quarter": 20173,
            "year": 2017,
            "quarter": 3,
            "eps": 0.38,
            "eps_growth_year": 192.31,
            "eps_4q": 1.2,
            "eps_4q_growth_year": 198.54,
            "roe": 3.52,
            "roe_4q": 10.85,
            "gross_profit": 905454,
            "gross_margin": 32.3,
            "gross_margin_4q_avg": 33.5,
            "net_income": 217435,
            "net_income_4q": null,
            "revenue": 2803075,
            "revenue_4q": null,
            "common_shares": 6115000,
            "book_valuer_per_share": 10.96,
            "book_valuer_per_share_4q_avg": 11.09,
            "equity": 6279774,
            "current_ratio": 253.04,
            "debt_ratio": 53.37,
            "inventory_turnover_ratio": 0.25,
            "account_receivable_turnover_ratio": 2.37,
            "reinvestment_rate": null,
            "research_to_sale_ratio": null,
            "price_fair": 32.8,
            "eps_avg_yearly": 0.94,
            "eps_latest_yearly": 1.52,
            "eps_growth_yearly": 116.62
        },
        "20174": {
            "year_quarter": 20174,
            "year": 2017,
            "quarter": 4,
            "eps": 0.16,
            "eps_growth_year": 8.01,
            "eps_4q": 1.14,
            "eps_4q_growth_year": 106.78,
            "roe": 1.46,
            "roe_4q": 11.01,
            "gross_profit": 1345418,
            "gross_margin": 45.1,
            "gross_margin_4q_avg": 36.37,
            "net_income": 97914,
            "net_income_4q": null,
            "revenue": 2982896,
            "revenue_4q": null,
            "common_shares": 6115000,
            "book_valuer_per_share": 11.64,
            "book_valuer_per_share_4q_avg": 11.07,
            "equity": 7119670,
            "current_ratio": 291.5,
            "debt_ratio": 52.12,
            "inventory_turnover_ratio": 0.2,
            "account_receivable_turnover_ratio": 2.36,
            "reinvestment_rate": null,
            "research_to_sale_ratio": null,
            "price_fair": 31.5,
            "eps_avg_yearly": 0.9,
            "eps_latest_yearly": 0.64,
            "eps_growth_yearly": 73.09
        },
        "20181": {
            "year_quarter": 20181,
            "year": 2018,
            "quarter": 1,
            "eps": 0.43,
            "eps_growth_year": 86.96,
            "eps_4q": 1.35,
            "eps_4q_growth_year": 94.4,
            "roe": 3.64,
            "roe_4q": 12.629999999999999,
            "gross_profit": 1185915,
            "gross_margin": 30.36,
            "gross_margin_4q_avg": 35.34,
            "net_income": 260129,
            "net_income_4q": null,
            "revenue": 3905530,
            "revenue_4q": null,
            "common_shares": 6115000,
            "book_valuer_per_share": 11.75,
            "book_valuer_per_share_4q_avg": 11.24,
            "equity": 7186599,
            "current_ratio": 260.03,
            "debt_ratio": 55.24,
            "inventory_turnover_ratio": 0.32,
            "account_receivable_turnover_ratio": 2.35,
            "reinvestment_rate": null,
            "research_to_sale_ratio": null,
            "price_fair": 34.69,
            "eps_avg_yearly": 0.99,
            "eps_latest_yearly": 1.72,
            "eps_growth_yearly": 139.97
        },
        "20182": {
            "year_quarter": 20182,
            "year": 2018,
            "quarter": 2,
            "eps": 0.73,
            "eps_growth_year": 69.77,
            "eps_4q": 1.67,
            "eps_4q_growth_year": 74.22,
            "roe": 6.15,
            "roe_4q": 14.77,
            "gross_profit": 1274661,
            "gross_margin": 29.55,
            "gross_margin_4q_avg": 34.33,
            "net_income": 446177,
            "net_income_4q": null,
            "revenue": 4313741,
            "revenue_4q": null,
            "common_shares": 6115000,
            "book_valuer_per_share": 11.98,
            "book_valuer_per_share_4q_avg": 11.58,
            "equity": 7325034,
            "current_ratio": 226.48,
            "debt_ratio": 57.33,
            "inventory_turnover_ratio": 0.35,
            "account_receivable_turnover_ratio": 1.89,
            "reinvestment_rate": null,
            "research_to_sale_ratio": null,
            "price_fair": 41.44,
            "eps_avg_yearly": 1.18,
            "eps_latest_yearly": 2.92,
            "eps_growth_yearly": 153.88
        },
        "20183": {
            "year_quarter": 20183,
            "year": 2018,
            "quarter": 3,
            "eps": 0.45,
            "eps_growth_year": 18.42,
            "eps_4q": 1.06,
            "eps_4q_growth_year": -12.26,
            "roe": 2.14,
            "roe_4q": 13.39,
            "gross_profit": 1237335,
            "gross_margin": 29.05,
            "gross_margin_4q_avg": 33.52,
            "net_income": 285892,
            "net_income_4q": null,
            "revenue": 4259267,
            "revenue_4q": null,
            "common_shares": 10315000,
            "book_valuer_per_share": 18.78,
            "book_valuer_per_share_4q_avg": 13.54,
            "equity": 19367754,
            "current_ratio": 382.93,
            "debt_ratio": 36.51,
            "inventory_turnover_ratio": 0.32,
            "account_receivable_turnover_ratio": 1.64,
            "reinvestment_rate": null,
            "research_to_sale_ratio": null,
            "price_fair": 43.4,
            "eps_avg_yearly": 1.24,
            "eps_latest_yearly": 1.8,
            "eps_growth_yearly": 125.95
        },
        "20184": {
            "year_quarter": 20184,
            "year": 2018,
            "quarter": 4,
            "eps": 0.19,
            "eps_growth_year": 18.92,
            "eps_4q": 1.15,
            "eps_4q_growth_year": 1.01,
            "roe": 1.01,
            "roe_4q": 12.940000000000001,
            "gross_profit": 1168872,
            "gross_margin": 27.62,
            "gross_margin_4q_avg": 29.15,
            "net_income": 196408,
            "net_income_4q": null,
            "revenue": 4231679,
            "revenue_4q": null,
            "common_shares": 10315000,
            "book_valuer_per_share": 19.01,
            "book_valuer_per_share_4q_avg": 15.38,
            "equity": 19609801,
            "current_ratio": 460.78,
            "debt_ratio": 32.17,
            "inventory_turnover_ratio": 0.3,
            "account_receivable_turnover_ratio": 1.58,
            "reinvestment_rate": 67.99,
            "research_to_sale_ratio": null,
            "price_fair": 42,
            "eps_avg_yearly": 1.2,
            "eps_latest_yearly": 0.76,
            "eps_growth_yearly": 96.19
        },
        "20191": {
            "year_quarter": 20191,
            "year": 2019,
            "quarter": 1,
            "eps": 0.27,
            "eps_growth_year": -37.21,
            "eps_4q": 1.17,
            "eps_4q_growth_year": -13.3,
            "roe": 1.4,
            "roe_4q": 10.700000000000001,
            "gross_profit": 1252005,
            "gross_margin": 24.68,
            "gross_margin_4q_avg": 27.73,
            "net_income": 277332,
            "net_income_4q": null,
            "revenue": 5072485,
            "revenue_4q": null,
            "common_shares": 10315000,
            "book_valuer_per_share": 19.33,
            "book_valuer_per_share_4q_avg": 17.28,
            "equity": 19940806,
            "current_ratio": 621.61,
            "debt_ratio": 35.17,
            "inventory_turnover_ratio": 0.34,
            "account_receivable_turnover_ratio": 1.52,
            "reinvestment_rate": 70.38,
            "research_to_sale_ratio": null,
            "price_fair": 41.68,
            "eps_avg_yearly": 1.19,
            "eps_latest_yearly": 1.08,
            "eps_growth_yearly": 101.75
        },
        "20192": {
            "year_quarter": 20192,
            "year": 2019,
            "quarter": 2,
            "eps": 0.47,
            "eps_growth_year": -35.62,
            "eps_4q": 1.21,
            "eps_4q_growth_year": -27.81,
            "roe": 2.55,
            "roe_4q": 7.1,
            "gross_profit": 1284780,
            "gross_margin": 25.72,
            "gross_margin_4q_avg": 26.77,
            "net_income": 484476,
            "net_income_4q": null,
            "revenue": 4995857,
            "revenue_4q": null,
            "common_shares": 10315000,
            "book_valuer_per_share": 17.52,
            "book_valuer_per_share_4q_avg": 18.66,
            "equity": 18075928,
            "current_ratio": 300.21,
            "debt_ratio": 44.01,
            "inventory_turnover_ratio": 0.33,
            "account_receivable_turnover_ratio": 1.2,
            "reinvestment_rate": 62.55,
            "research_to_sale_ratio": null,
            "price_fair": 45.02,
            "eps_avg_yearly": 1.29,
            "eps_latest_yearly": 1.88,
            "eps_growth_yearly": 110.55
        },
        "20193": {
            "year_quarter": 20193,
            "year": 2019,
            "quarter": 3,
            "eps": 0.16,
            "eps_growth_year": -64.44,
            "eps_4q": 1.09,
            "eps_4q_growth_year": 3.35,
            "roe": 0.94,
            "roe_4q": 5.8999999999999995,
            "gross_profit": 1364685,
            "gross_margin": 25.59,
            "gross_margin_4q_avg": 25.9,
            "net_income": 168420,
            "net_income_4q": null,
            "revenue": 5332242,
            "revenue_4q": null,
            "common_shares": 10315000,
            "book_valuer_per_share": 17.15,
            "book_valuer_per_share_4q_avg": 18.25,
            "equity": 17688973,
            "current_ratio": 291.81,
            "debt_ratio": 43.87,
            "inventory_turnover_ratio": 0.35,
            "account_receivable_turnover_ratio": 1.17,
            "reinvestment_rate": 23.64,
            "research_to_sale_ratio": null,
            "price_fair": 43.4,
            "eps_avg_yearly": 1.24,
            "eps_latest_yearly": 0.64,
            "eps_growth_yearly": 83.81
        },
        "20194": {
            "year_quarter": 20194,
            "year": 2019,
            "quarter": 4,
            "eps": -0.09,
            "eps_growth_year": -146.21,
            "eps_4q": 0.81,
            "eps_4q_growth_year": -29.37,
            "roe": -0.52,
            "roe_4q": 4.369999999999999,
            "gross_profit": 1106348,
            "gross_margin": 27.56,
            "gross_margin_4q_avg": 25.89,
            "net_income": -90766,
            "net_income_4q": null,
            "revenue": 4014607,
            "revenue_4q": null,
            "common_shares": 10315000,
            "book_valuer_per_share": 16.65,
            "book_valuer_per_share_4q_avg": 17.66,
            "equity": 17175641,
            "current_ratio": 300.5,
            "debt_ratio": 43.75,
            "inventory_turnover_ratio": 0.26,
            "account_receivable_turnover_ratio": 0.95,
            "reinvestment_rate": 23.67,
            "research_to_sale_ratio": null,
            "price_fair": 43.4,
            "eps_avg_yearly": 1.24,
            "eps_latest_yearly": 0.64,
            "eps_growth_yearly": 83.81
        },
        "20201": {
            "year_quarter": 20201,
            "year": 2020,
            "quarter": 1,
            "eps": 0.21,
            "eps_growth_year": -22.22,
            "eps_4q": 0.76,
            "eps_4q_growth_year": -35.11,
            "roe": 1.29,
            "roe_4q": 4.26,
            "gross_profit": 1243815,
            "gross_margin": 28.57,
            "gross_margin_4q_avg": 26.86,
            "net_income": 220030,
            "net_income_4q": null,
            "revenue": 4353231,
            "revenue_4q": null,
            "common_shares": 10315000,
            "book_valuer_per_share": 16.48,
            "book_valuer_per_share_4q_avg": 16.95,
            "equity": 16994097,
            "current_ratio": 318.42,
            "debt_ratio": 44,
            "inventory_turnover_ratio": 0.29,
            "account_receivable_turnover_ratio": 1.22,
            "reinvestment_rate": 22.07,
            "research_to_sale_ratio": null,
            "price_fair": 43.4,
            "eps_avg_yearly": 1.24,
            "eps_latest_yearly": 0.64,
            "eps_growth_yearly": 83.81
        },
        "20202": {
            "year_quarter": 20202,
            "year": 2020,
            "quarter": 2,
            "eps": 0.13,
            "eps_growth_year": -72.34,
            "eps_4q": 0.42,
            "eps_4q_growth_year": -64.89,
            "roe": 0.84,
            "roe_4q": 2.55,
            "gross_profit": 1014104,
            "gross_margin": 26.56,
            "gross_margin_4q_avg": 27.07,
            "net_income": 136473,
            "net_income_4q": null,
            "revenue": 3818201,
            "revenue_4q": null,
            "common_shares": 10315000,
            "book_valuer_per_share": 15.09,
            "book_valuer_per_share_4q_avg": 16.34,
            "equity": 15475500,
            "current_ratio": 252.98,
            "debt_ratio": 51.25,
            "inventory_turnover_ratio": 0.26,
            "account_receivable_turnover_ratio": 1.15,
            "reinvestment_rate": 34.57,
            "research_to_sale_ratio": null,
            "price_fair": 43.1,
            "eps_avg_yearly": 1.23,
            "eps_latest_yearly": 0.52,
            "eps_growth_yearly": 63.4
        },
        "20203": {
            "year_quarter": 20203,
            "year": 2020,
            "quarter": 3,
            "eps": 0.21,
            "eps_growth_year": 31.25,
            "eps_4q": 0.47,
            "eps_4q_growth_year": -57.01,
            "roe": 1.4,
            "roe_4q": 3.01,
            "gross_profit": 1132051,
            "gross_margin": 31.88,
            "gross_margin_4q_avg": 28.64,
            "net_income": 214617,
            "net_income_4q": null,
            "revenue": 3551415,
            "revenue_4q": null,
            "common_shares": 10315000,
            "book_valuer_per_share": 14.8,
            "book_valuer_per_share_4q_avg": 15.76,
            "equity": 15135077,
            "current_ratio": 198.29,
            "debt_ratio": 50.77,
            "inventory_turnover_ratio": 0.23,
            "account_receivable_turnover_ratio": 1.22,
            "reinvestment_rate": 30.26,
            "research_to_sale_ratio": null,
            "price_fair": 43.9,
            "eps_avg_yearly": 1.25,
            "eps_latest_yearly": 0.84,
            "eps_growth_yearly": 86.34
        },
        "20204": {
            "year_quarter": 20204,
            "year": 2020,
            "quarter": 4,
            "eps": 0.36,
            "eps_growth_year": null,
            "eps_4q": 0.92,
            "eps_4q_growth_year": 13.19,
            "roe": 2.37,
            "roe_4q": 5.9,
            "gross_profit": 1123423,
            "gross_margin": 32.28,
            "gross_margin_4q_avg": 29.82,
            "net_income": 371136,
            "net_income_4q": null,
            "revenue": 3480572,
            "revenue_4q": null,
            "common_shares": 10315000,
            "book_valuer_per_share": 15.8,
            "book_valuer_per_share_4q_avg": 15.54,
            "equity": 16165290,
            "current_ratio": 210.47,
            "debt_ratio": 43.97,
            "inventory_turnover_ratio": 0.23,
            "account_receivable_turnover_ratio": 1.51,
            "reinvestment_rate": 27.03,
            "research_to_sale_ratio": null,
            "price_fair": 46,
            "eps_avg_yearly": 1.31,
            "eps_latest_yearly": 1.44,
            "eps_growth_yearly": 102.36
        },
        "20211": {
            "year_quarter": 20211,
            "year": 2021,
            "quarter": 1,
            "eps": 0.58,
            "eps_growth_year": 176.19,
            "eps_4q": 1.28,
            "eps_4q_growth_year": 69.39,
            "roe": 3.59,
            "roe_4q": 8.2,
            "gross_profit": 1590802,
            "gross_margin": 36.04,
            "gross_margin_4q_avg": 31.69,
            "net_income": 592154,
            "net_income_4q": null,
            "revenue": 4414401,
            "revenue_4q": null,
            "common_shares": 10315000,
            "book_valuer_per_share": 16.4,
            "book_valuer_per_share_4q_avg": 15.52,
            "equity": 16778700,
            "current_ratio": 306.72,
            "debt_ratio": 42.05,
            "inventory_turnover_ratio": 0.3,
            "account_receivable_turnover_ratio": 2.13,
            "reinvestment_rate": 23.56,
            "research_to_sale_ratio": null,
            "price_fair": 49.5,
            "eps_avg_yearly": 1.41,
            "eps_latest_yearly": 2.32,
            "eps_growth_yearly": 104.58
        },
        "20212": {
            "year_quarter": 20212,
            "year": 2021,
            "quarter": 2,
            "eps": 1.08,
            "eps_growth_year": 730.77,
            "eps_4q": 2.23,
            "eps_4q_growth_year": 426.06,
            "roe": 6.09,
            "roe_4q": 13.450000000000001,
            "gross_profit": 1887753,
            "gross_margin": 36.1,
            "gross_margin_4q_avg": 34.08,
            "net_income": 1100786,
            "net_income_4q": null,
            "revenue": 5229793,
            "revenue_4q": null,
            "common_shares": 10315000,
            "book_valuer_per_share": 18.95,
            "book_valuer_per_share_4q_avg": 16.49,
            "equity": 19381294,
            "current_ratio": 316.25,
            "debt_ratio": 36.5,
            "inventory_turnover_ratio": 0.4,
            "account_receivable_turnover_ratio": 2.28,
            "reinvestment_rate": 15.1,
            "research_to_sale_ratio": null,
            "price_fair": 56,
            "eps_avg_yearly": 1.6,
            "eps_latest_yearly": 4.32,
            "eps_growth_yearly": 104.36
        },
        "20213": {
            "year_quarter": 20213,
            "year": 2021,
            "quarter": 3,
            "eps": 0.97,
            "eps_growth_year": 361.9,
            "eps_4q": 2.96,
            "eps_4q_growth_year": 531.04,
            "roe": 5.27,
            "roe_4q": 17.32,
            "gross_profit": 2395879,
            "gross_margin": 37.5,
            "gross_margin_4q_avg": 35.48,
            "net_income": 992571,
            "net_income_4q": null,
            "revenue": 6389606,
            "revenue_4q": null,
            "common_shares": 10315000,
            "book_valuer_per_share": 17.72,
            "book_valuer_per_share_4q_avg": 17.22,
            "equity": 18277182,
            "current_ratio": 274.1,
            "debt_ratio": 40.05,
            "inventory_turnover_ratio": 0.5,
            "account_receivable_turnover_ratio": 2.26,
            "reinvestment_rate": 12.17,
            "research_to_sale_ratio": null,
            "price_fair": 61.9,
            "eps_avg_yearly": 1.77,
            "eps_latest_yearly": 3.88,
            "eps_growth_yearly": 104.78
        },
        "20214": {
            "year_quarter": 20214,
            "year": 2021,
            "quarter": 4,
            "eps": 0.88,
            "eps_growth_year": 141.9,
            "eps_4q": 3.48,
            "eps_4q_growth_year": 277.92,
            "roe": 4.78,
            "roe_4q": 19.73,
            "gross_profit": 2308401,
            "gross_margin": 41.98,
            "gross_margin_4q_avg": 37.91,
            "net_income": 905308,
            "net_income_4q": null,
            "revenue": 5498338,
            "revenue_4q": null,
            "common_shares": 10315000,
            "book_valuer_per_share": 19,
            "book_valuer_per_share_4q_avg": 18.02,
            "equity": 19603153,
            "current_ratio": 213.12,
            "debt_ratio": 44.59,
            "inventory_turnover_ratio": 0.38,
            "account_receivable_turnover_ratio": 1.96,
            "reinvestment_rate": 9.41,
            "research_to_sale_ratio": null,
            "price_fair": 69.1,
            "eps_avg_yearly": 1.97,
            "eps_latest_yearly": 3.52,
            "eps_growth_yearly": 118.67
        },
        "20221": {
            "year_quarter": 20221,
            "year": 2022,
            "quarter": 1,
            "eps": 1.27,
            "eps_growth_year": 118.97,
            "eps_4q": 4.18,
            "eps_4q_growth_year": 225.03,
            "roe": 6.3,
            "roe_4q": 22.44,
            "gross_profit": 2610608,
            "gross_margin": 41.85,
            "gross_margin_4q_avg": 39.36,
            "net_income": 1309231,
            "net_income_4q": null,
            "revenue": 6238491,
            "revenue_4q": null,
            "common_shares": 10315000,
            "book_valuer_per_share": 21.31,
            "book_valuer_per_share_4q_avg": 19.25,
            "equity": 21977288,
            "current_ratio": 204.29,
            "debt_ratio": 42.63,
            "inventory_turnover_ratio": 0.37,
            "account_receivable_turnover_ratio": 2.33,
            "reinvestment_rate": 8.95,
            "research_to_sale_ratio": null,
            "price_fair": 77.5,
            "eps_avg_yearly": 2.21,
            "eps_latest_yearly": 5.08,
            "eps_growth_yearly": 83.11
        },
        "20222": {
            "year_quarter": 20222,
            "year": 2022,
            "quarter": 2,
            "eps": 0.89,
            "eps_growth_year": -17.59,
            "eps_4q": 4,
            "eps_4q_growth_year": 79.57,
            "roe": 4.4,
            "roe_4q": 20.75,
            "gross_profit": 2709270,
            "gross_margin": 39.45,
            "gross_margin_4q_avg": 40.2,
            "net_income": 919271,
            "net_income_4q": null,
            "revenue": 6867417,
            "revenue_4q": null,
            "common_shares": 10315000,
            "book_valuer_per_share": 17.46,
            "book_valuer_per_share_4q_avg": 18.87,
            "equity": 19808075,
            "current_ratio": 172.76,
            "debt_ratio": 51.37,
            "inventory_turnover_ratio": 0.35,
            "account_receivable_turnover_ratio": 2.25,
            "reinvestment_rate": 18.54,
            "research_to_sale_ratio": null,
            "price_fair": 79.1,
            "eps_avg_yearly": 2.26,
            "eps_latest_yearly": 3.56,
            "eps_growth_yearly": 54.63
        },
        "20223": {
            "year_quarter": 20223,
            "year": 2022,
            "quarter": 3,
            "eps": 1.63,
            "eps_growth_year": 68.04,
            "eps_4q": 4.67,
            "eps_4q_growth_year": 57.55,
            "roe": 7.93,
            "roe_4q": 23.41,
            "gross_profit": 2431895,
            "gross_margin": 35.34,
            "gross_margin_4q_avg": 39.66,
            "net_income": 1711841,
            "net_income_4q": null,
            "revenue": 6880936,
            "revenue_4q": null,
            "common_shares": 10315000,
            "book_valuer_per_share": 20.85,
            "book_valuer_per_share_4q_avg": 19.66,
            "equity": 23357088,
            "current_ratio": 190.98,
            "debt_ratio": 48.43,
            "inventory_turnover_ratio": 0.31,
            "account_receivable_turnover_ratio": 2.15,
            "reinvestment_rate": 31.16,
            "research_to_sale_ratio": 0.06,
            "price_fair": 90.9,
            "eps_avg_yearly": 2.6,
            "eps_latest_yearly": 6.52,
            "eps_growth_yearly": 89.35
        },
        "20224": {
            "year_quarter": 20224,
            "year": 2022,
            "quarter": 4,
            "eps": 0.6,
            "eps_growth_year": -31.52,
            "eps_4q": 4.42,
            "eps_4q_growth_year": 26.83,
            "roe": 2.57,
            "roe_4q": 21.2,
            "gross_profit": 2107618,
            "gross_margin": 33.79,
            "gross_margin_4q_avg": 37.61,
            "net_income": 633896,
            "net_income_4q": null,
            "revenue": 6238135,
            "revenue_4q": null,
            "common_shares": 10315000,
            "book_valuer_per_share": 22.15,
            "book_valuer_per_share_4q_avg": 20.44,
            "equity": 25924077,
            "current_ratio": 179.34,
            "debt_ratio": 46.51,
            "inventory_turnover_ratio": 0.25,
            "account_receivable_turnover_ratio": 2.07,
            "reinvestment_rate": 46.74,
            "research_to_sale_ratio": 0.04,
            "price_fair": 95,
            "eps_avg_yearly": 2.71,
            "eps_latest_yearly": 2.4,
            "eps_growth_yearly": 87.8
        },
        "20231": {
            "year_quarter": 20231,
            "year": 2023,
            "quarter": 1,
            "eps": 0.73,
            "eps_growth_year": -42.52,
            "eps_4q": 3.88,
            "eps_4q_growth_year": -7.04,
            "roe": 2.87,
            "roe_4q": 17.77,
            "gross_profit": 2260687,
            "gross_margin": 34.07,
            "gross_margin_4q_avg": 35.66,
            "net_income": 767388,
            "net_income_4q": null,
            "revenue": 6635794,
            "revenue_4q": null,
            "common_shares": 10315000,
            "book_valuer_per_share": 23.52,
            "book_valuer_per_share_4q_avg": 21,
            "equity": 27537564,
            "current_ratio": 187.38,
            "debt_ratio": 44.32,
            "inventory_turnover_ratio": 0.25,
            "account_receivable_turnover_ratio": 2.25,
            "reinvestment_rate": 42.97,
            "research_to_sale_ratio": 0.04,
            "price_fair": 99.6,
            "eps_avg_yearly": 2.85,
            "eps_latest_yearly": 2.92,
            "eps_growth_yearly": 81.96
        },
        "20232": {
            "year_quarter": 20232,
            "year": 2023,
            "quarter": 2,
            "eps": 0.68,
            "eps_growth_year": -23.6,
            "eps_4q": 3.67,
            "eps_4q_growth_year": -8.29,
            "roe": 2.61,
            "roe_4q": 15.98,
            "gross_profit": 2140958,
            "gross_margin": 33.36,
            "gross_margin_4q_avg": 34.14,
            "net_income": 714757,
            "net_income_4q": null,
            "revenue": 6417334,
            "revenue_4q": null,
            "common_shares": 10315000,
            "book_valuer_per_share": 23.2,
            "book_valuer_per_share_4q_avg": 22.43,
            "equity": 27174919,
            "current_ratio": 173.68,
            "debt_ratio": 44.9,
            "inventory_turnover_ratio": 0.25,
            "account_receivable_turnover_ratio": 2.08,
            "reinvestment_rate": 42.22,
            "research_to_sale_ratio": 0.04,
            "price_fair": 101.7,
            "eps_avg_yearly": 2.91,
            "eps_latest_yearly": 2.72,
            "eps_growth_yearly": 58.84
        },
        "20233": {
            "year_quarter": 20233,
            "year": 2023,
            "quarter": 3,
            "eps": 1.26,
            "eps_growth_year": -22.7,
            "eps_4q": 3.3,
            "eps_4q_growth_year": -29.33,
            "roe": 4.73,
            "roe_4q": 12.780000000000001,
            "gross_profit": 2017716,
            "gross_margin": 33.59,
            "gross_margin_4q_avg": 33.7,
            "net_income": 1310260,
            "net_income_4q": null,
            "revenue": 6006851,
            "revenue_4q": null,
            "common_shares": 10315000,
            "book_valuer_per_share": 24.29,
            "book_valuer_per_share_4q_avg": 23.29,
            "equity": 28192869,
            "current_ratio": 194.03,
            "debt_ratio": 40.78,
            "inventory_turnover_ratio": 0.24,
            "account_receivable_turnover_ratio": 2.05,
            "reinvestment_rate": 41.68,
            "research_to_sale_ratio": 0.04,
            "price_fair": 112.7,
            "eps_avg_yearly": 3.22,
            "eps_latest_yearly": 5.04,
            "eps_growth_yearly": 102.05
        }
    },
    "months": {
        "2010-12": {
            "month": "2010-12",
            "price": "14.00",
            "revenue": 313075
        },
        "2011-01": {
            "month": "2011-01",
            "price": "13.61",
            "revenue": 268429
        },
        "2011-02": {
            "month": "2011-02",
            "price": "13.72",
            "revenue": 162788
        },
        "2011-03": {
            "month": "2011-03",
            "price": "14.00",
            "revenue": 275740
        },
        "2011-04": {
            "month": "2011-04",
            "price": "14.07",
            "revenue": 491792
        },
        "2011-05": {
            "month": "2011-05",
            "price": "13.95",
            "revenue": 528797
        },
        "2011-06": {
            "month": "2011-06",
            "price": "13.89",
            "revenue": 537799
        },
        "2011-07": {
            "month": "2011-07",
            "price": "13.53",
            "revenue": 518260
        },
        "2011-08": {
            "month": "2011-08",
            "price": "13.37",
            "revenue": 565390
        },
        "2011-09": {
            "month": "2011-09",
            "price": "13.15",
            "revenue": 571377
        },
        "2011-10": {
            "month": "2011-10",
            "price": "12.71",
            "revenue": 578189
        },
        "2011-11": {
            "month": "2011-11",
            "price": "12.22",
            "revenue": 556497
        },
        "2011-12": {
            "month": "2011-12",
            "price": "11.95",
            "revenue": 509674
        },
        "2012-01": {
            "month": "2012-01",
            "price": "11.93",
            "revenue": 630540
        },
        "2012-02": {
            "month": "2012-02",
            "price": "11.89",
            "revenue": 647498
        },
        "2012-03": {
            "month": "2012-03",
            "price": "12.02",
            "revenue": 682406
        },
        "2012-04": {
            "month": "2012-04",
            "price": "12.71",
            "revenue": 645132
        },
        "2012-05": {
            "month": "2012-05",
            "price": "12.67",
            "revenue": 682871
        },
        "2012-06": {
            "month": "2012-06",
            "price": "12.46",
            "revenue": 638157
        },
        "2012-08": {
            "month": "2012-08",
            "price": "12.50",
            "revenue": 677976
        },
        "2012-09": {
            "month": "2012-09",
            "price": "13.02",
            "revenue": 585366
        },
        "2012-10": {
            "month": "2012-10",
            "price": "12.98",
            "revenue": 644295
        },
        "2012-11": {
            "month": "2012-11",
            "price": "13.40",
            "revenue": 572681
        },
        "2012-12": {
            "month": "2012-12",
            "price": "12.46",
            "revenue": 459526
        },
        "2013-01": {
            "month": "2013-01",
            "price": "13.76",
            "revenue": 658471
        },
        "2013-02": {
            "month": "2013-02",
            "price": "13.91",
            "revenue": 592266
        },
        "2013-03": {
            "month": "2013-03",
            "price": "13.93",
            "revenue": 616347
        },
        "2013-04": {
            "month": "2013-04",
            "price": "14.71",
            "revenue": 661344
        },
        "2013-05": {
            "month": "2013-05",
            "price": "14.70",
            "revenue": 680081
        },
        "2013-06": {
            "month": "2013-06",
            "price": "14.83",
            "revenue": 623925
        },
        "2013-07": {
            "month": "2013-07",
            "price": "14.37",
            "revenue": 666723
        },
        "2013-08": {
            "month": "2013-08",
            "price": "14.45",
            "revenue": 640143
        },
        "2013-09": {
            "month": "2013-09",
            "price": "13.82",
            "revenue": 576808
        },
        "2013-10": {
            "month": "2013-10",
            "price": "13.96",
            "revenue": 896382
        },
        "2013-11": {
            "month": "2013-11",
            "price": "13.97",
            "revenue": 866613
        },
        "2013-12": {
            "month": "2013-12",
            "price": "13.98",
            "revenue": 736629
        },
        "2014-01": {
            "month": "2014-01",
            "price": "14.00",
            "revenue": 934539
        },
        "2014-02": {
            "month": "2014-02",
            "price": "14.28",
            "revenue": 873870
        },
        "2014-03": {
            "month": "2014-03",
            "price": "14.36",
            "revenue": 916136
        },
        "2014-04": {
            "month": "2014-04",
            "price": "16.33",
            "revenue": 1038076
        },
        "2014-05": {
            "month": "2014-05",
            "price": "17.70",
            "revenue": 985861
        },
        "2014-06": {
            "month": "2014-06",
            "price": "20.21",
            "revenue": 1016259
        },
        "2014-07": {
            "month": "2014-07",
            "price": "22.31",
            "revenue": 995588
        },
        "2014-08": {
            "month": "2014-08",
            "price": "24.42",
            "revenue": 953993
        },
        "2014-09": {
            "month": "2014-09",
            "price": "25.48",
            "revenue": 947158
        },
        "2014-10": {
            "month": "2014-10",
            "price": "24.29",
            "revenue": 1011985
        },
        "2014-11": {
            "month": "2014-11",
            "price": "23.88",
            "revenue": 820532
        },
        "2014-12": {
            "month": "2014-12",
            "price": "24.03",
            "revenue": 859178
        },
        "2015-01": {
            "month": "2015-01",
            "price": "24.19",
            "revenue": 946921
        },
        "2015-02": {
            "month": "2015-02",
            "price": "26.00",
            "revenue": 895125
        },
        "2015-03": {
            "month": "2015-03",
            "price": "27.82",
            "revenue": 1005712
        },
        "2015-04": {
            "month": "2015-04",
            "price": "24.93",
            "revenue": 986300
        },
        "2015-05": {
            "month": "2015-05",
            "price": "23.74",
            "revenue": 887266
        },
        "2015-06": {
            "month": "2015-06",
            "price": "21.30",
            "revenue": 951700
        },
        "2015-07": {
            "month": "2015-07",
            "price": "18.70",
            "revenue": 937693
        },
        "2015-08": {
            "month": "2015-08",
            "price": "17.08",
            "revenue": 944742
        },
        "2015-09": {
            "month": "2015-09",
            "price": "16.83",
            "revenue": 923716
        },
        "2015-10": {
            "month": "2015-10",
            "price": "16.81",
            "revenue": 915533
        },
        "2015-11": {
            "month": "2015-11",
            "price": "16.30",
            "revenue": 798030
        },
        "2015-12": {
            "month": "2015-12",
            "price": "16.16",
            "revenue": 754376
        },
        "2016-01": {
            "month": "2016-01",
            "price": "16.14",
            "revenue": 854332
        },
        "2016-02": {
            "month": "2016-02",
            "price": "16.28",
            "revenue": 860777
        },
        "2016-03": {
            "month": "2016-03",
            "price": "16.47",
            "revenue": 914938
        },
        "2016-04": {
            "month": "2016-04",
            "price": "15.67",
            "revenue": 863470
        },
        "2016-05": {
            "month": "2016-05",
            "price": "15.15",
            "revenue": 881427
        },
        "2016-06": {
            "month": "2016-06",
            "price": "16.34",
            "revenue": 912416
        },
        "2016-07": {
            "month": "2016-07",
            "price": "19.37",
            "revenue": 785161
        },
        "2016-08": {
            "month": "2016-08",
            "price": "18.71",
            "revenue": 880168
        },
        "2016-09": {
            "month": "2016-09",
            "price": "17.58",
            "revenue": 831263
        },
        "2016-10": {
            "month": "2016-10",
            "price": "16.82",
            "revenue": 808467
        },
        "2016-11": {
            "month": "2016-11",
            "price": "18.25",
            "revenue": 780252
        },
        "2016-12": {
            "month": "2016-12",
            "price": "18.07",
            "revenue": 723370
        },
        "2017-01": {
            "month": "2017-01",
            "price": "18.07",
            "revenue": 887143
        },
        "2017-02": {
            "month": "2017-02",
            "price": "18.19",
            "revenue": 839646
        },
        "2017-03": {
            "month": "2017-03",
            "price": "18.15",
            "revenue": 995911
        },
        "2017-04": {
            "month": "2017-04",
            "price": "18.06",
            "revenue": 857465
        },
        "2017-05": {
            "month": "2017-05",
            "price": "18.01",
            "revenue": 966569
        },
        "2017-06": {
            "month": "2017-06",
            "price": "18.05",
            "revenue": 998599
        },
        "2017-07": {
            "month": "2017-07",
            "price": "18.03",
            "revenue": 827824
        },
        "2017-08": {
            "month": "2017-08",
            "price": "18.13",
            "revenue": 977516
        },
        "2017-09": {
            "month": "2017-09",
            "price": "19.12",
            "revenue": 958197
        },
        "2017-10": {
            "month": "2017-10",
            "price": "23.21",
            "revenue": 1043084
        },
        "2017-11": {
            "month": "2017-11",
            "price": "23.39",
            "revenue": 1010303
        },
        "2017-12": {
            "month": "2017-12",
            "price": "22.77",
            "revenue": 929401
        },
        "2018-01": {
            "month": "2018-01",
            "price": "24.09",
            "revenue": 1153542
        },
        "2018-02": {
            "month": "2018-02",
            "price": "23.07",
            "revenue": 1112128
        },
        "2018-03": {
            "month": "2018-03",
            "price": "24.50",
            "revenue": 1640134
        },
        "2018-04": {
            "month": "2018-04",
            "price": "24.46",
            "revenue": 1290462
        },
        "2018-05": {
            "month": "2018-05",
            "price": "24.79",
            "revenue": 1599607
        },
        "2018-06": {
            "month": "2018-06",
            "price": "30.70",
            "revenue": 1423438
        },
        "2018-07": {
            "month": "2018-07",
            "price": "30.61",
            "revenue": 1388163
        },
        "2018-08": {
            "month": "2018-08",
            "price": "33.98",
            "revenue": 1466937
        },
        "2018-09": {
            "month": "2018-09",
            "price": "34.92",
            "revenue": 1404196
        },
        "2018-10": {
            "month": "2018-10",
            "price": "34.79",
            "revenue": 1559326
        },
        "2018-11": {
            "month": "2018-11",
            "price": "34.73",
            "revenue": 1339185
        },
        "2018-12": {
            "month": "2018-12",
            "price": "34.17",
            "revenue": 1333145
        },
        "2019-01": {
            "month": "2019-01",
            "price": "35.59",
            "revenue": 1586503
        },
        "2019-02": {
            "month": "2019-02",
            "price": "36.31",
            "revenue": 1655964
        },
        "2019-03": {
            "month": "2019-03",
            "price": "35.02",
            "revenue": 1831965
        },
        "2019-04": {
            "month": "2019-04",
            "price": "35.06",
            "revenue": 1581190
        },
        "2019-05": {
            "month": "2019-05",
            "price": "35.07",
            "revenue": 1733184
        },
        "2019-06": {
            "month": "2019-06",
            "price": "35.52",
            "revenue": 1679423
        },
        "2019-07": {
            "month": "2019-07",
            "price": "35.29",
            "revenue": 1802035
        },
        "2019-08": {
            "month": "2019-08",
            "price": "34.58",
            "revenue": 1800752
        },
        "2019-09": {
            "month": "2019-09",
            "price": "35.39",
            "revenue": 1729547
        },
        "2019-10": {
            "month": "2019-10",
            "price": "32.06",
            "revenue": 1527986
        },
        "2019-11": {
            "month": "2019-11",
            "price": "31.01",
            "revenue": 1224870
        },
        "2019-12": {
            "month": "2019-12",
            "price": "28.32",
            "revenue": 1261771
        },
        "2020-01": {
            "month": "2020-01",
            "price": "27.99",
            "revenue": 1391509
        },
        "2020-02": {
            "month": "2020-02",
            "price": "28.07",
            "revenue": 1400031
        },
        "2020-03": {
            "month": "2020-03",
            "price": "27.45",
            "revenue": 1561701
        },
        "2020-04": {
            "month": "2020-04",
            "price": "25.87",
            "revenue": 1176714
        },
        "2020-05": {
            "month": "2020-05",
            "price": "25.80",
            "revenue": 1287084
        },
        "2020-06": {
            "month": "2020-06",
            "price": "26.94",
            "revenue": 1354390
        },
        "2020-07": {
            "month": "2020-07",
            "price": "26.63",
            "revenue": 1157155
        },
        "2020-08": {
            "month": "2020-08",
            "price": "25.87",
            "revenue": 1166983
        },
        "2020-09": {
            "month": "2020-09",
            "price": "25.79",
            "revenue": 1227278
        },
        "2020-10": {
            "month": "2020-10",
            "price": "25.63",
            "revenue": 1211755
        },
        "2020-11": {
            "month": "2020-11",
            "price": "25.90",
            "revenue": 1106851
        },
        "2020-12": {
            "month": "2020-12",
            "price": "28.46",
            "revenue": 1162038
        },
        "2021-01": {
            "month": "2021-01",
            "price": "26.38",
            "revenue": 1274435
        },
        "2021-02": {
            "month": "2021-02",
            "price": "26.17",
            "revenue": 1360055
        },
        "2021-03": {
            "month": "2021-03",
            "price": "26.54",
            "revenue": 1779906
        },
        "2021-04": {
            "month": "2021-04",
            "price": "33.64",
            "revenue": 1659696
        },
        "2021-05": {
            "month": "2021-05",
            "price": "33.24",
            "revenue": 1620083
        },
        "2021-06": {
            "month": "2021-06",
            "price": "33.56",
            "revenue": 1950019
        },
        "2021-07": {
            "month": "2021-07",
            "price": "39.82",
            "revenue": 2161334
        },
        "2021-08": {
            "month": "2021-08",
            "price": "38.85",
            "revenue": 2443882
        },
        "2021-09": {
            "month": "2021-09",
            "price": "40.00",
            "revenue": 1784393
        },
        "2021-10": {
            "month": "2021-10",
            "price": "35.29",
            "revenue": 1836212
        },
        "2021-11": {
            "month": "2021-11",
            "price": "34.99",
            "revenue": 1882077
        },
        "2021-12": {
            "month": "2021-12",
            "price": "36.61",
            "revenue": 1780026
        },
        "2022-01": {
            "month": "2022-01",
            "price": "38.45",
            "revenue": 1959125
        },
        "2022-02": {
            "month": "2022-02",
            "price": "40.58",
            "revenue": 1824229
        },
        "2022-03": {
            "month": "2022-03",
            "price": "40.07",
            "revenue": 2455153
        },
        "2022-04": {
            "month": "2022-04",
            "price": "38.42",
            "revenue": 2248928
        },
        "2022-05": {
            "month": "2022-05",
            "price": "35.39",
            "revenue": 2277494
        },
        "2022-06": {
            "month": "2022-06",
            "price": "35.10",
            "revenue": 2340937
        },
        "2022-07": {
            "month": "2022-07",
            "price": "34.55",
            "revenue": 2126123
        },
        "2022-08": {
            "month": "2022-08",
            "price": "34.57",
            "revenue": 2444359
        },
        "2022-09": {
            "month": "2022-09",
            "price": "33.76",
            "revenue": 2310513
        },
        "2022-10": {
            "month": "2022-10",
            "price": "33.46",
            "revenue": 2313363
        },
        "2022-11": {
            "month": "2022-11",
            "price": "34.37",
            "revenue": 1989965
        },
        "2022-12": {
            "month": "2022-12",
            "price": "37.73",
            "revenue": 1934247
        },
        "2023-01": {
            "month": "2023-01",
            "price": "37.81",
            "revenue": 2107535
        },
        "2023-02": {
            "month": "2023-02",
            "price": "38.30",
            "revenue": 2116138
        },
        "2023-03": {
            "month": "2023-03",
            "price": "37.48",
            "revenue": 2411096
        },
        "2023-04": {
            "month": "2023-04",
            "price": "35.87",
            "revenue": 1983318
        },
        "2023-05": {
            "month": "2023-05",
            "price": "35.24",
            "revenue": 2195032
        },
        "2023-06": {
            "month": "2023-06",
            "price": "35.44",
            "revenue": 2240610
        },
        "2023-07": {
            "month": "2023-07",
            "price": "34.45",
            "revenue": 1926734
        },
        "2023-08": {
            "month": "2023-08",
            "price": "33.18",
            "revenue": 2172332
        },
        "2023-09": {
            "month": "2023-09",
            "price": "33.74",
            "revenue": 1907758
        },
        "2023-10": {
            "month": "2023-10",
            "price": "33.46",
            "revenue": 2122510
        },
        "2023-11": {
            "month": "2023-11",
            "price": "33.96",
            "revenue": 1884441
        }
    }
}
