{
    "summary": {
        "stock_name": "實威",
        "stock_id": "8416",
        "category": "資訊服務",
        "main_business": "3D 繪圖軟體 ( SOLIDWORKS)<br>3D CAD/CAM/CAE/CAID軟體銷售<br>PDM產品研發生產及銷售, 顧問輔導與客製化服務",
        "website_url": "http://www.swtc.com",
        "ceo": "許泰源",
        "pe_ratio": 14,
        "report_year_from": 2009,
        "report_year_to": 2023,
        "age": 14,
        "eps_negative_percentage": 0,
        "eps_growth_avg": {
            "last_all": 16.61,
            "last_2y": 4.96,
            "last_4y": 4.14,
            "last_8y": 6.81,
            "last_12y": null,
            "last_16y": null,
            "last_20y": null,
            "at_2006_last_3y": null,
            "at_2007_last_3y": null,
            "at_2008_last_3y": null,
            "at_2009_last_3y": null,
            "at_2010_last_3y": null,
            "at_2011_last_3y": null,
            "at_2012_last_3y": null,
            "at_2013_last_3y": null,
            "at_2014_last_3y": null,
            "at_2015_last_3y": 37.68,
            "at_2016_last_3y": 11.39,
            "at_2017_last_3y": 10.16,
            "at_2018_last_3y": 8.49,
            "at_2019_last_3y": 4.29,
            "at_2020_last_3y": 6.91,
            "at_2021_last_3y": 6.3,
            "at_2022_last_3y": 2.56,
            "at_2023_last_3y": 2.56,
            "at_2006_last_all": null,
            "at_2007_last_all": null,
            "at_2008_last_all": null,
            "at_2009_last_all": null,
            "at_2010_last_all": null,
            "at_2011_last_all": null,
            "at_2012_last_all": null,
            "at_2013_last_all": 60.71,
            "at_2014_last_all": 46.19,
            "at_2015_last_all": 37.68,
            "at_2016_last_all": 29.11,
            "at_2017_last_all": 27.01,
            "at_2018_last_all": 24.65,
            "at_2019_last_all": 20.99,
            "at_2020_last_all": 19.24,
            "at_2021_last_all": 18.72,
            "at_2022_last_all": 16.61,
            "at_2023_last_all": 16.61
        },
        "latest_eps": 10.5,
        "latest_price": 145.5,
        "latest_roe": 21.39,
        "latest_gross_margin": 53.38,
        "latest_equity": 1424394,
        "latest_revenue": 313733,
        "latest_gross_profit": 167482,
        "latest_net_income": 59935,
        "latest_debt_ratio": 17.83,
        "latest_current_ratio": 533.26,
        "latest_account_receivable_turnover_ratio": 0.8,
        "latest_inventory_turnover_ratio": 2.24,
        "latest_reinvestment_rate": -0.12,
        "latest_research_to_sale_ratio": 8.72
    },
    "eps_dividends": {
        "2001": {
            "cash": 0,
            "stock": 0,
            "eps": 0
        },
        "2002": {
            "cash": 0,
            "stock": 0,
            "eps": 0
        },
        "2003": {
            "cash": 0,
            "stock": 0,
            "eps": 0
        },
        "2004": {
            "cash": 0,
            "stock": 0,
            "eps": 0
        },
        "2005": {
            "cash": 0,
            "stock": 0,
            "eps": 0
        },
        "2006": {
            "cash": 0,
            "stock": 0,
            "eps": 0
        },
        "2007": {
            "cash": 0,
            "stock": 0,
            "eps": 0
        },
        "2008": {
            "cash": 0,
            "stock": 0,
            "eps": 0
        },
        "2009": {
            "cash": 0,
            "stock": 0,
            "eps": 0
        },
        "2010": {
            "cash": 3,
            "stock": 1,
            "eps": 0
        },
        "2011": {
            "cash": 4,
            "stock": 1,
            "eps": 1.98
        },
        "2012": {
            "cash": 5,
            "stock": 0,
            "eps": 5.09
        },
        "2013": {
            "cash": 4,
            "stock": 0,
            "eps": 6.18
        },
        "2014": {
            "cash": 5,
            "stock": 0,
            "eps": 7.24
        },
        "2015": {
            "cash": 6,
            "stock": 0,
            "eps": 8.12
        },
        "2016": {
            "cash": 6,
            "stock": 0,
            "eps": 7.7
        },
        "2017": {
            "cash": 6,
            "stock": 0,
            "eps": 8.97
        },
        "2018": {
            "cash": 6,
            "stock": 1,
            "eps": 9.91
        },
        "2019": {
            "cash": 8,
            "stock": 0,
            "eps": 9.45
        },
        "2020": {
            "cash": 7,
            "stock": 0,
            "eps": 9.95
        },
        "2021": {
            "cash": 7,
            "stock": 0,
            "eps": 11.35
        },
        "2022": {
            "cash": 8,
            "stock": 0,
            "eps": 10.84
        },
        "2023": {
            "cash": 8,
            "stock": 0,
            "eps": 2.12
        }
    },
    "dividends": {
        "2010-05-14": {
            "cash": 3.4,
            "stock": 1
        },
        "2011-04-11": {
            "cash": 4,
            "stock": 1
        },
        "2012-06-05": {
            "cash": 5,
            "stock": 0
        },
        "2013-06-24": {
            "cash": 4,
            "stock": 0
        },
        "2014-06-10": {
            "cash": 5,
            "stock": 0
        },
        "2015-07-24": {
            "cash": 5.5,
            "stock": 0
        },
        "2016-07-18": {
            "cash": 6,
            "stock": 0
        },
        "2017-07-21": {
            "cash": 6,
            "stock": 0
        },
        "2018-07-24": {
            "cash": 6,
            "stock": 1
        },
        "2019-07-10": {
            "cash": 7.5,
            "stock": 0
        },
        "2020-07-10": {
            "cash": 7,
            "stock": 0
        },
        "2021-08-27": {
            "cash": 7,
            "stock": 0
        },
        "2022-07-06": {
            "cash": 8,
            "stock": 0
        },
        "2023-03-14": {
            "cash": 8,
            "stock": 0
        }
    },
    "prices": {
        "200101": "無",
        "200102": "無",
        "200103": "無",
        "200104": "無",
        "200105": "無",
        "200106": "無",
        "200107": "無",
        "200108": "無",
        "200109": "無",
        "200110": "無",
        "200111": "無",
        "200112": "無",
        "200201": "無",
        "200202": "無",
        "200203": "無",
        "200204": "無",
        "200205": "無",
        "200206": "無",
        "200207": "無",
        "200208": "無",
        "200209": "無",
        "200210": "無",
        "200211": "無",
        "200212": "無",
        "200301": "無",
        "200302": "無",
        "200303": "無",
        "200304": "無",
        "200305": "無",
        "200306": "無",
        "200307": "無",
        "200308": "無",
        "200309": "無",
        "200310": "無",
        "200311": "無",
        "200312": "無",
        "200401": "無",
        "200402": "無",
        "200403": "無",
        "200404": "無",
        "200405": "無",
        "200406": "無",
        "200407": "無",
        "200408": "無",
        "200409": "無",
        "200410": "無",
        "200411": "無",
        "200412": "無",
        "200501": "無",
        "200502": "無",
        "200503": "無",
        "200504": "無",
        "200505": "無",
        "200506": "無",
        "200507": "無",
        "200508": "無",
        "200509": "無",
        "200510": "無",
        "200511": "無",
        "200512": "無",
        "200601": "無",
        "200602": "無",
        "200603": "無",
        "200604": "無",
        "200605": "無",
        "200606": "無",
        "200607": "無",
        "200608": "無",
        "200609": "無",
        "200610": "無",
        "200611": "無",
        "200612": "無",
        "200701": "無",
        "200702": "無",
        "200703": "無",
        "200704": "無",
        "200705": "無",
        "200706": "無",
        "200707": "無",
        "200708": "無",
        "200709": "無",
        "200710": "無",
        "200711": "無",
        "200712": "無",
        "200801": "無",
        "200802": "無",
        "200803": "無",
        "200804": "無",
        "200805": "無",
        "200806": "無",
        "200807": "無",
        "200808": "無",
        "200809": "無",
        "200810": "無",
        "200811": "無",
        "200812": "無",
        "200901": "無",
        "200902": "無",
        "200903": "無",
        "200904": "無",
        "200905": "無",
        "200906": "無",
        "200907": "無",
        "200908": "無",
        "200909": "無",
        "200910": "無",
        "200911": "無",
        "200912": "無",
        "201001": "無",
        "201002": "無",
        "201003": "無",
        "201004": "無",
        "201005": "無",
        "201006": "無",
        "201007": "無",
        "201008": "無",
        "201009": "無",
        "201010": "無",
        "201011": "無",
        "201012": "無",
        "201101": "無",
        "201102": "無",
        "201103": "69.05",
        "201104": "73.03",
        "201105": "84.62",
        "201106": "81.56",
        "201107": "78.92",
        "201108": "67.00",
        "201109": "63.63",
        "201110": "59.20",
        "201111": "60.95",
        "201112": "62.83",
        "201201": "64.34",
        "201202": "66.79",
        "201203": "70.23",
        "201204": "68.89",
        "201205": "67.16",
        "201206": "63.41",
        "201207": "61.84",
        "201208": "63.32",
        "201209": "64.24",
        "201210": "56.71",
        "201211": "51.23",
        "201212": "53.33",
        "201301": "56.05",
        "201302": "60.61",
        "201303": "72.91",
        "201304": "113.01",
        "201305": "119.00",
        "201306": "204.71",
        "201307": "199.28",
        "201308": "185.10",
        "201309": "162.02",
        "201310": "148.91",
        "201311": "169.24",
        "201312": "190.59",
        "201401": "180.28",
        "201402": "166.97",
        "201403": "162.40",
        "201404": "160.26",
        "201405": "162.00",
        "201406": "167.50",
        "201407": "154.57",
        "201408": "146.21",
        "201409": "150.19",
        "201410": "130.16",
        "201411": "124.95",
        "201412": "127.44",
        "201501": "129.25",
        "201502": "130.77",
        "201503": "131.34",
        "201504": "146.48",
        "201505": "132.55",
        "201506": "116.79",
        "201507": "110.32",
        "201508": "102.73",
        "201509": "92.92",
        "201510": "103.11",
        "201511": "100.90",
        "201512": "98.28",
        "201601": "90.75",
        "201602": "93.75",
        "201603": "107.39",
        "201604": "111.08",
        "201605": "101.11",
        "201606": "102.31",
        "201607": "98.28",
        "201608": "99.12",
        "201609": "98.17",
        "201610": "94.36",
        "201611": "86.96",
        "201612": "87.62",
        "201701": "88.30",
        "201702": "89.03",
        "201703": "92.71",
        "201704": "92.33",
        "201705": "91.41",
        "201706": "101.23",
        "201707": "100.62",
        "201708": "95.09",
        "201709": "93.79",
        "201710": "93.46",
        "201711": "95.06",
        "201712": "95.71",
        "201801": "105.98",
        "201802": "110.00",
        "201803": "131.93",
        "201804": "150.19",
        "201805": "140.50",
        "201806": "141.62",
        "201807": "122.36",
        "201808": "120.20",
        "201809": "119.89",
        "201810": "116.68",
        "201811": "116.41",
        "201812": "122.67",
        "201901": "127.38",
        "201902": "126.77",
        "201903": "125.42",
        "201904": "124.35",
        "201905": "121.02",
        "201906": "120.42",
        "201907": "117.09",
        "201908": "112.64",
        "201909": "114.37",
        "201910": "112.02",
        "201911": "110.55",
        "201912": "115.05",
        "202001": "118.03",
        "202002": "118.45",
        "202003": "108.41",
        "202004": "109.48",
        "202005": "114.90",
        "202006": "117.80",
        "202007": "111.93",
        "202008": "110.98",
        "202009": "107.86",
        "202010": "109.63",
        "202011": "114.71",
        "202012": "114.17",
        "202101": "124.40",
        "202102": "121.88",
        "202103": "124.07",
        "202104": "124.55",
        "202105": "118.69",
        "202106": "119.48",
        "202107": "124.68",
        "202108": "119.93",
        "202109": "120.58",
        "202110": "117.02",
        "202111": "119.02",
        "202112": "119.16",
        "202201": "122.08",
        "202202": "123.32",
        "202203": "125.04",
        "202204": "130.03",
        "202205": "131.02",
        "202206": "126.78",
        "202207": "121.88",
        "202208": "122.80",
        "202209": "120.75",
        "202210": "113.18",
        "202211": "112.25",
        "202212": "114.40",
        "202301": "116.38",
        "202302": "118.28",
        "202303": "124.48",
        "202304": "138.62",
        "202305": "146.50"
    },
    "quarters": {
        "20011": {
            "year_quarter": 20011,
            "year": 2001,
            "quarter": 1,
            "eps": null,
            "eps_growth_year": null,
            "eps_4q": null,
            "eps_4q_growth_year": null,
            "roe": null,
            "roe_4q": 0,
            "gross_profit": null,
            "gross_margin": null,
            "gross_margin_4q_avg": 0,
            "net_income": null,
            "revenue": null,
            "common_shares": null,
            "book_valuer_per_share": null,
            "book_valuer_per_share_4q_avg": 0,
            "equity": null,
            "current_ratio": null,
            "debt_ratio": null,
            "inventory_turnover_ratio": null,
            "account_receivable_turnover_ratio": null,
            "reinvestment_rate": null,
            "research_to_sale_ratio": null,
            "price_fair": 0,
            "eps_avg_yearly": 0,
            "eps_latest_yearly": 0,
            "eps_growth_yearly": 0
        },
        "20012": {
            "year_quarter": 20012,
            "year": 2001,
            "quarter": 2,
            "eps": null,
            "eps_growth_year": null,
            "eps_4q": null,
            "eps_4q_growth_year": null,
            "roe": null,
            "roe_4q": 0,
            "gross_profit": null,
            "gross_margin": null,
            "gross_margin_4q_avg": 0,
            "net_income": null,
            "revenue": null,
            "common_shares": null,
            "book_valuer_per_share": null,
            "book_valuer_per_share_4q_avg": 0,
            "equity": null,
            "current_ratio": null,
            "debt_ratio": null,
            "inventory_turnover_ratio": null,
            "account_receivable_turnover_ratio": null,
            "reinvestment_rate": null,
            "research_to_sale_ratio": null,
            "price_fair": 0,
            "eps_avg_yearly": 0,
            "eps_latest_yearly": 0,
            "eps_growth_yearly": 0
        },
        "20013": {
            "year_quarter": 20013,
            "year": 2001,
            "quarter": 3,
            "eps": null,
            "eps_growth_year": null,
            "eps_4q": null,
            "eps_4q_growth_year": null,
            "roe": null,
            "roe_4q": 0,
            "gross_profit": null,
            "gross_margin": null,
            "gross_margin_4q_avg": 0,
            "net_income": null,
            "revenue": null,
            "common_shares": null,
            "book_valuer_per_share": null,
            "book_valuer_per_share_4q_avg": 0,
            "equity": null,
            "current_ratio": null,
            "debt_ratio": null,
            "inventory_turnover_ratio": null,
            "account_receivable_turnover_ratio": null,
            "reinvestment_rate": null,
            "research_to_sale_ratio": null,
            "price_fair": 0,
            "eps_avg_yearly": 0,
            "eps_latest_yearly": 0,
            "eps_growth_yearly": 0
        },
        "20014": {
            "year_quarter": 20014,
            "year": 2001,
            "quarter": 4,
            "eps": null,
            "eps_growth_year": null,
            "eps_4q": null,
            "eps_4q_growth_year": null,
            "roe": null,
            "roe_4q": 0,
            "gross_profit": null,
            "gross_margin": null,
            "gross_margin_4q_avg": 0,
            "net_income": null,
            "revenue": null,
            "common_shares": null,
            "book_valuer_per_share": null,
            "book_valuer_per_share_4q_avg": 0,
            "equity": null,
            "current_ratio": null,
            "debt_ratio": null,
            "inventory_turnover_ratio": null,
            "account_receivable_turnover_ratio": null,
            "reinvestment_rate": null,
            "research_to_sale_ratio": null,
            "price_fair": 0,
            "eps_avg_yearly": 0,
            "eps_latest_yearly": 0,
            "eps_growth_yearly": 0
        },
        "20021": {
            "year_quarter": 20021,
            "year": 2002,
            "quarter": 1,
            "eps": null,
            "eps_growth_year": null,
            "eps_4q": null,
            "eps_4q_growth_year": null,
            "roe": null,
            "roe_4q": 0,
            "gross_profit": null,
            "gross_margin": null,
            "gross_margin_4q_avg": 0,
            "net_income": null,
            "revenue": null,
            "common_shares": null,
            "book_valuer_per_share": null,
            "book_valuer_per_share_4q_avg": 0,
            "equity": null,
            "current_ratio": null,
            "debt_ratio": null,
            "inventory_turnover_ratio": null,
            "account_receivable_turnover_ratio": null,
            "reinvestment_rate": null,
            "research_to_sale_ratio": null,
            "price_fair": 0,
            "eps_avg_yearly": 0,
            "eps_latest_yearly": 0,
            "eps_growth_yearly": 0
        },
        "20022": {
            "year_quarter": 20022,
            "year": 2002,
            "quarter": 2,
            "eps": null,
            "eps_growth_year": null,
            "eps_4q": null,
            "eps_4q_growth_year": null,
            "roe": null,
            "roe_4q": 0,
            "gross_profit": null,
            "gross_margin": null,
            "gross_margin_4q_avg": 0,
            "net_income": null,
            "revenue": null,
            "common_shares": null,
            "book_valuer_per_share": null,
            "book_valuer_per_share_4q_avg": 0,
            "equity": null,
            "current_ratio": null,
            "debt_ratio": null,
            "inventory_turnover_ratio": null,
            "account_receivable_turnover_ratio": null,
            "reinvestment_rate": null,
            "research_to_sale_ratio": null,
            "price_fair": 0,
            "eps_avg_yearly": 0,
            "eps_latest_yearly": 0,
            "eps_growth_yearly": 0
        },
        "20023": {
            "year_quarter": 20023,
            "year": 2002,
            "quarter": 3,
            "eps": null,
            "eps_growth_year": null,
            "eps_4q": null,
            "eps_4q_growth_year": null,
            "roe": null,
            "roe_4q": 0,
            "gross_profit": null,
            "gross_margin": null,
            "gross_margin_4q_avg": 0,
            "net_income": null,
            "revenue": null,
            "common_shares": null,
            "book_valuer_per_share": null,
            "book_valuer_per_share_4q_avg": 0,
            "equity": null,
            "current_ratio": null,
            "debt_ratio": null,
            "inventory_turnover_ratio": null,
            "account_receivable_turnover_ratio": null,
            "reinvestment_rate": null,
            "research_to_sale_ratio": null,
            "price_fair": 0,
            "eps_avg_yearly": 0,
            "eps_latest_yearly": 0,
            "eps_growth_yearly": 0
        },
        "20024": {
            "year_quarter": 20024,
            "year": 2002,
            "quarter": 4,
            "eps": null,
            "eps_growth_year": null,
            "eps_4q": null,
            "eps_4q_growth_year": null,
            "roe": null,
            "roe_4q": 0,
            "gross_profit": null,
            "gross_margin": null,
            "gross_margin_4q_avg": 0,
            "net_income": null,
            "revenue": null,
            "common_shares": null,
            "book_valuer_per_share": null,
            "book_valuer_per_share_4q_avg": 0,
            "equity": null,
            "current_ratio": null,
            "debt_ratio": null,
            "inventory_turnover_ratio": null,
            "account_receivable_turnover_ratio": null,
            "reinvestment_rate": null,
            "research_to_sale_ratio": null,
            "price_fair": 0,
            "eps_avg_yearly": 0,
            "eps_latest_yearly": 0,
            "eps_growth_yearly": 0
        },
        "20031": {
            "year_quarter": 20031,
            "year": 2003,
            "quarter": 1,
            "eps": null,
            "eps_growth_year": null,
            "eps_4q": null,
            "eps_4q_growth_year": null,
            "roe": null,
            "roe_4q": 0,
            "gross_profit": null,
            "gross_margin": null,
            "gross_margin_4q_avg": 0,
            "net_income": null,
            "revenue": null,
            "common_shares": null,
            "book_valuer_per_share": null,
            "book_valuer_per_share_4q_avg": 0,
            "equity": null,
            "current_ratio": null,
            "debt_ratio": null,
            "inventory_turnover_ratio": null,
            "account_receivable_turnover_ratio": null,
            "reinvestment_rate": null,
            "research_to_sale_ratio": null,
            "price_fair": 0,
            "eps_avg_yearly": 0,
            "eps_latest_yearly": 0,
            "eps_growth_yearly": 0
        },
        "20032": {
            "year_quarter": 20032,
            "year": 2003,
            "quarter": 2,
            "eps": null,
            "eps_growth_year": null,
            "eps_4q": null,
            "eps_4q_growth_year": null,
            "roe": null,
            "roe_4q": 0,
            "gross_profit": null,
            "gross_margin": null,
            "gross_margin_4q_avg": 0,
            "net_income": null,
            "revenue": null,
            "common_shares": null,
            "book_valuer_per_share": null,
            "book_valuer_per_share_4q_avg": 0,
            "equity": null,
            "current_ratio": null,
            "debt_ratio": null,
            "inventory_turnover_ratio": null,
            "account_receivable_turnover_ratio": null,
            "reinvestment_rate": null,
            "research_to_sale_ratio": null,
            "price_fair": 0,
            "eps_avg_yearly": 0,
            "eps_latest_yearly": 0,
            "eps_growth_yearly": 0
        },
        "20033": {
            "year_quarter": 20033,
            "year": 2003,
            "quarter": 3,
            "eps": null,
            "eps_growth_year": null,
            "eps_4q": null,
            "eps_4q_growth_year": null,
            "roe": null,
            "roe_4q": 0,
            "gross_profit": null,
            "gross_margin": null,
            "gross_margin_4q_avg": 0,
            "net_income": null,
            "revenue": null,
            "common_shares": null,
            "book_valuer_per_share": null,
            "book_valuer_per_share_4q_avg": 0,
            "equity": null,
            "current_ratio": null,
            "debt_ratio": null,
            "inventory_turnover_ratio": null,
            "account_receivable_turnover_ratio": null,
            "reinvestment_rate": null,
            "research_to_sale_ratio": null,
            "price_fair": 0,
            "eps_avg_yearly": 0,
            "eps_latest_yearly": 0,
            "eps_growth_yearly": 0
        },
        "20034": {
            "year_quarter": 20034,
            "year": 2003,
            "quarter": 4,
            "eps": null,
            "eps_growth_year": null,
            "eps_4q": null,
            "eps_4q_growth_year": null,
            "roe": null,
            "roe_4q": 0,
            "gross_profit": null,
            "gross_margin": null,
            "gross_margin_4q_avg": 0,
            "net_income": null,
            "revenue": null,
            "common_shares": null,
            "book_valuer_per_share": null,
            "book_valuer_per_share_4q_avg": 0,
            "equity": null,
            "current_ratio": null,
            "debt_ratio": null,
            "inventory_turnover_ratio": null,
            "account_receivable_turnover_ratio": null,
            "reinvestment_rate": null,
            "research_to_sale_ratio": null,
            "price_fair": 0,
            "eps_avg_yearly": 0,
            "eps_latest_yearly": 0,
            "eps_growth_yearly": 0
        },
        "20041": {
            "year_quarter": 20041,
            "year": 2004,
            "quarter": 1,
            "eps": null,
            "eps_growth_year": null,
            "eps_4q": null,
            "eps_4q_growth_year": null,
            "roe": null,
            "roe_4q": 0,
            "gross_profit": null,
            "gross_margin": null,
            "gross_margin_4q_avg": 0,
            "net_income": null,
            "revenue": null,
            "common_shares": null,
            "book_valuer_per_share": null,
            "book_valuer_per_share_4q_avg": 0,
            "equity": null,
            "current_ratio": null,
            "debt_ratio": null,
            "inventory_turnover_ratio": null,
            "account_receivable_turnover_ratio": null,
            "reinvestment_rate": null,
            "research_to_sale_ratio": null,
            "price_fair": 0,
            "eps_avg_yearly": 0,
            "eps_latest_yearly": 0,
            "eps_growth_yearly": 0
        },
        "20042": {
            "year_quarter": 20042,
            "year": 2004,
            "quarter": 2,
            "eps": null,
            "eps_growth_year": null,
            "eps_4q": null,
            "eps_4q_growth_year": null,
            "roe": null,
            "roe_4q": 0,
            "gross_profit": null,
            "gross_margin": null,
            "gross_margin_4q_avg": 0,
            "net_income": null,
            "revenue": null,
            "common_shares": null,
            "book_valuer_per_share": null,
            "book_valuer_per_share_4q_avg": 0,
            "equity": null,
            "current_ratio": null,
            "debt_ratio": null,
            "inventory_turnover_ratio": null,
            "account_receivable_turnover_ratio": null,
            "reinvestment_rate": null,
            "research_to_sale_ratio": null,
            "price_fair": 0,
            "eps_avg_yearly": 0,
            "eps_latest_yearly": 0,
            "eps_growth_yearly": 0
        },
        "20043": {
            "year_quarter": 20043,
            "year": 2004,
            "quarter": 3,
            "eps": null,
            "eps_growth_year": null,
            "eps_4q": null,
            "eps_4q_growth_year": null,
            "roe": null,
            "roe_4q": 0,
            "gross_profit": null,
            "gross_margin": null,
            "gross_margin_4q_avg": 0,
            "net_income": null,
            "revenue": null,
            "common_shares": null,
            "book_valuer_per_share": null,
            "book_valuer_per_share_4q_avg": 0,
            "equity": null,
            "current_ratio": null,
            "debt_ratio": null,
            "inventory_turnover_ratio": null,
            "account_receivable_turnover_ratio": null,
            "reinvestment_rate": null,
            "research_to_sale_ratio": null,
            "price_fair": 0,
            "eps_avg_yearly": 0,
            "eps_latest_yearly": 0,
            "eps_growth_yearly": 0
        },
        "20044": {
            "year_quarter": 20044,
            "year": 2004,
            "quarter": 4,
            "eps": null,
            "eps_growth_year": null,
            "eps_4q": null,
            "eps_4q_growth_year": null,
            "roe": null,
            "roe_4q": 0,
            "gross_profit": null,
            "gross_margin": null,
            "gross_margin_4q_avg": 0,
            "net_income": null,
            "revenue": null,
            "common_shares": null,
            "book_valuer_per_share": null,
            "book_valuer_per_share_4q_avg": 0,
            "equity": null,
            "current_ratio": null,
            "debt_ratio": null,
            "inventory_turnover_ratio": null,
            "account_receivable_turnover_ratio": null,
            "reinvestment_rate": null,
            "research_to_sale_ratio": null,
            "price_fair": 0,
            "eps_avg_yearly": 0,
            "eps_latest_yearly": 0,
            "eps_growth_yearly": 0
        },
        "20051": {
            "year_quarter": 20051,
            "year": 2005,
            "quarter": 1,
            "eps": null,
            "eps_growth_year": null,
            "eps_4q": null,
            "eps_4q_growth_year": null,
            "roe": null,
            "roe_4q": 0,
            "gross_profit": null,
            "gross_margin": null,
            "gross_margin_4q_avg": 0,
            "net_income": null,
            "revenue": null,
            "common_shares": null,
            "book_valuer_per_share": null,
            "book_valuer_per_share_4q_avg": 0,
            "equity": null,
            "current_ratio": null,
            "debt_ratio": null,
            "inventory_turnover_ratio": null,
            "account_receivable_turnover_ratio": null,
            "reinvestment_rate": null,
            "research_to_sale_ratio": null,
            "price_fair": 0,
            "eps_avg_yearly": 0,
            "eps_latest_yearly": 0,
            "eps_growth_yearly": 0
        },
        "20052": {
            "year_quarter": 20052,
            "year": 2005,
            "quarter": 2,
            "eps": null,
            "eps_growth_year": null,
            "eps_4q": null,
            "eps_4q_growth_year": null,
            "roe": null,
            "roe_4q": 0,
            "gross_profit": null,
            "gross_margin": null,
            "gross_margin_4q_avg": 0,
            "net_income": null,
            "revenue": null,
            "common_shares": null,
            "book_valuer_per_share": null,
            "book_valuer_per_share_4q_avg": 0,
            "equity": null,
            "current_ratio": null,
            "debt_ratio": null,
            "inventory_turnover_ratio": null,
            "account_receivable_turnover_ratio": null,
            "reinvestment_rate": null,
            "research_to_sale_ratio": null,
            "price_fair": 0,
            "eps_avg_yearly": 0,
            "eps_latest_yearly": 0,
            "eps_growth_yearly": 0
        },
        "20053": {
            "year_quarter": 20053,
            "year": 2005,
            "quarter": 3,
            "eps": null,
            "eps_growth_year": null,
            "eps_4q": null,
            "eps_4q_growth_year": null,
            "roe": null,
            "roe_4q": 0,
            "gross_profit": null,
            "gross_margin": null,
            "gross_margin_4q_avg": 0,
            "net_income": null,
            "revenue": null,
            "common_shares": null,
            "book_valuer_per_share": null,
            "book_valuer_per_share_4q_avg": 0,
            "equity": null,
            "current_ratio": null,
            "debt_ratio": null,
            "inventory_turnover_ratio": null,
            "account_receivable_turnover_ratio": null,
            "reinvestment_rate": null,
            "research_to_sale_ratio": null,
            "price_fair": 0,
            "eps_avg_yearly": 0,
            "eps_latest_yearly": 0,
            "eps_growth_yearly": 0
        },
        "20054": {
            "year_quarter": 20054,
            "year": 2005,
            "quarter": 4,
            "eps": null,
            "eps_growth_year": null,
            "eps_4q": null,
            "eps_4q_growth_year": null,
            "roe": null,
            "roe_4q": 0,
            "gross_profit": null,
            "gross_margin": null,
            "gross_margin_4q_avg": 0,
            "net_income": null,
            "revenue": null,
            "common_shares": 10000,
            "book_valuer_per_share": null,
            "book_valuer_per_share_4q_avg": 0,
            "equity": null,
            "current_ratio": null,
            "debt_ratio": null,
            "inventory_turnover_ratio": null,
            "account_receivable_turnover_ratio": null,
            "reinvestment_rate": null,
            "research_to_sale_ratio": null,
            "price_fair": 0,
            "eps_avg_yearly": 0,
            "eps_latest_yearly": 0,
            "eps_growth_yearly": 0
        },
        "20061": {
            "year_quarter": 20061,
            "year": 2006,
            "quarter": 1,
            "eps": null,
            "eps_growth_year": null,
            "eps_4q": null,
            "eps_4q_growth_year": null,
            "roe": null,
            "roe_4q": 0,
            "gross_profit": null,
            "gross_margin": null,
            "gross_margin_4q_avg": 0,
            "net_income": null,
            "revenue": null,
            "common_shares": null,
            "book_valuer_per_share": null,
            "book_valuer_per_share_4q_avg": 0,
            "equity": null,
            "current_ratio": null,
            "debt_ratio": null,
            "inventory_turnover_ratio": null,
            "account_receivable_turnover_ratio": null,
            "reinvestment_rate": null,
            "research_to_sale_ratio": null,
            "price_fair": 0,
            "eps_avg_yearly": 0,
            "eps_latest_yearly": 0,
            "eps_growth_yearly": 0
        },
        "20062": {
            "year_quarter": 20062,
            "year": 2006,
            "quarter": 2,
            "eps": null,
            "eps_growth_year": null,
            "eps_4q": null,
            "eps_4q_growth_year": null,
            "roe": null,
            "roe_4q": 0,
            "gross_profit": null,
            "gross_margin": null,
            "gross_margin_4q_avg": 0,
            "net_income": null,
            "revenue": null,
            "common_shares": null,
            "book_valuer_per_share": null,
            "book_valuer_per_share_4q_avg": 0,
            "equity": null,
            "current_ratio": null,
            "debt_ratio": null,
            "inventory_turnover_ratio": null,
            "account_receivable_turnover_ratio": null,
            "reinvestment_rate": null,
            "research_to_sale_ratio": null,
            "price_fair": 0,
            "eps_avg_yearly": 0,
            "eps_latest_yearly": 0,
            "eps_growth_yearly": 0
        },
        "20063": {
            "year_quarter": 20063,
            "year": 2006,
            "quarter": 3,
            "eps": null,
            "eps_growth_year": null,
            "eps_4q": null,
            "eps_4q_growth_year": null,
            "roe": null,
            "roe_4q": 0,
            "gross_profit": null,
            "gross_margin": null,
            "gross_margin_4q_avg": 0,
            "net_income": null,
            "revenue": null,
            "common_shares": null,
            "book_valuer_per_share": null,
            "book_valuer_per_share_4q_avg": 0,
            "equity": null,
            "current_ratio": null,
            "debt_ratio": null,
            "inventory_turnover_ratio": null,
            "account_receivable_turnover_ratio": null,
            "reinvestment_rate": null,
            "research_to_sale_ratio": null,
            "price_fair": 0,
            "eps_avg_yearly": 0,
            "eps_latest_yearly": 0,
            "eps_growth_yearly": 0
        },
        "20064": {
            "year_quarter": 20064,
            "year": 2006,
            "quarter": 4,
            "eps": null,
            "eps_growth_year": null,
            "eps_4q": null,
            "eps_4q_growth_year": null,
            "roe": null,
            "roe_4q": 0,
            "gross_profit": null,
            "gross_margin": null,
            "gross_margin_4q_avg": 0,
            "net_income": null,
            "revenue": null,
            "common_shares": 10000,
            "book_valuer_per_share": null,
            "book_valuer_per_share_4q_avg": 0,
            "equity": null,
            "current_ratio": null,
            "debt_ratio": null,
            "inventory_turnover_ratio": null,
            "account_receivable_turnover_ratio": null,
            "reinvestment_rate": null,
            "research_to_sale_ratio": null,
            "price_fair": 0,
            "eps_avg_yearly": 0,
            "eps_latest_yearly": 0,
            "eps_growth_yearly": 0
        },
        "20071": {
            "year_quarter": 20071,
            "year": 2007,
            "quarter": 1,
            "eps": null,
            "eps_growth_year": null,
            "eps_4q": null,
            "eps_4q_growth_year": null,
            "roe": null,
            "roe_4q": 0,
            "gross_profit": null,
            "gross_margin": null,
            "gross_margin_4q_avg": 0,
            "net_income": null,
            "revenue": null,
            "common_shares": null,
            "book_valuer_per_share": null,
            "book_valuer_per_share_4q_avg": 0,
            "equity": null,
            "current_ratio": null,
            "debt_ratio": null,
            "inventory_turnover_ratio": null,
            "account_receivable_turnover_ratio": null,
            "reinvestment_rate": null,
            "research_to_sale_ratio": null,
            "price_fair": 0,
            "eps_avg_yearly": 0,
            "eps_latest_yearly": 0,
            "eps_growth_yearly": 0
        },
        "20072": {
            "year_quarter": 20072,
            "year": 2007,
            "quarter": 2,
            "eps": null,
            "eps_growth_year": null,
            "eps_4q": null,
            "eps_4q_growth_year": null,
            "roe": null,
            "roe_4q": 0,
            "gross_profit": null,
            "gross_margin": null,
            "gross_margin_4q_avg": 0,
            "net_income": null,
            "revenue": null,
            "common_shares": null,
            "book_valuer_per_share": null,
            "book_valuer_per_share_4q_avg": 0,
            "equity": null,
            "current_ratio": null,
            "debt_ratio": null,
            "inventory_turnover_ratio": null,
            "account_receivable_turnover_ratio": null,
            "reinvestment_rate": null,
            "research_to_sale_ratio": null,
            "price_fair": 0,
            "eps_avg_yearly": 0,
            "eps_latest_yearly": 0,
            "eps_growth_yearly": 0
        },
        "20073": {
            "year_quarter": 20073,
            "year": 2007,
            "quarter": 3,
            "eps": null,
            "eps_growth_year": null,
            "eps_4q": null,
            "eps_4q_growth_year": null,
            "roe": null,
            "roe_4q": 0,
            "gross_profit": null,
            "gross_margin": null,
            "gross_margin_4q_avg": 0,
            "net_income": null,
            "revenue": null,
            "common_shares": null,
            "book_valuer_per_share": null,
            "book_valuer_per_share_4q_avg": 0,
            "equity": null,
            "current_ratio": null,
            "debt_ratio": null,
            "inventory_turnover_ratio": null,
            "account_receivable_turnover_ratio": null,
            "reinvestment_rate": null,
            "research_to_sale_ratio": null,
            "price_fair": 0,
            "eps_avg_yearly": 0,
            "eps_latest_yearly": 0,
            "eps_growth_yearly": 0
        },
        "20074": {
            "year_quarter": 20074,
            "year": 2007,
            "quarter": 4,
            "eps": null,
            "eps_growth_year": null,
            "eps_4q": null,
            "eps_4q_growth_year": null,
            "roe": null,
            "roe_4q": 0,
            "gross_profit": null,
            "gross_margin": null,
            "gross_margin_4q_avg": 0,
            "net_income": null,
            "revenue": null,
            "common_shares": 10000,
            "book_valuer_per_share": 11.45,
            "book_valuer_per_share_4q_avg": 2.86,
            "equity": 11447,
            "current_ratio": 255.6,
            "debt_ratio": 40.54,
            "inventory_turnover_ratio": null,
            "account_receivable_turnover_ratio": null,
            "reinvestment_rate": null,
            "research_to_sale_ratio": null,
            "price_fair": 0,
            "eps_avg_yearly": 0,
            "eps_latest_yearly": 0,
            "eps_growth_yearly": 0
        },
        "20081": {
            "year_quarter": 20081,
            "year": 2008,
            "quarter": 1,
            "eps": null,
            "eps_growth_year": null,
            "eps_4q": null,
            "eps_4q_growth_year": null,
            "roe": null,
            "roe_4q": 0,
            "gross_profit": null,
            "gross_margin": null,
            "gross_margin_4q_avg": 0,
            "net_income": null,
            "revenue": null,
            "common_shares": null,
            "book_valuer_per_share": null,
            "book_valuer_per_share_4q_avg": 2.86,
            "equity": null,
            "current_ratio": null,
            "debt_ratio": null,
            "inventory_turnover_ratio": null,
            "account_receivable_turnover_ratio": null,
            "reinvestment_rate": null,
            "research_to_sale_ratio": null,
            "price_fair": 0,
            "eps_avg_yearly": 0,
            "eps_latest_yearly": 0,
            "eps_growth_yearly": 0
        },
        "20082": {
            "year_quarter": 20082,
            "year": 2008,
            "quarter": 2,
            "eps": null,
            "eps_growth_year": null,
            "eps_4q": null,
            "eps_4q_growth_year": null,
            "roe": null,
            "roe_4q": 0,
            "gross_profit": null,
            "gross_margin": null,
            "gross_margin_4q_avg": 0,
            "net_income": null,
            "revenue": null,
            "common_shares": null,
            "book_valuer_per_share": null,
            "book_valuer_per_share_4q_avg": 2.86,
            "equity": null,
            "current_ratio": null,
            "debt_ratio": null,
            "inventory_turnover_ratio": null,
            "account_receivable_turnover_ratio": null,
            "reinvestment_rate": null,
            "research_to_sale_ratio": null,
            "price_fair": 0,
            "eps_avg_yearly": 0,
            "eps_latest_yearly": 0,
            "eps_growth_yearly": 0
        },
        "20083": {
            "year_quarter": 20083,
            "year": 2008,
            "quarter": 3,
            "eps": null,
            "eps_growth_year": null,
            "eps_4q": null,
            "eps_4q_growth_year": null,
            "roe": null,
            "roe_4q": 0,
            "gross_profit": null,
            "gross_margin": null,
            "gross_margin_4q_avg": 0,
            "net_income": null,
            "revenue": null,
            "common_shares": null,
            "book_valuer_per_share": null,
            "book_valuer_per_share_4q_avg": 2.86,
            "equity": null,
            "current_ratio": null,
            "debt_ratio": null,
            "inventory_turnover_ratio": null,
            "account_receivable_turnover_ratio": null,
            "reinvestment_rate": null,
            "research_to_sale_ratio": null,
            "price_fair": 0,
            "eps_avg_yearly": 0,
            "eps_latest_yearly": 0,
            "eps_growth_yearly": 0
        },
        "20084": {
            "year_quarter": 20084,
            "year": 2008,
            "quarter": 4,
            "eps": null,
            "eps_growth_year": null,
            "eps_4q": null,
            "eps_4q_growth_year": null,
            "roe": null,
            "roe_4q": 0,
            "gross_profit": null,
            "gross_margin": null,
            "gross_margin_4q_avg": 0,
            "net_income": null,
            "revenue": null,
            "common_shares": 160000,
            "book_valuer_per_share": 13.18,
            "book_valuer_per_share_4q_avg": 3.3,
            "equity": 210806,
            "current_ratio": 175.34,
            "debt_ratio": 54.27,
            "inventory_turnover_ratio": null,
            "account_receivable_turnover_ratio": null,
            "reinvestment_rate": null,
            "research_to_sale_ratio": null,
            "price_fair": 0,
            "eps_avg_yearly": 0,
            "eps_latest_yearly": 0,
            "eps_growth_yearly": 0
        },
        "20091": {
            "year_quarter": 20091,
            "year": 2009,
            "quarter": 1,
            "eps": null,
            "eps_growth_year": null,
            "eps_4q": null,
            "eps_4q_growth_year": null,
            "roe": null,
            "roe_4q": 0,
            "gross_profit": null,
            "gross_margin": null,
            "gross_margin_4q_avg": 0,
            "net_income": null,
            "revenue": null,
            "common_shares": null,
            "book_valuer_per_share": null,
            "book_valuer_per_share_4q_avg": 3.3,
            "equity": null,
            "current_ratio": null,
            "debt_ratio": null,
            "inventory_turnover_ratio": null,
            "account_receivable_turnover_ratio": null,
            "reinvestment_rate": null,
            "research_to_sale_ratio": null,
            "price_fair": 0,
            "eps_avg_yearly": 0,
            "eps_latest_yearly": 0,
            "eps_growth_yearly": 0
        },
        "20092": {
            "year_quarter": 20092,
            "year": 2009,
            "quarter": 2,
            "eps": null,
            "eps_growth_year": null,
            "eps_4q": null,
            "eps_4q_growth_year": null,
            "roe": null,
            "roe_4q": 0,
            "gross_profit": null,
            "gross_margin": null,
            "gross_margin_4q_avg": 0,
            "net_income": null,
            "revenue": null,
            "common_shares": null,
            "book_valuer_per_share": null,
            "book_valuer_per_share_4q_avg": 3.3,
            "equity": null,
            "current_ratio": null,
            "debt_ratio": null,
            "inventory_turnover_ratio": null,
            "account_receivable_turnover_ratio": null,
            "reinvestment_rate": null,
            "research_to_sale_ratio": null,
            "price_fair": 0,
            "eps_avg_yearly": 0,
            "eps_latest_yearly": 0,
            "eps_growth_yearly": 0
        },
        "20093": {
            "year_quarter": 20093,
            "year": 2009,
            "quarter": 3,
            "eps": null,
            "eps_growth_year": null,
            "eps_4q": null,
            "eps_4q_growth_year": null,
            "roe": null,
            "roe_4q": 0,
            "gross_profit": null,
            "gross_margin": null,
            "gross_margin_4q_avg": 0,
            "net_income": null,
            "revenue": null,
            "common_shares": null,
            "book_valuer_per_share": null,
            "book_valuer_per_share_4q_avg": 3.3,
            "equity": null,
            "current_ratio": null,
            "debt_ratio": null,
            "inventory_turnover_ratio": null,
            "account_receivable_turnover_ratio": null,
            "reinvestment_rate": null,
            "research_to_sale_ratio": null,
            "price_fair": 0,
            "eps_avg_yearly": 0,
            "eps_latest_yearly": 0,
            "eps_growth_yearly": 0
        },
        "20094": {
            "year_quarter": 20094,
            "year": 2009,
            "quarter": 4,
            "eps": null,
            "eps_growth_year": null,
            "eps_4q": null,
            "eps_4q_growth_year": null,
            "roe": null,
            "roe_4q": 0,
            "gross_profit": null,
            "gross_margin": null,
            "gross_margin_4q_avg": 0,
            "net_income": null,
            "revenue": null,
            "common_shares": 178400,
            "book_valuer_per_share": 16.73,
            "book_valuer_per_share_4q_avg": 4.18,
            "equity": 298516,
            "current_ratio": 189.45,
            "debt_ratio": 34.09,
            "inventory_turnover_ratio": null,
            "account_receivable_turnover_ratio": null,
            "reinvestment_rate": null,
            "research_to_sale_ratio": null,
            "price_fair": 0,
            "eps_avg_yearly": 0,
            "eps_latest_yearly": 0,
            "eps_growth_yearly": 0
        },
        "20101": {
            "year_quarter": 20101,
            "year": 2010,
            "quarter": 1,
            "eps": null,
            "eps_growth_year": null,
            "eps_4q": null,
            "eps_4q_growth_year": null,
            "roe": null,
            "roe_4q": 0,
            "gross_profit": null,
            "gross_margin": null,
            "gross_margin_4q_avg": 0,
            "net_income": null,
            "revenue": null,
            "common_shares": null,
            "book_valuer_per_share": null,
            "book_valuer_per_share_4q_avg": 4.18,
            "equity": null,
            "current_ratio": null,
            "debt_ratio": null,
            "inventory_turnover_ratio": null,
            "account_receivable_turnover_ratio": null,
            "reinvestment_rate": null,
            "research_to_sale_ratio": null,
            "price_fair": 0,
            "eps_avg_yearly": 0,
            "eps_latest_yearly": 0,
            "eps_growth_yearly": 0
        },
        "20102": {
            "year_quarter": 20102,
            "year": 2010,
            "quarter": 2,
            "eps": null,
            "eps_growth_year": null,
            "eps_4q": null,
            "eps_4q_growth_year": null,
            "roe": null,
            "roe_4q": 0,
            "gross_profit": null,
            "gross_margin": null,
            "gross_margin_4q_avg": 0,
            "net_income": null,
            "revenue": null,
            "common_shares": 178400,
            "book_valuer_per_share": null,
            "book_valuer_per_share_4q_avg": 4.18,
            "equity": 312652,
            "current_ratio": null,
            "debt_ratio": null,
            "inventory_turnover_ratio": null,
            "account_receivable_turnover_ratio": null,
            "reinvestment_rate": null,
            "research_to_sale_ratio": null,
            "price_fair": 0,
            "eps_avg_yearly": 0,
            "eps_latest_yearly": 0,
            "eps_growth_yearly": 0
        },
        "20103": {
            "year_quarter": 20103,
            "year": 2010,
            "quarter": 3,
            "eps": null,
            "eps_growth_year": null,
            "eps_4q": null,
            "eps_4q_growth_year": null,
            "roe": null,
            "roe_4q": 0,
            "gross_profit": null,
            "gross_margin": null,
            "gross_margin_4q_avg": 0,
            "net_income": null,
            "revenue": null,
            "common_shares": null,
            "book_valuer_per_share": null,
            "book_valuer_per_share_4q_avg": 4.18,
            "equity": null,
            "current_ratio": null,
            "debt_ratio": null,
            "inventory_turnover_ratio": null,
            "account_receivable_turnover_ratio": null,
            "reinvestment_rate": null,
            "research_to_sale_ratio": null,
            "price_fair": 0,
            "eps_avg_yearly": 0,
            "eps_latest_yearly": 0,
            "eps_growth_yearly": 0
        },
        "20104": {
            "year_quarter": 20104,
            "year": 2010,
            "quarter": 4,
            "eps": null,
            "eps_growth_year": null,
            "eps_4q": null,
            "eps_4q_growth_year": null,
            "roe": null,
            "roe_4q": 0,
            "gross_profit": null,
            "gross_margin": null,
            "gross_margin_4q_avg": 0,
            "net_income": null,
            "revenue": null,
            "common_shares": 211710,
            "book_valuer_per_share": 19.49,
            "book_valuer_per_share_4q_avg": 4.87,
            "equity": 412681,
            "current_ratio": 338.32,
            "debt_ratio": 22.13,
            "inventory_turnover_ratio": null,
            "account_receivable_turnover_ratio": null,
            "reinvestment_rate": null,
            "research_to_sale_ratio": null,
            "price_fair": 0,
            "eps_avg_yearly": 0,
            "eps_latest_yearly": 0,
            "eps_growth_yearly": 0
        },
        "20111": {
            "year_quarter": 20111,
            "year": 2011,
            "quarter": 1,
            "eps": null,
            "eps_growth_year": null,
            "eps_4q": null,
            "eps_4q_growth_year": null,
            "roe": null,
            "roe_4q": 0,
            "gross_profit": 81275,
            "gross_margin": null,
            "gross_margin_4q_avg": 0,
            "net_income": 39335,
            "revenue": 123832,
            "common_shares": 211710,
            "book_valuer_per_share": 21.44,
            "book_valuer_per_share_4q_avg": 10.23,
            "equity": 453887,
            "current_ratio": 387.27,
            "debt_ratio": 19.06,
            "inventory_turnover_ratio": null,
            "account_receivable_turnover_ratio": null,
            "reinvestment_rate": null,
            "research_to_sale_ratio": null,
            "price_fair": 0,
            "eps_avg_yearly": 0,
            "eps_latest_yearly": 0,
            "eps_growth_yearly": 0
        },
        "20112": {
            "year_quarter": 20112,
            "year": 2011,
            "quarter": 2,
            "eps": 1.98,
            "eps_growth_year": null,
            "eps_4q": null,
            "eps_4q_growth_year": null,
            "roe": 10.62,
            "roe_4q": 10.62,
            "gross_profit": 93976,
            "gross_margin": 65.01,
            "gross_margin_4q_avg": 16.25,
            "net_income": 46137,
            "revenue": 144559,
            "common_shares": 211710,
            "book_valuer_per_share": 19.6,
            "book_valuer_per_share_4q_avg": 15.13,
            "equity": 415008,
            "current_ratio": 246.62,
            "debt_ratio": 31.11,
            "inventory_turnover_ratio": 1.66,
            "account_receivable_turnover_ratio": 2.33,
            "reinvestment_rate": null,
            "research_to_sale_ratio": null,
            "price_fair": 0,
            "eps_avg_yearly": 0,
            "eps_latest_yearly": 0,
            "eps_growth_yearly": 0
        },
        "20113": {
            "year_quarter": 20113,
            "year": 2011,
            "quarter": 3,
            "eps": null,
            "eps_growth_year": null,
            "eps_4q": null,
            "eps_4q_growth_year": null,
            "roe": null,
            "roe_4q": 10.62,
            "gross_profit": 101509,
            "gross_margin": null,
            "gross_margin_4q_avg": 16.25,
            "net_income": 45955,
            "revenue": 156737,
            "common_shares": 232881,
            "book_valuer_per_share": 19.89,
            "book_valuer_per_share_4q_avg": 20.11,
            "equity": 463136,
            "current_ratio": 457.94,
            "debt_ratio": 17.05,
            "inventory_turnover_ratio": null,
            "account_receivable_turnover_ratio": null,
            "reinvestment_rate": null,
            "research_to_sale_ratio": null,
            "price_fair": 0,
            "eps_avg_yearly": 0,
            "eps_latest_yearly": 0,
            "eps_growth_yearly": 0
        },
        "20114": {
            "year_quarter": 20114,
            "year": 2011,
            "quarter": 4,
            "eps": null,
            "eps_growth_year": null,
            "eps_4q": null,
            "eps_4q_growth_year": null,
            "roe": null,
            "roe_4q": 10.62,
            "gross_profit": 99078,
            "gross_margin": null,
            "gross_margin_4q_avg": 16.25,
            "net_income": 27783,
            "revenue": 168941,
            "common_shares": 232881,
            "book_valuer_per_share": 21.08,
            "book_valuer_per_share_4q_avg": 20.5,
            "equity": 490893,
            "current_ratio": 361.55,
            "debt_ratio": 22.5,
            "inventory_turnover_ratio": null,
            "account_receivable_turnover_ratio": null,
            "reinvestment_rate": null,
            "research_to_sale_ratio": null,
            "price_fair": 0,
            "eps_avg_yearly": 0,
            "eps_latest_yearly": 0,
            "eps_growth_yearly": 0
        },
        "20121": {
            "year_quarter": 20121,
            "year": 2012,
            "quarter": 1,
            "eps": 1.12,
            "eps_growth_year": null,
            "eps_4q": 3.1,
            "eps_4q_growth_year": null,
            "roe": 5.15,
            "roe_4q": 15.77,
            "gross_profit": 72143,
            "gross_margin": 60.69,
            "gross_margin_4q_avg": 31.43,
            "net_income": 25999,
            "revenue": 118866,
            "common_shares": 232881,
            "book_valuer_per_share": 22.26,
            "book_valuer_per_share_4q_avg": 20.71,
            "equity": 518335,
            "current_ratio": 459.03,
            "debt_ratio": 18.31,
            "inventory_turnover_ratio": 1.22,
            "account_receivable_turnover_ratio": 0.79,
            "reinvestment_rate": null,
            "research_to_sale_ratio": 5.98,
            "price_fair": 0,
            "eps_avg_yearly": 0,
            "eps_latest_yearly": 0,
            "eps_growth_yearly": 0
        },
        "20122": {
            "year_quarter": 20122,
            "year": 2012,
            "quarter": 2,
            "eps": 1.29,
            "eps_growth_year": -34.96,
            "eps_4q": 2.4,
            "eps_4q_growth_year": null,
            "roe": 6.33,
            "roe_4q": 11.48,
            "gross_profit": 80033,
            "gross_margin": 59.66,
            "gross_margin_4q_avg": 30.09,
            "net_income": 30008,
            "revenue": 134147,
            "common_shares": 232881,
            "book_valuer_per_share": 18.46,
            "book_valuer_per_share_4q_avg": 20.42,
            "equity": 429951,
            "current_ratio": 233.7,
            "debt_ratio": 34.41,
            "inventory_turnover_ratio": 1.45,
            "account_receivable_turnover_ratio": 0.96,
            "reinvestment_rate": null,
            "research_to_sale_ratio": 5.42,
            "price_fair": 180.6,
            "eps_avg_yearly": 5.16,
            "eps_latest_yearly": 5.16,
            "eps_growth_yearly": 60.71
        },
        "20123": {
            "year_quarter": 20123,
            "year": 2012,
            "quarter": 3,
            "eps": 1.09,
            "eps_growth_year": null,
            "eps_4q": 3.27,
            "eps_4q_growth_year": null,
            "roe": 5.57,
            "roe_4q": 17.05,
            "gross_profit": 79975,
            "gross_margin": 61.67,
            "gross_margin_4q_avg": 45.51,
            "net_income": 27935,
            "revenue": 129691,
            "common_shares": 256461,
            "book_valuer_per_share": 22.37,
            "book_valuer_per_share_4q_avg": 21.04,
            "equity": 573686,
            "current_ratio": 628.81,
            "debt_ratio": 14.79,
            "inventory_turnover_ratio": 1.28,
            "account_receivable_turnover_ratio": 0.95,
            "reinvestment_rate": null,
            "research_to_sale_ratio": 6.2,
            "price_fair": 14.28,
            "eps_avg_yearly": 4.76,
            "eps_latest_yearly": 4.36,
            "eps_growth_yearly": -0.65
        },
        "20124": {
            "year_quarter": 20124,
            "year": 2012,
            "quarter": 4,
            "eps": 1.59,
            "eps_growth_year": null,
            "eps_4q": 4.87,
            "eps_4q_growth_year": null,
            "roe": 6.87,
            "roe_4q": 23.92,
            "gross_profit": 107283,
            "gross_margin": 62.11,
            "gross_margin_4q_avg": 61.03,
            "net_income": 40851,
            "revenue": 172725,
            "common_shares": 256461,
            "book_valuer_per_share": 23.97,
            "book_valuer_per_share_4q_avg": 21.77,
            "equity": 614754,
            "current_ratio": 536.71,
            "debt_ratio": 17.76,
            "inventory_turnover_ratio": 1.82,
            "account_receivable_turnover_ratio": 1.12,
            "reinvestment_rate": null,
            "research_to_sale_ratio": 7.11,
            "price_fair": 185.27,
            "eps_avg_yearly": 5.29,
            "eps_latest_yearly": 6.36,
            "eps_growth_yearly": 60.73
        },
        "20131": {
            "year_quarter": 20131,
            "year": 2013,
            "quarter": 1,
            "eps": 0.93,
            "eps_growth_year": -16.96,
            "eps_4q": 4.78,
            "eps_4q_growth_year": 54.39,
            "roe": 3.84,
            "roe_4q": 22.61,
            "gross_profit": 75377,
            "gross_margin": 58.91,
            "gross_margin_4q_avg": 60.59,
            "net_income": 23850,
            "revenue": 127946,
            "common_shares": 256461,
            "book_valuer_per_share": 24.52,
            "book_valuer_per_share_4q_avg": 22.33,
            "equity": 628918,
            "current_ratio": 614.73,
            "debt_ratio": 17.05,
            "inventory_turnover_ratio": 1.69,
            "account_receivable_turnover_ratio": 0.8,
            "reinvestment_rate": null,
            "research_to_sale_ratio": 7.48,
            "price_fair": 68.78,
            "eps_avg_yearly": 4.9,
            "eps_latest_yearly": 3.72,
            "eps_growth_yearly": 4.04
        },
        "20132": {
            "year_quarter": 20132,
            "year": 2013,
            "quarter": 2,
            "eps": 1.82,
            "eps_growth_year": 41.24,
            "eps_4q": 5.44,
            "eps_4q_growth_year": 126.05,
            "roe": 7.78,
            "roe_4q": 24.060000000000002,
            "gross_profit": 110409,
            "gross_margin": 58.33,
            "gross_margin_4q_avg": 60.26,
            "net_income": 46785,
            "revenue": 189278,
            "common_shares": 256461,
            "book_valuer_per_share": 22.37,
            "book_valuer_per_share_4q_avg": 23.31,
            "equity": 573630,
            "current_ratio": 259.57,
            "debt_ratio": 31.35,
            "inventory_turnover_ratio": 2.3,
            "account_receivable_turnover_ratio": 1.17,
            "reinvestment_rate": null,
            "research_to_sale_ratio": 4.37,
            "price_fair": 188.16,
            "eps_avg_yearly": 5.38,
            "eps_latest_yearly": 7.28,
            "eps_growth_yearly": 79.79
        },
        "20133": {
            "year_quarter": 20133,
            "year": 2013,
            "quarter": 3,
            "eps": 1.32,
            "eps_growth_year": 21.18,
            "eps_4q": 5.67,
            "eps_4q_growth_year": 73.12,
            "roe": 5.73,
            "roe_4q": 24.220000000000002,
            "gross_profit": 91421,
            "gross_margin": 57.76,
            "gross_margin_4q_avg": 59.28,
            "net_income": 33832,
            "revenue": 158282,
            "common_shares": 256461,
            "book_valuer_per_share": 23.67,
            "book_valuer_per_share_4q_avg": 23.63,
            "equity": 607066,
            "current_ratio": 516.2,
            "debt_ratio": 17.23,
            "inventory_turnover_ratio": 1.69,
            "account_receivable_turnover_ratio": 0.91,
            "reinvestment_rate": null,
            "research_to_sale_ratio": 5.82,
            "price_fair": 187.6,
            "eps_avg_yearly": 5.36,
            "eps_latest_yearly": 5.28,
            "eps_growth_yearly": 48.18
        },
        "20134": {
            "year_quarter": 20134,
            "year": 2013,
            "quarter": 4,
            "eps": 2.11,
            "eps_growth_year": 32.45,
            "eps_4q": 6.18,
            "eps_4q_growth_year": 27.07,
            "roe": 8.53,
            "roe_4q": 25.88,
            "gross_profit": 129232,
            "gross_margin": 60.23,
            "gross_margin_4q_avg": 58.81,
            "net_income": 54108,
            "revenue": 214569,
            "common_shares": 256461,
            "book_valuer_per_share": 25.8,
            "book_valuer_per_share_4q_avg": 24.09,
            "equity": 661581,
            "current_ratio": 403.68,
            "debt_ratio": 21.51,
            "inventory_turnover_ratio": 2.01,
            "account_receivable_turnover_ratio": 1.17,
            "reinvestment_rate": null,
            "research_to_sale_ratio": 6.08,
            "price_fair": 203,
            "eps_avg_yearly": 5.8,
            "eps_latest_yearly": 8.44,
            "eps_growth_yearly": 75.49
        },
        "20141": {
            "year_quarter": 20141,
            "year": 2014,
            "quarter": 1,
            "eps": 1.39,
            "eps_growth_year": 49.46,
            "eps_4q": 6.64,
            "eps_4q_growth_year": 38.88,
            "roe": 5.24,
            "roe_4q": 27.28,
            "gross_profit": 94387,
            "gross_margin": 59.09,
            "gross_margin_4q_avg": 58.85,
            "net_income": 35607,
            "revenue": 159730,
            "common_shares": 256461,
            "book_valuer_per_share": 27.18,
            "book_valuer_per_share_4q_avg": 24.76,
            "equity": 697080,
            "current_ratio": 448.93,
            "debt_ratio": 20.19,
            "inventory_turnover_ratio": 1.37,
            "account_receivable_turnover_ratio": 0.88,
            "reinvestment_rate": null,
            "research_to_sale_ratio": 6.84,
            "price_fair": 201.95,
            "eps_avg_yearly": 5.77,
            "eps_latest_yearly": 5.56,
            "eps_growth_yearly": 48.99
        },
        "20142": {
            "year_quarter": 20142,
            "year": 2014,
            "quarter": 2,
            "eps": 1.7,
            "eps_growth_year": -6.59,
            "eps_4q": 6.52,
            "eps_4q_growth_year": 19.9,
            "roe": 6.67,
            "roe_4q": 26.169999999999998,
            "gross_profit": 116393,
            "gross_margin": 60.77,
            "gross_margin_4q_avg": 59.46,
            "net_income": 43619,
            "revenue": 191534,
            "common_shares": 256461,
            "book_valuer_per_share": 23.85,
            "book_valuer_per_share_4q_avg": 25.13,
            "equity": 611719,
            "current_ratio": 256.01,
            "debt_ratio": 31.55,
            "inventory_turnover_ratio": 1.37,
            "account_receivable_turnover_ratio": 1.12,
            "reinvestment_rate": null,
            "research_to_sale_ratio": 7.69,
            "price_fair": 205.96,
            "eps_avg_yearly": 5.88,
            "eps_latest_yearly": 6.8,
            "eps_growth_yearly": 53.46
        },
        "20143": {
            "year_quarter": 20143,
            "year": 2014,
            "quarter": 3,
            "eps": 1.89,
            "eps_growth_year": 43.18,
            "eps_4q": 7.09,
            "eps_4q_growth_year": 25.14,
            "roe": 7.62,
            "roe_4q": 28.060000000000002,
            "gross_profit": 119907,
            "gross_margin": 58.16,
            "gross_margin_4q_avg": 59.56,
            "net_income": 48510,
            "revenue": 206169,
            "common_shares": 256461,
            "book_valuer_per_share": 25.79,
            "book_valuer_per_share_4q_avg": 25.66,
            "equity": 661504,
            "current_ratio": 468.79,
            "debt_ratio": 18.01,
            "inventory_turnover_ratio": 1.55,
            "account_receivable_turnover_ratio": 1.17,
            "reinvestment_rate": null,
            "research_to_sale_ratio": 5.84,
            "price_fair": 211.82,
            "eps_avg_yearly": 6.05,
            "eps_latest_yearly": 7.56,
            "eps_growth_yearly": 52.59
        },
        "20144": {
            "year_quarter": 20144,
            "year": 2014,
            "quarter": 4,
            "eps": 2.26,
            "eps_growth_year": 6.89,
            "eps_4q": 7.24,
            "eps_4q_growth_year": 17.02,
            "roe": 8.37,
            "roe_4q": 27.9,
            "gross_profit": 135359,
            "gross_margin": 58.51,
            "gross_margin_4q_avg": 59.13,
            "net_income": 57835,
            "revenue": 231360,
            "common_shares": 256461,
            "book_valuer_per_share": 28.12,
            "book_valuer_per_share_4q_avg": 26.24,
            "equity": 721227,
            "current_ratio": 394.04,
            "debt_ratio": 21.13,
            "inventory_turnover_ratio": 1.88,
            "account_receivable_turnover_ratio": 1.22,
            "reinvestment_rate": 6.2,
            "research_to_sale_ratio": 5.53,
            "price_fair": 221.33,
            "eps_avg_yearly": 6.32,
            "eps_latest_yearly": 9.04,
            "eps_growth_yearly": 54.93
        },
        "20151": {
            "year_quarter": 20151,
            "year": 2015,
            "quarter": 1,
            "eps": 1.42,
            "eps_growth_year": 2.16,
            "eps_4q": 7.26,
            "eps_4q_growth_year": 9.35,
            "roe": 4.91,
            "roe_4q": 27.57,
            "gross_profit": 105544,
            "gross_margin": 57.5,
            "gross_margin_4q_avg": 58.74,
            "net_income": 36302,
            "revenue": 183563,
            "common_shares": 256461,
            "book_valuer_per_share": 29.52,
            "book_valuer_per_share_4q_avg": 26.82,
            "equity": 757062,
            "current_ratio": 450.7,
            "debt_ratio": 19.1,
            "inventory_turnover_ratio": 1.63,
            "account_receivable_turnover_ratio": 0.93,
            "reinvestment_rate": 9.59,
            "research_to_sale_ratio": 7.67,
            "price_fair": 219.45,
            "eps_avg_yearly": 6.27,
            "eps_latest_yearly": 5.68,
            "eps_growth_yearly": 37.96
        },
        "20152": {
            "year_quarter": 20152,
            "year": 2015,
            "quarter": 2,
            "eps": 1.94,
            "eps_growth_year": 14.12,
            "eps_4q": 7.5,
            "eps_4q_growth_year": 15.1,
            "roe": 7,
            "roe_4q": 27.900000000000002,
            "gross_profit": 125041,
            "gross_margin": 59.82,
            "gross_margin_4q_avg": 58.5,
            "net_income": 49760,
            "revenue": 209038,
            "common_shares": 256461,
            "book_valuer_per_share": 25.94,
            "book_valuer_per_share_4q_avg": 27.34,
            "equity": 665159,
            "current_ratio": 249.87,
            "debt_ratio": 32.74,
            "inventory_turnover_ratio": 1.73,
            "account_receivable_turnover_ratio": 1.06,
            "reinvestment_rate": 5.29,
            "research_to_sale_ratio": 6.33,
            "price_fair": 223.46,
            "eps_avg_yearly": 6.38,
            "eps_latest_yearly": 7.76,
            "eps_growth_yearly": 46.31
        },
        "20153": {
            "year_quarter": 20153,
            "year": 2015,
            "quarter": 3,
            "eps": 0.99,
            "eps_growth_year": -47.62,
            "eps_4q": 6.6,
            "eps_4q_growth_year": -6.92,
            "roe": 3.74,
            "roe_4q": 24.02,
            "gross_profit": 95218,
            "gross_margin": 54.58,
            "gross_margin_4q_avg": 57.6,
            "net_income": 25364,
            "revenue": 174443,
            "common_shares": 256461,
            "book_valuer_per_share": 26.98,
            "book_valuer_per_share_4q_avg": 27.64,
            "equity": 692032,
            "current_ratio": 421.18,
            "debt_ratio": 20.45,
            "inventory_turnover_ratio": 1.49,
            "account_receivable_turnover_ratio": 0.88,
            "reinvestment_rate": 9.52,
            "research_to_sale_ratio": 7.47,
            "price_fair": 217.4,
            "eps_avg_yearly": 6.21,
            "eps_latest_yearly": 3.96,
            "eps_growth_yearly": 29.01
        },
        "20154": {
            "year_quarter": 20154,
            "year": 2015,
            "quarter": 4,
            "eps": 3.77,
            "eps_growth_year": 67.04,
            "eps_4q": 8.11,
            "eps_4q_growth_year": 12.11,
            "roe": 13.06,
            "roe_4q": 28.71,
            "gross_profit": 186863,
            "gross_margin": 57.24,
            "gross_margin_4q_avg": 57.29,
            "net_income": 96610,
            "revenue": 326450,
            "common_shares": 256461,
            "book_valuer_per_share": 30.71,
            "book_valuer_per_share_4q_avg": 28.29,
            "equity": 787701,
            "current_ratio": 352.38,
            "debt_ratio": 24.3,
            "inventory_turnover_ratio": 2.82,
            "account_receivable_turnover_ratio": 1.25,
            "reinvestment_rate": 3.46,
            "research_to_sale_ratio": 4.45,
            "price_fair": 238.09,
            "eps_avg_yearly": 6.8,
            "eps_latest_yearly": 15.08,
            "eps_growth_yearly": 101.96
        },
        "20161": {
            "year_quarter": 20161,
            "year": 2016,
            "quarter": 1,
            "eps": 1.51,
            "eps_growth_year": 6.34,
            "eps_4q": 8.2,
            "eps_4q_growth_year": 12.96,
            "roe": 4.79,
            "roe_4q": 28.590000000000003,
            "gross_profit": 112540,
            "gross_margin": 52.42,
            "gross_margin_4q_avg": 56.02,
            "net_income": 38679,
            "revenue": 214679,
            "common_shares": 256461,
            "book_valuer_per_share": 32.19,
            "book_valuer_per_share_4q_avg": 28.96,
            "equity": 825662,
            "current_ratio": 438.57,
            "debt_ratio": 19.7,
            "inventory_turnover_ratio": 2.8,
            "account_receivable_turnover_ratio": 0.75,
            "reinvestment_rate": 3.67,
            "research_to_sale_ratio": 6.17,
            "price_fair": 236.43,
            "eps_avg_yearly": 6.76,
            "eps_latest_yearly": 6.04,
            "eps_growth_yearly": 80.6
        },
        "20162": {
            "year_quarter": 20162,
            "year": 2016,
            "quarter": 2,
            "eps": 1.75,
            "eps_growth_year": -9.79,
            "eps_4q": 8.01,
            "eps_4q_growth_year": 6.78,
            "roe": 5.81,
            "roe_4q": 27.4,
            "gross_profit": 120310,
            "gross_margin": 54.28,
            "gross_margin_4q_avg": 54.63,
            "net_income": 44797,
            "revenue": 221630,
            "common_shares": 256461,
            "book_valuer_per_share": 27.9,
            "book_valuer_per_share_4q_avg": 29.45,
            "equity": 715503,
            "current_ratio": 250.21,
            "debt_ratio": 32.91,
            "inventory_turnover_ratio": 3.4,
            "account_receivable_turnover_ratio": 0.99,
            "reinvestment_rate": 4.18,
            "research_to_sale_ratio": 6.59,
            "price_fair": 240.45,
            "eps_avg_yearly": 6.87,
            "eps_latest_yearly": 7,
            "eps_growth_yearly": 80.78
        },
        "20163": {
            "year_quarter": 20163,
            "year": 2016,
            "quarter": 3,
            "eps": 1.4,
            "eps_growth_year": 41.41,
            "eps_4q": 8.43,
            "eps_4q_growth_year": 27.67,
            "roe": 4.91,
            "roe_4q": 28.57,
            "gross_profit": 109134,
            "gross_margin": 54.56,
            "gross_margin_4q_avg": 54.63,
            "net_income": 36012,
            "revenue": 200044,
            "common_shares": 256461,
            "book_valuer_per_share": 29.26,
            "book_valuer_per_share_4q_avg": 30.02,
            "equity": 750353,
            "current_ratio": 457.3,
            "debt_ratio": 18.43,
            "inventory_turnover_ratio": 3,
            "account_receivable_turnover_ratio": 0.98,
            "reinvestment_rate": 3.43,
            "research_to_sale_ratio": 7.48,
            "price_fair": 243.16,
            "eps_avg_yearly": 6.95,
            "eps_latest_yearly": 5.6,
            "eps_growth_yearly": 79.65
        },
        "20164": {
            "year_quarter": 20164,
            "year": 2016,
            "quarter": 4,
            "eps": 3.04,
            "eps_growth_year": -19.24,
            "eps_4q": 7.7,
            "eps_4q_growth_year": -5.06,
            "roe": 9.89,
            "roe_4q": 25.4,
            "gross_profit": 163790,
            "gross_margin": 55.96,
            "gross_margin_4q_avg": 54.31,
            "net_income": 78021,
            "revenue": 292706,
            "common_shares": 256461,
            "book_valuer_per_share": 32.25,
            "book_valuer_per_share_4q_avg": 30.4,
            "equity": 827184,
            "current_ratio": 390.05,
            "debt_ratio": 22.14,
            "inventory_turnover_ratio": 4.21,
            "account_receivable_turnover_ratio": 1.19,
            "reinvestment_rate": 3.34,
            "research_to_sale_ratio": 5.25,
            "price_fair": 255.85,
            "eps_avg_yearly": 7.31,
            "eps_latest_yearly": 12.16,
            "eps_growth_yearly": 97.47
        },
        "20171": {
            "year_quarter": 20171,
            "year": 2017,
            "quarter": 1,
            "eps": 1.22,
            "eps_growth_year": -19.21,
            "eps_4q": 7.41,
            "eps_4q_growth_year": -9.69,
            "roe": 3.71,
            "roe_4q": 24.32,
            "gross_profit": 100148,
            "gross_margin": 56.16,
            "gross_margin_4q_avg": 55.24,
            "net_income": 31193,
            "revenue": 178339,
            "common_shares": 256461,
            "book_valuer_per_share": 33.38,
            "book_valuer_per_share_4q_avg": 30.7,
            "equity": 856149,
            "current_ratio": 463.39,
            "debt_ratio": 18.69,
            "inventory_turnover_ratio": 2.74,
            "account_receivable_turnover_ratio": 0.71,
            "reinvestment_rate": 7.57,
            "research_to_sale_ratio": 9.02,
            "price_fair": 258.39,
            "eps_avg_yearly": 7.38,
            "eps_latest_yearly": 4.88,
            "eps_growth_yearly": 92.88
        },
        "20172": {
            "year_quarter": 20172,
            "year": 2017,
            "quarter": 2,
            "eps": 2.3,
            "eps_growth_year": 31.43,
            "eps_4q": 7.97,
            "eps_4q_growth_year": -0.57,
            "roe": 7.3,
            "roe_4q": 25.81,
            "gross_profit": 145112,
            "gross_margin": 54.66,
            "gross_margin_4q_avg": 55.34,
            "net_income": 59054,
            "revenue": 265469,
            "common_shares": 256461,
            "book_valuer_per_share": 29.72,
            "book_valuer_per_share_4q_avg": 31.15,
            "equity": 762167,
            "current_ratio": 248.37,
            "debt_ratio": 33.05,
            "inventory_turnover_ratio": 4.48,
            "account_receivable_turnover_ratio": 1.14,
            "reinvestment_rate": 1.41,
            "research_to_sale_ratio": 6.11,
            "price_fair": 262.59,
            "eps_avg_yearly": 7.5,
            "eps_latest_yearly": 9.2,
            "eps_growth_yearly": 91.09
        },
        "20173": {
            "year_quarter": 20173,
            "year": 2017,
            "quarter": 3,
            "eps": 1.7,
            "eps_growth_year": 21.43,
            "eps_4q": 8.26,
            "eps_4q_growth_year": -1.98,
            "roe": 5.55,
            "roe_4q": 26.45,
            "gross_profit": 122019,
            "gross_margin": 57.33,
            "gross_margin_4q_avg": 56.03,
            "net_income": 43553,
            "revenue": 212853,
            "common_shares": 256461,
            "book_valuer_per_share": 31.44,
            "book_valuer_per_share_4q_avg": 31.7,
            "equity": 806379,
            "current_ratio": 452.84,
            "debt_ratio": 19.02,
            "inventory_turnover_ratio": 3.38,
            "account_receivable_turnover_ratio": 0.88,
            "reinvestment_rate": 0.97,
            "research_to_sale_ratio": 7.45,
            "price_fair": 265.91,
            "eps_avg_yearly": 7.6,
            "eps_latest_yearly": 6.8,
            "eps_growth_yearly": 91.43
        },
        "20174": {
            "year_quarter": 20174,
            "year": 2017,
            "quarter": 4,
            "eps": 3.75,
            "eps_growth_year": 23.37,
            "eps_4q": 8.97,
            "eps_4q_growth_year": 16.48,
            "roe": 11.27,
            "roe_4q": 27.830000000000002,
            "gross_profit": 197302,
            "gross_margin": 58.62,
            "gross_margin_4q_avg": 56.69,
            "net_income": 96256,
            "revenue": 336596,
            "common_shares": 256461,
            "book_valuer_per_share": 35.18,
            "book_valuer_per_share_4q_avg": 32.43,
            "equity": 902357,
            "current_ratio": 389.36,
            "debt_ratio": 22.35,
            "inventory_turnover_ratio": 4.23,
            "account_receivable_turnover_ratio": 1.18,
            "reinvestment_rate": 0.73,
            "research_to_sale_ratio": 5.38,
            "price_fair": 280.26,
            "eps_avg_yearly": 8.01,
            "eps_latest_yearly": 15,
            "eps_growth_yearly": 106.62
        },
        "20181": {
            "year_quarter": 20181,
            "year": 2018,
            "quarter": 1,
            "eps": 2.48,
            "eps_growth_year": 103.28,
            "eps_4q": 10.24,
            "eps_4q_growth_year": 38.17,
            "roe": 6.84,
            "roe_4q": 30.96,
            "gross_profit": 149726,
            "gross_margin": 53.35,
            "gross_margin_4q_avg": 55.99,
            "net_income": 63688,
            "revenue": 280623,
            "common_shares": 256461,
            "book_valuer_per_share": 37.41,
            "book_valuer_per_share_4q_avg": 33.44,
            "equity": 959470,
            "current_ratio": 406.02,
            "debt_ratio": 21.69,
            "inventory_turnover_ratio": 3.97,
            "account_receivable_turnover_ratio": 0.88,
            "reinvestment_rate": 0.17,
            "research_to_sale_ratio": 6.84,
            "price_fair": 289.8,
            "eps_avg_yearly": 8.28,
            "eps_latest_yearly": 9.92,
            "eps_growth_yearly": 106.68
        },
        "20182": {
            "year_quarter": 20182,
            "year": 2018,
            "quarter": 2,
            "eps": 2.28,
            "eps_growth_year": -0.87,
            "eps_4q": 9.49,
            "eps_4q_growth_year": 19.16,
            "roe": 7.03,
            "roe_4q": 30.69,
            "gross_profit": 160326,
            "gross_margin": 57.38,
            "gross_margin_4q_avg": 56.67,
            "net_income": 64271,
            "revenue": 279418,
            "common_shares": 256461,
            "book_valuer_per_share": 33.9,
            "book_valuer_per_share_4q_avg": 34.48,
            "equity": 869376,
            "current_ratio": 264.53,
            "debt_ratio": 32.15,
            "inventory_turnover_ratio": 3.92,
            "account_receivable_turnover_ratio": 0.93,
            "reinvestment_rate": 2.53,
            "research_to_sale_ratio": 6.67,
            "price_fair": 294.88,
            "eps_avg_yearly": 8.43,
            "eps_latest_yearly": 9.12,
            "eps_growth_yearly": 99.09
        },
        "20183": {
            "year_quarter": 20183,
            "year": 2018,
            "quarter": 3,
            "eps": 1.88,
            "eps_growth_year": 10.59,
            "eps_4q": 9.83,
            "eps_4q_growth_year": 19.01,
            "roe": 5.93,
            "roe_4q": 31.07,
            "gross_profit": 142919,
            "gross_margin": 53.08,
            "gross_margin_4q_avg": 55.61,
            "net_income": 53091,
            "revenue": 269262,
            "common_shares": 282107,
            "book_valuer_per_share": 32.64,
            "book_valuer_per_share_4q_avg": 34.78,
            "equity": 920725,
            "current_ratio": 402.71,
            "debt_ratio": 21.12,
            "inventory_turnover_ratio": 3.18,
            "account_receivable_turnover_ratio": 0.91,
            "reinvestment_rate": 2.7,
            "research_to_sale_ratio": 7.12,
            "price_fair": 294.79,
            "eps_avg_yearly": 8.42,
            "eps_latest_yearly": 7.52,
            "eps_growth_yearly": 91.91
        },
        "20184": {
            "year_quarter": 20184,
            "year": 2018,
            "quarter": 4,
            "eps": 3.27,
            "eps_growth_year": -12.81,
            "eps_4q": 9.69,
            "eps_4q_growth_year": 8.02,
            "roe": 9.55,
            "roe_4q": 29.35,
            "gross_profit": 194727,
            "gross_margin": 54.07,
            "gross_margin_4q_avg": 54.47,
            "net_income": 92318,
            "revenue": 360118,
            "common_shares": 282107,
            "book_valuer_per_share": 35.88,
            "book_valuer_per_share_4q_avg": 34.96,
            "equity": 1012338,
            "current_ratio": 392.72,
            "debt_ratio": 21.83,
            "inventory_turnover_ratio": 3.55,
            "account_receivable_turnover_ratio": 1.1,
            "reinvestment_rate": 0.72,
            "research_to_sale_ratio": 5.62,
            "price_fair": 303.63,
            "eps_avg_yearly": 8.68,
            "eps_latest_yearly": 13.08,
            "eps_growth_yearly": 105.5
        },
        "20191": {
            "year_quarter": 20191,
            "year": 2019,
            "quarter": 1,
            "eps": 1.43,
            "eps_growth_year": -42.34,
            "eps_4q": 8.86,
            "eps_4q_growth_year": -13.45,
            "roe": 3.9,
            "roe_4q": 26.410000000000004,
            "gross_profit": 132490,
            "gross_margin": 51.84,
            "gross_margin_4q_avg": 54.09,
            "net_income": 40273,
            "revenue": 255569,
            "common_shares": 282107,
            "book_valuer_per_share": 37.35,
            "book_valuer_per_share_4q_avg": 34.94,
            "equity": 1053802,
            "current_ratio": 405.72,
            "debt_ratio": 21.63,
            "inventory_turnover_ratio": 2.65,
            "account_receivable_turnover_ratio": 0.77,
            "reinvestment_rate": 0.34,
            "research_to_sale_ratio": 8.83,
            "price_fair": 303.71,
            "eps_avg_yearly": 8.68,
            "eps_latest_yearly": 5.72,
            "eps_growth_yearly": 100.72
        },
        "20192": {
            "year_quarter": 20192,
            "year": 2019,
            "quarter": 2,
            "eps": 1.99,
            "eps_growth_year": -12.72,
            "eps_4q": 8.57,
            "eps_4q_growth_year": -9.7,
            "roe": 5.75,
            "roe_4q": 25.130000000000003,
            "gross_profit": 152873,
            "gross_margin": 53.61,
            "gross_margin_4q_avg": 53.15,
            "net_income": 56111,
            "revenue": 285138,
            "common_shares": 282107,
            "book_valuer_per_share": 31.82,
            "book_valuer_per_share_4q_avg": 34.42,
            "equity": 897661,
            "current_ratio": 247.26,
            "debt_ratio": 34.17,
            "inventory_turnover_ratio": 2.6,
            "account_receivable_turnover_ratio": 0.97,
            "reinvestment_rate": 1.12,
            "research_to_sale_ratio": 6.8,
            "price_fair": 304.15,
            "eps_avg_yearly": 8.69,
            "eps_latest_yearly": 7.96,
            "eps_growth_yearly": 101.36
        },
        "20193": {
            "year_quarter": 20193,
            "year": 2019,
            "quarter": 3,
            "eps": 2.44,
            "eps_growth_year": 29.79,
            "eps_4q": 9.13,
            "eps_4q_growth_year": -7.14,
            "roe": 7.39,
            "roe_4q": 26.59,
            "gross_profit": 162650,
            "gross_margin": 55.01,
            "gross_margin_4q_avg": 53.63,
            "net_income": 68795,
            "revenue": 295649,
            "common_shares": 282107,
            "book_valuer_per_share": 34.19,
            "book_valuer_per_share_4q_avg": 34.81,
            "equity": 964437,
            "current_ratio": 470.26,
            "debt_ratio": 18.42,
            "inventory_turnover_ratio": 2.46,
            "account_receivable_turnover_ratio": 1,
            "reinvestment_rate": 0.99,
            "research_to_sale_ratio": 6.97,
            "price_fair": 316.84,
            "eps_avg_yearly": 9.05,
            "eps_latest_yearly": 9.76,
            "eps_growth_yearly": 119.26
        },
        "20194": {
            "year_quarter": 20194,
            "year": 2019,
            "quarter": 4,
            "eps": 3.59,
            "eps_growth_year": 9.6,
            "eps_4q": 9.44,
            "eps_4q_growth_year": -2.56,
            "roe": 9.96,
            "roe_4q": 27,
            "gross_profit": 205720,
            "gross_margin": 52.36,
            "gross_margin_4q_avg": 53.21,
            "net_income": 101179,
            "revenue": 392877,
            "common_shares": 282107,
            "book_valuer_per_share": 37.81,
            "book_valuer_per_share_4q_avg": 35.29,
            "equity": 1066609,
            "current_ratio": 416.33,
            "debt_ratio": 21.04,
            "inventory_turnover_ratio": 2.86,
            "account_receivable_turnover_ratio": 1.17,
            "reinvestment_rate": 1,
            "research_to_sale_ratio": 5.55,
            "price_fair": 315.26,
            "eps_avg_yearly": 9.01,
            "eps_latest_yearly": 14.36,
            "eps_growth_yearly": 60.84
        },
        "20201": {
            "year_quarter": 20201,
            "year": 2020,
            "quarter": 1,
            "eps": 1.78,
            "eps_growth_year": 24.48,
            "eps_4q": 9.8,
            "eps_4q_growth_year": 10.57,
            "roe": 4.61,
            "roe_4q": 27.71,
            "gross_profit": 144549,
            "gross_margin": 50.22,
            "gross_margin_4q_avg": 52.8,
            "net_income": 50294,
            "revenue": 287857,
            "common_shares": 282107,
            "book_valuer_per_share": 39.57,
            "book_valuer_per_share_4q_avg": 35.85,
            "equity": 1116260,
            "current_ratio": 514.57,
            "debt_ratio": 17.3,
            "inventory_turnover_ratio": 2.27,
            "account_receivable_turnover_ratio": 0.85,
            "reinvestment_rate": 0.84,
            "research_to_sale_ratio": 7.29,
            "price_fair": 317.63,
            "eps_avg_yearly": 9.08,
            "eps_latest_yearly": 7.12,
            "eps_growth_yearly": 63.22
        },
        "20202": {
            "year_quarter": 20202,
            "year": 2020,
            "quarter": 2,
            "eps": 2.15,
            "eps_growth_year": 8.04,
            "eps_4q": 9.95,
            "eps_4q_growth_year": 16.14,
            "roe": 5.78,
            "roe_4q": 27.740000000000002,
            "gross_profit": 144718,
            "gross_margin": 53.44,
            "gross_margin_4q_avg": 52.76,
            "net_income": 60555,
            "revenue": 270805,
            "common_shares": 282107,
            "book_valuer_per_share": 34.68,
            "book_valuer_per_share_4q_avg": 36.56,
            "equity": 978412,
            "current_ratio": 275.37,
            "debt_ratio": 31.14,
            "inventory_turnover_ratio": 2.79,
            "account_receivable_turnover_ratio": 0.95,
            "reinvestment_rate": 0.95,
            "research_to_sale_ratio": 7.53,
            "price_fair": 321.13,
            "eps_avg_yearly": 9.18,
            "eps_latest_yearly": 8.6,
            "eps_growth_yearly": 64.44
        },
        "20203": {
            "year_quarter": 20203,
            "year": 2020,
            "quarter": 3,
            "eps": 2.26,
            "eps_growth_year": -7.38,
            "eps_4q": 9.77,
            "eps_4q_growth_year": 7.07,
            "roe": 6.3,
            "roe_4q": 26.650000000000002,
            "gross_profit": 163574,
            "gross_margin": 55.11,
            "gross_margin_4q_avg": 52.78,
            "net_income": 63677,
            "revenue": 296823,
            "common_shares": 282107,
            "book_valuer_per_share": 36.98,
            "book_valuer_per_share_4q_avg": 37.26,
            "equity": 1043214,
            "current_ratio": 468.21,
            "debt_ratio": 18.75,
            "inventory_turnover_ratio": 2.83,
            "account_receivable_turnover_ratio": 1.05,
            "reinvestment_rate": 1,
            "research_to_sale_ratio": 7.03,
            "price_fair": 328.65,
            "eps_avg_yearly": 9.39,
            "eps_latest_yearly": 9.04,
            "eps_growth_yearly": 70.72
        },
        "20204": {
            "year_quarter": 20204,
            "year": 2020,
            "quarter": 4,
            "eps": 3.76,
            "eps_growth_year": 4.95,
            "eps_4q": 9.95,
            "eps_4q_growth_year": 5.39,
            "roe": 9.68,
            "roe_4q": 26.37,
            "gross_profit": 226556,
            "gross_margin": 52.14,
            "gross_margin_4q_avg": 52.73,
            "net_income": 106188,
            "revenue": 434515,
            "common_shares": 282107,
            "book_valuer_per_share": 40.79,
            "book_valuer_per_share_4q_avg": 38.01,
            "equity": 1150656,
            "current_ratio": 402.05,
            "debt_ratio": 22.37,
            "inventory_turnover_ratio": 4.41,
            "account_receivable_turnover_ratio": 1.19,
            "reinvestment_rate": 0.59,
            "research_to_sale_ratio": 5.22,
            "price_fair": 334.95,
            "eps_avg_yearly": 9.57,
            "eps_latest_yearly": 15.04,
            "eps_growth_yearly": 58.03
        },
        "20211": {
            "year_quarter": 20211,
            "year": 2021,
            "quarter": 1,
            "eps": 1.72,
            "eps_growth_year": -3.37,
            "eps_4q": 9.89,
            "eps_4q_growth_year": 0.97,
            "roe": 4.14,
            "roe_4q": 25.900000000000002,
            "gross_profit": 145545,
            "gross_margin": 52.96,
            "gross_margin_4q_avg": 53.41,
            "net_income": 48653,
            "revenue": 274803,
            "common_shares": 282107,
            "book_valuer_per_share": 42.49,
            "book_valuer_per_share_4q_avg": 38.74,
            "equity": 1198783,
            "current_ratio": 481.13,
            "debt_ratio": 19.03,
            "inventory_turnover_ratio": 3.08,
            "account_receivable_turnover_ratio": 0.75,
            "reinvestment_rate": 0.69,
            "research_to_sale_ratio": 8.24,
            "price_fair": 339.33,
            "eps_avg_yearly": 9.7,
            "eps_latest_yearly": 6.88,
            "eps_growth_yearly": 59.43
        },
        "20212": {
            "year_quarter": 20212,
            "year": 2021,
            "quarter": 2,
            "eps": 2.69,
            "eps_growth_year": 25.12,
            "eps_4q": 10.43,
            "eps_4q_growth_year": 4.81,
            "roe": 6.13,
            "roe_4q": 26.25,
            "gross_profit": 178728,
            "gross_margin": 53.6,
            "gross_margin_4q_avg": 53.45,
            "net_income": 75821,
            "revenue": 333471,
            "common_shares": 282107,
            "book_valuer_per_share": 45.16,
            "book_valuer_per_share_4q_avg": 41.36,
            "equity": 1274006,
            "current_ratio": 513.99,
            "debt_ratio": 17.93,
            "inventory_turnover_ratio": 4.07,
            "account_receivable_turnover_ratio": 1.04,
            "reinvestment_rate": 0.47,
            "research_to_sale_ratio": 6.67,
            "price_fair": 342.74,
            "eps_avg_yearly": 9.79,
            "eps_latest_yearly": 10.76,
            "eps_growth_yearly": 51.4
        },
        "20213": {
            "year_quarter": 20213,
            "year": 2021,
            "quarter": 3,
            "eps": 2.5,
            "eps_growth_year": 10.62,
            "eps_4q": 10.68,
            "eps_4q_growth_year": 9.29,
            "roe": 5.84,
            "roe_4q": 25.79,
            "gross_profit": 166153,
            "gross_margin": 52.94,
            "gross_margin_4q_avg": 52.91,
            "net_income": 70653,
            "revenue": 313857,
            "common_shares": 282107,
            "book_valuer_per_share": 40.66,
            "book_valuer_per_share_4q_avg": 42.28,
            "equity": 1147061,
            "current_ratio": 508,
            "debt_ratio": 17.9,
            "inventory_turnover_ratio": 4.05,
            "account_receivable_turnover_ratio": 0.96,
            "reinvestment_rate": 0.52,
            "research_to_sale_ratio": 6.84,
            "price_fair": 349.74,
            "eps_avg_yearly": 9.99,
            "eps_latest_yearly": 10,
            "eps_growth_yearly": 56.15
        },
        "20214": {
            "year_quarter": 20214,
            "year": 2021,
            "quarter": 4,
            "eps": 4.44,
            "eps_growth_year": 17.86,
            "eps_4q": 11.35,
            "eps_4q_growth_year": 14.1,
            "roe": 10.34,
            "roe_4q": 26.45,
            "gross_profit": 243556,
            "gross_margin": 52.99,
            "gross_margin_4q_avg": 53.12,
            "net_income": 125158,
            "revenue": 459643,
            "common_shares": 282107,
            "book_valuer_per_share": 45.14,
            "book_valuer_per_share_4q_avg": 43.36,
            "equity": 1273445,
            "current_ratio": 416.03,
            "debt_ratio": 22.39,
            "inventory_turnover_ratio": 5.86,
            "account_receivable_turnover_ratio": 1.16,
            "reinvestment_rate": 0.76,
            "research_to_sale_ratio": 4.89,
            "price_fair": 355.78,
            "eps_avg_yearly": 10.17,
            "eps_latest_yearly": 17.76,
            "eps_growth_yearly": 45.41
        },
        "20221": {
            "year_quarter": 20221,
            "year": 2022,
            "quarter": 1,
            "eps": 2.47,
            "eps_growth_year": 43.6,
            "eps_4q": 12.1,
            "eps_4q_growth_year": 22.32,
            "roe": 5.32,
            "roe_4q": 27.63,
            "gross_profit": 175899,
            "gross_margin": 54.86,
            "gross_margin_4q_avg": 53.6,
            "net_income": 69727,
            "revenue": 320656,
            "common_shares": 282107,
            "book_valuer_per_share": 47.72,
            "book_valuer_per_share_4q_avg": 44.67,
            "equity": 1346262,
            "current_ratio": 484.72,
            "debt_ratio": 19.79,
            "inventory_turnover_ratio": 4.1,
            "account_receivable_turnover_ratio": 0.78,
            "reinvestment_rate": -0.12,
            "research_to_sale_ratio": 7.71,
            "price_fair": 355.69,
            "eps_avg_yearly": 10.16,
            "eps_latest_yearly": 9.88,
            "eps_growth_yearly": 42.78
        },
        "20222": {
            "year_quarter": 20222,
            "year": 2022,
            "quarter": 2,
            "eps": 2.21,
            "eps_growth_year": -17.84,
            "eps_4q": 11.63,
            "eps_4q_growth_year": 11.42,
            "roe": 4.94,
            "roe_4q": 26.44,
            "gross_profit": 179328,
            "gross_margin": 53.85,
            "gross_margin_4q_avg": 53.66,
            "net_income": 62415,
            "revenue": 332986,
            "common_shares": 282107,
            "book_valuer_per_share": 41.89,
            "book_valuer_per_share_4q_avg": 43.85,
            "equity": 1181703,
            "current_ratio": 295.35,
            "debt_ratio": 30.67,
            "inventory_turnover_ratio": 4.36,
            "account_receivable_turnover_ratio": 0.97,
            "reinvestment_rate": -0.3,
            "research_to_sale_ratio": 7.06,
            "price_fair": 355.08,
            "eps_avg_yearly": 10.15,
            "eps_latest_yearly": 8.84,
            "eps_growth_yearly": 42.17
        },
        "20223": {
            "year_quarter": 20223,
            "year": 2022,
            "quarter": 3,
            "eps": 1.96,
            "eps_growth_year": -21.6,
            "eps_4q": 11.09,
            "eps_4q_growth_year": 3.78,
            "roe": 4.58,
            "roe_4q": 25.18,
            "gross_profit": 147968,
            "gross_margin": 52.63,
            "gross_margin_4q_avg": 53.58,
            "net_income": 55418,
            "revenue": 281148,
            "common_shares": 282107,
            "book_valuer_per_share": 43.88,
            "book_valuer_per_share_4q_avg": 44.66,
            "equity": 1237814,
            "current_ratio": 545.21,
            "debt_ratio": 17.52,
            "inventory_turnover_ratio": 2.91,
            "account_receivable_turnover_ratio": 0.93,
            "reinvestment_rate": -0.42,
            "research_to_sale_ratio": 8.29,
            "price_fair": 355.78,
            "eps_avg_yearly": 10.17,
            "eps_latest_yearly": 7.84,
            "eps_growth_yearly": 43.72
        },
        "20224": {
            "year_quarter": 20224,
            "year": 2022,
            "quarter": 4,
            "eps": 4.2,
            "eps_growth_year": -5.29,
            "eps_4q": 10.85,
            "eps_4q_growth_year": -4.43,
            "roe": 9.11,
            "roe_4q": 23.95,
            "gross_profit": 244615,
            "gross_margin": 53.23,
            "gross_margin_4q_avg": 53.64,
            "net_income": 118534,
            "revenue": 459575,
            "common_shares": 282107,
            "book_valuer_per_share": 48.35,
            "book_valuer_per_share_4q_avg": 45.46,
            "equity": 1363918,
            "current_ratio": 462.09,
            "debt_ratio": 20.4,
            "inventory_turnover_ratio": 3.74,
            "account_receivable_turnover_ratio": 1.3,
            "reinvestment_rate": -0.16,
            "research_to_sale_ratio": 5.69,
            "price_fair": 363.91,
            "eps_avg_yearly": 10.4,
            "eps_latest_yearly": 16.8,
            "eps_growth_yearly": 53.81
        },
        "20231": {
            "year_quarter": 20231,
            "year": 2023,
            "quarter": 1,
            "eps": 2.12,
            "eps_growth_year": -14.17,
            "eps_4q": 10.5,
            "eps_4q_growth_year": -13.2,
            "roe": 4.3,
            "roe_4q": 22.930000000000003,
            "gross_profit": 167482,
            "gross_margin": 53.38,
            "gross_margin_4q_avg": 53.27,
            "net_income": 59935,
            "revenue": 313733,
            "common_shares": 282107,
            "book_valuer_per_share": 50.49,
            "book_valuer_per_share_4q_avg": 46.15,
            "equity": 1424394,
            "current_ratio": 533.26,
            "debt_ratio": 17.83,
            "inventory_turnover_ratio": 2.24,
            "account_receivable_turnover_ratio": 0.8,
            "reinvestment_rate": -0.12,
            "research_to_sale_ratio": 8.72,
            "price_fair": 369.95,
            "eps_avg_yearly": 10.57,
            "eps_latest_yearly": 8.48,
            "eps_growth_yearly": 55.5
        }
    },
    "months": {
        "2011-03": {
            "month": "2011-03",
            "price": "69.05",
            "revenue": 43996
        },
        "2011-04": {
            "month": "2011-04",
            "price": "73.03",
            "revenue": 43977
        },
        "2011-05": {
            "month": "2011-05",
            "price": "84.62",
            "revenue": 40939
        },
        "2011-06": {
            "month": "2011-06",
            "price": "81.56",
            "revenue": 36549
        },
        "2011-07": {
            "month": "2011-07",
            "price": "78.92",
            "revenue": 45267
        },
        "2011-08": {
            "month": "2011-08",
            "price": "67.00",
            "revenue": 33999
        },
        "2011-09": {
            "month": "2011-09",
            "price": "63.63",
            "revenue": 45315
        },
        "2011-10": {
            "month": "2011-10",
            "price": "59.20",
            "revenue": 38604
        },
        "2011-11": {
            "month": "2011-11",
            "price": "60.95",
            "revenue": 45719
        },
        "2011-12": {
            "month": "2011-12",
            "price": "62.83",
            "revenue": 53945
        },
        "2012-01": {
            "month": "2012-01",
            "price": "64.34",
            "revenue": 17666
        },
        "2012-02": {
            "month": "2012-02",
            "price": "66.79",
            "revenue": 24087
        },
        "2012-03": {
            "month": "2012-03",
            "price": "70.23",
            "revenue": 53788
        },
        "2012-04": {
            "month": "2012-04",
            "price": "68.89",
            "revenue": 35249
        },
        "2012-05": {
            "month": "2012-05",
            "price": "67.16",
            "revenue": 33865
        },
        "2012-06": {
            "month": "2012-06",
            "price": "63.41",
            "revenue": 46929
        },
        "2012-07": {
            "month": "2012-07",
            "price": "61.84",
            "revenue": 32196
        },
        "2012-08": {
            "month": "2012-08",
            "price": "63.32",
            "revenue": 27254
        },
        "2012-09": {
            "month": "2012-09",
            "price": "64.24",
            "revenue": 42187
        },
        "2012-10": {
            "month": "2012-10",
            "price": "56.71",
            "revenue": 37186
        },
        "2012-11": {
            "month": "2012-11",
            "price": "51.23",
            "revenue": 47865
        },
        "2012-12": {
            "month": "2012-12",
            "price": "53.33",
            "revenue": 63641
        },
        "2013-01": {
            "month": "2013-01",
            "price": "56.05",
            "revenue": 48264
        },
        "2013-02": {
            "month": "2013-02",
            "price": "60.61",
            "revenue": 37393
        },
        "2013-03": {
            "month": "2013-03",
            "price": "72.91",
            "revenue": 41562
        },
        "2013-04": {
            "month": "2013-04",
            "price": "113.01",
            "revenue": 52748
        },
        "2013-05": {
            "month": "2013-05",
            "price": "119.00",
            "revenue": 62228
        },
        "2013-06": {
            "month": "2013-06",
            "price": "204.71",
            "revenue": 75518
        },
        "2013-07": {
            "month": "2013-07",
            "price": "199.28",
            "revenue": 56948
        },
        "2013-08": {
            "month": "2013-08",
            "price": "185.10",
            "revenue": 52168
        },
        "2013-09": {
            "month": "2013-09",
            "price": "162.02",
            "revenue": 48646
        },
        "2013-10": {
            "month": "2013-10",
            "price": "148.91",
            "revenue": 61297
        },
        "2013-11": {
            "month": "2013-11",
            "price": "169.24",
            "revenue": 75082
        },
        "2013-12": {
            "month": "2013-12",
            "price": "190.59",
            "revenue": 78196
        },
        "2014-01": {
            "month": "2014-01",
            "price": "180.28",
            "revenue": 49916
        },
        "2014-02": {
            "month": "2014-02",
            "price": "166.97",
            "revenue": 42349
        },
        "2014-03": {
            "month": "2014-03",
            "price": "162.40",
            "revenue": 67515
        },
        "2014-04": {
            "month": "2014-04",
            "price": "160.26",
            "revenue": 71631
        },
        "2014-05": {
            "month": "2014-05",
            "price": "162.00",
            "revenue": 59834
        },
        "2014-06": {
            "month": "2014-06",
            "price": "167.50",
            "revenue": 59959
        },
        "2014-07": {
            "month": "2014-07",
            "price": "154.57",
            "revenue": 74731
        },
        "2014-08": {
            "month": "2014-08",
            "price": "146.21",
            "revenue": 56027
        },
        "2014-09": {
            "month": "2014-09",
            "price": "150.19",
            "revenue": 75355
        },
        "2014-10": {
            "month": "2014-10",
            "price": "130.16",
            "revenue": 61465
        },
        "2014-11": {
            "month": "2014-11",
            "price": "124.95",
            "revenue": 71825
        },
        "2014-12": {
            "month": "2014-12",
            "price": "127.44",
            "revenue": 98041
        },
        "2015-01": {
            "month": "2015-01",
            "price": "129.25",
            "revenue": 64296
        },
        "2015-02": {
            "month": "2015-02",
            "price": "130.77",
            "revenue": 48949
        },
        "2015-03": {
            "month": "2015-03",
            "price": "131.34",
            "revenue": 70215
        },
        "2015-04": {
            "month": "2015-04",
            "price": "146.48",
            "revenue": 68808
        },
        "2015-05": {
            "month": "2015-05",
            "price": "132.55",
            "revenue": 73030
        },
        "2015-06": {
            "month": "2015-06",
            "price": "116.79",
            "revenue": 67272
        },
        "2015-07": {
            "month": "2015-07",
            "price": "110.32",
            "revenue": 56863
        },
        "2015-08": {
            "month": "2015-08",
            "price": "102.73",
            "revenue": 60514
        },
        "2015-09": {
            "month": "2015-09",
            "price": "92.92",
            "revenue": 56926
        },
        "2015-10": {
            "month": "2015-10",
            "price": "103.11",
            "revenue": 84518
        },
        "2015-11": {
            "month": "2015-11",
            "price": "100.90",
            "revenue": 91239
        },
        "2015-12": {
            "month": "2015-12",
            "price": "98.28",
            "revenue": 150928
        },
        "2016-01": {
            "month": "2016-01",
            "price": "90.75",
            "revenue": 74541
        },
        "2016-02": {
            "month": "2016-02",
            "price": "93.75",
            "revenue": 50445
        },
        "2016-03": {
            "month": "2016-03",
            "price": "107.39",
            "revenue": 89205
        },
        "2016-04": {
            "month": "2016-04",
            "price": "111.08",
            "revenue": 59887
        },
        "2016-05": {
            "month": "2016-05",
            "price": "101.11",
            "revenue": 82734
        },
        "2016-06": {
            "month": "2016-06",
            "price": "102.31",
            "revenue": 75982
        },
        "2016-07": {
            "month": "2016-07",
            "price": "98.28",
            "revenue": 75506
        },
        "2016-08": {
            "month": "2016-08",
            "price": "99.12",
            "revenue": 64668
        },
        "2016-09": {
            "month": "2016-09",
            "price": "98.17",
            "revenue": 60046
        },
        "2016-10": {
            "month": "2016-10",
            "price": "94.36",
            "revenue": 66562
        },
        "2016-11": {
            "month": "2016-11",
            "price": "86.96",
            "revenue": 79636
        },
        "2016-12": {
            "month": "2016-12",
            "price": "87.62",
            "revenue": 148807
        },
        "2017-01": {
            "month": "2017-01",
            "price": "88.30",
            "revenue": 39049
        },
        "2017-02": {
            "month": "2017-02",
            "price": "89.03",
            "revenue": 60290
        },
        "2017-03": {
            "month": "2017-03",
            "price": "92.71",
            "revenue": 79026
        },
        "2017-04": {
            "month": "2017-04",
            "price": "92.33",
            "revenue": 76520
        },
        "2017-05": {
            "month": "2017-05",
            "price": "91.41",
            "revenue": 76189
        },
        "2017-06": {
            "month": "2017-06",
            "price": "101.23",
            "revenue": 112901
        },
        "2017-07": {
            "month": "2017-07",
            "price": "100.62",
            "revenue": 65603
        },
        "2017-08": {
            "month": "2017-08",
            "price": "95.09",
            "revenue": 73216
        },
        "2017-09": {
            "month": "2017-09",
            "price": "93.79",
            "revenue": 73746
        },
        "2017-10": {
            "month": "2017-10",
            "price": "93.46",
            "revenue": 76578
        },
        "2017-11": {
            "month": "2017-11",
            "price": "95.06",
            "revenue": 80496
        },
        "2017-12": {
            "month": "2017-12",
            "price": "95.71",
            "revenue": 179445
        },
        "2018-01": {
            "month": "2018-01",
            "price": "105.98",
            "revenue": 93119
        },
        "2018-02": {
            "month": "2018-02",
            "price": "110.00",
            "revenue": 75561
        },
        "2018-03": {
            "month": "2018-03",
            "price": "131.93",
            "revenue": 111947
        },
        "2018-04": {
            "month": "2018-04",
            "price": "150.19",
            "revenue": 76648
        },
        "2018-05": {
            "month": "2018-05",
            "price": "140.50",
            "revenue": 81714
        },
        "2018-06": {
            "month": "2018-06",
            "price": "141.62",
            "revenue": 121058
        },
        "2018-07": {
            "month": "2018-07",
            "price": "122.36",
            "revenue": 87499
        },
        "2018-08": {
            "month": "2018-08",
            "price": "120.20",
            "revenue": 87355
        },
        "2018-09": {
            "month": "2018-09",
            "price": "119.89",
            "revenue": 94446
        },
        "2018-10": {
            "month": "2018-10",
            "price": "116.68",
            "revenue": 93282
        },
        "2018-11": {
            "month": "2018-11",
            "price": "116.41",
            "revenue": 98398
        },
        "2018-12": {
            "month": "2018-12",
            "price": "122.67",
            "revenue": 168698
        },
        "2019-01": {
            "month": "2019-01",
            "price": "127.38",
            "revenue": 86283
        },
        "2019-02": {
            "month": "2019-02",
            "price": "126.77",
            "revenue": 71814
        },
        "2019-03": {
            "month": "2019-03",
            "price": "125.42",
            "revenue": 97425
        },
        "2019-04": {
            "month": "2019-04",
            "price": "124.35",
            "revenue": 86283
        },
        "2019-05": {
            "month": "2019-05",
            "price": "121.02",
            "revenue": 90654
        },
        "2019-06": {
            "month": "2019-06",
            "price": "120.42",
            "revenue": 108178
        },
        "2019-07": {
            "month": "2019-07",
            "price": "117.09",
            "revenue": 106075
        },
        "2019-08": {
            "month": "2019-08",
            "price": "112.64",
            "revenue": 106769
        },
        "2019-09": {
            "month": "2019-09",
            "price": "114.37",
            "revenue": 82975
        },
        "2019-10": {
            "month": "2019-10",
            "price": "112.02",
            "revenue": 89626
        },
        "2019-11": {
            "month": "2019-11",
            "price": "110.55",
            "revenue": 113348
        },
        "2019-12": {
            "month": "2019-12",
            "price": "115.05",
            "revenue": 189470
        },
        "2020-01": {
            "month": "2020-01",
            "price": "118.03",
            "revenue": 105668
        },
        "2020-02": {
            "month": "2020-02",
            "price": "118.45",
            "revenue": 85630
        },
        "2020-03": {
            "month": "2020-03",
            "price": "108.41",
            "revenue": 96604
        },
        "2020-04": {
            "month": "2020-04",
            "price": "109.48",
            "revenue": 86146
        },
        "2020-05": {
            "month": "2020-05",
            "price": "114.90",
            "revenue": 85656
        },
        "2020-06": {
            "month": "2020-06",
            "price": "117.80",
            "revenue": 99013
        },
        "2020-07": {
            "month": "2020-07",
            "price": "111.93",
            "revenue": 92896
        },
        "2020-08": {
            "month": "2020-08",
            "price": "110.98",
            "revenue": 97130
        },
        "2020-09": {
            "month": "2020-09",
            "price": "107.86",
            "revenue": 106847
        },
        "2020-10": {
            "month": "2020-10",
            "price": "109.63",
            "revenue": 97144
        },
        "2020-11": {
            "month": "2020-11",
            "price": "114.71",
            "revenue": 113478
        },
        "2020-12": {
            "month": "2020-12",
            "price": "114.17",
            "revenue": 224094
        },
        "2021-01": {
            "month": "2021-01",
            "price": "124.40",
            "revenue": 91582
        },
        "2021-02": {
            "month": "2021-02",
            "price": "121.88",
            "revenue": 68882
        },
        "2021-03": {
            "month": "2021-03",
            "price": "124.07",
            "revenue": 114405
        },
        "2021-04": {
            "month": "2021-04",
            "price": "124.55",
            "revenue": 104078
        },
        "2021-05": {
            "month": "2021-05",
            "price": "118.69",
            "revenue": 102269
        },
        "2021-06": {
            "month": "2021-06",
            "price": "119.48",
            "revenue": 127108
        },
        "2021-07": {
            "month": "2021-07",
            "price": "124.68",
            "revenue": 104366
        },
        "2021-08": {
            "month": "2021-08",
            "price": "119.93",
            "revenue": 111304
        },
        "2021-09": {
            "month": "2021-09",
            "price": "120.58",
            "revenue": 101319
        },
        "2021-10": {
            "month": "2021-10",
            "price": "117.02",
            "revenue": 92698
        },
        "2021-11": {
            "month": "2021-11",
            "price": "119.02",
            "revenue": 111801
        },
        "2021-12": {
            "month": "2021-12",
            "price": "119.16",
            "revenue": 251795
        },
        "2022-01": {
            "month": "2022-01",
            "price": "122.08",
            "revenue": 106090
        },
        "2022-02": {
            "month": "2022-02",
            "price": "123.32",
            "revenue": 73027
        },
        "2022-03": {
            "month": "2022-03",
            "price": "125.04",
            "revenue": 141644
        },
        "2022-04": {
            "month": "2022-04",
            "price": "130.03",
            "revenue": 104653
        },
        "2022-05": {
            "month": "2022-05",
            "price": "131.02",
            "revenue": 91683
        },
        "2022-06": {
            "month": "2022-06",
            "price": "126.78",
            "revenue": 136630
        },
        "2022-07": {
            "month": "2022-07",
            "price": "121.88",
            "revenue": 89840
        },
        "2022-08": {
            "month": "2022-08",
            "price": "122.80",
            "revenue": 95820
        },
        "2022-09": {
            "month": "2022-09",
            "price": "120.75",
            "revenue": 95473
        },
        "2022-10": {
            "month": "2022-10",
            "price": "113.18",
            "revenue": 115902
        },
        "2022-11": {
            "month": "2022-11",
            "price": "112.25",
            "revenue": 120876
        },
        "2022-12": {
            "month": "2022-12",
            "price": "114.40",
            "revenue": 222712
        },
        "2023-01": {
            "month": "2023-01",
            "price": "116.38",
            "revenue": 92579
        },
        "2023-02": {
            "month": "2023-02",
            "price": "118.28",
            "revenue": 85074
        },
        "2023-03": {
            "month": "2023-03",
            "price": "124.48",
            "revenue": 136101
        },
        "2023-04": {
            "month": "2023-04",
            "price": "138.62",
            "revenue": 134249
        }
    }
}
