{
    "summary": {
        "stock_name": "捷必勝-KY",
        "stock_id": "8418",
        "category": "其他",
        "main_business": "工業重型機械之租賃、買賣<br>提供相關後勤支援服務，如設備之維修、保養、零配件供應等",
        "website_url": "http://www.jpnelson.com.sg",
        "ceo": "林永車",
        "pe_ratio": -4,
        "report_year_from": 2009,
        "report_year_to": 2023,
        "age": 15,
        "eps_negative_percentage": 69,
        "eps_growth_avg": {
            "last_all": -51.71,
            "last_2y": null,
            "last_4y": null,
            "last_8y": -100,
            "last_12y": null,
            "last_16y": null,
            "last_20y": null,
            "at_2006_last_3y": null,
            "at_2007_last_3y": null,
            "at_2008_last_3y": null,
            "at_2009_last_3y": null,
            "at_2010_last_3y": null,
            "at_2011_last_3y": null,
            "at_2012_last_3y": null,
            "at_2013_last_3y": null,
            "at_2014_last_3y": null,
            "at_2015_last_3y": -51.71,
            "at_2016_last_3y": -41.24,
            "at_2017_last_3y": -79.55,
            "at_2018_last_3y": -100,
            "at_2019_last_3y": null,
            "at_2020_last_3y": null,
            "at_2021_last_3y": null,
            "at_2022_last_3y": null,
            "at_2023_last_3y": null,
            "at_2024_last_3y": null,
            "at_2006_last_all": null,
            "at_2007_last_all": null,
            "at_2008_last_all": null,
            "at_2009_last_all": null,
            "at_2010_last_all": null,
            "at_2011_last_all": null,
            "at_2012_last_all": null,
            "at_2013_last_all": -23.87,
            "at_2014_last_all": -35.61,
            "at_2015_last_all": -51.71,
            "at_2016_last_all": -51.71,
            "at_2017_last_all": -51.71,
            "at_2018_last_all": -51.71,
            "at_2019_last_all": -51.71,
            "at_2020_last_all": -51.71,
            "at_2021_last_all": -51.71,
            "at_2022_last_all": -51.71,
            "at_2023_last_all": -51.71,
            "at_2024_last_all": -51.71
        },
        "latest_eps": -2.09,
        "latest_price": 8.93,
        "latest_roe": -21.53,
        "latest_gross_margin": 10.9,
        "latest_equity": 722148,
        "latest_revenue": 474677,
        "latest_gross_profit": 51763,
        "latest_net_income": -43964,
        "latest_debt_ratio": 75.74,
        "latest_current_ratio": 65.56,
        "latest_account_receivable_turnover_ratio": 1.18,
        "latest_inventory_turnover_ratio": 1.08,
        "latest_reinvestment_rate": null,
        "latest_research_to_sale_ratio": null
    },
    "eps_dividends": {
        "2001": {
            "cash": 0,
            "stock": 0,
            "eps": 0
        },
        "2002": {
            "cash": 0,
            "stock": 0,
            "eps": 0
        },
        "2003": {
            "cash": 0,
            "stock": 0,
            "eps": 0
        },
        "2004": {
            "cash": 0,
            "stock": 0,
            "eps": 0
        },
        "2005": {
            "cash": 0,
            "stock": 0,
            "eps": 0
        },
        "2006": {
            "cash": 0,
            "stock": 0,
            "eps": 0
        },
        "2007": {
            "cash": 0,
            "stock": 0,
            "eps": 0
        },
        "2008": {
            "cash": 0,
            "stock": 0,
            "eps": 0
        },
        "2009": {
            "cash": 0,
            "stock": 0,
            "eps": 0
        },
        "2010": {
            "cash": 0,
            "stock": 0,
            "eps": 0
        },
        "2011": {
            "cash": 0.2,
            "stock": 0,
            "eps": 3.85
        },
        "2012": {
            "cash": 2,
            "stock": 1,
            "eps": 0.65
        },
        "2013": {
            "cash": 0.35,
            "stock": 0,
            "eps": 0.88
        },
        "2014": {
            "cash": 0.45,
            "stock": 0,
            "eps": 0.36
        },
        "2015": {
            "cash": 0.2,
            "stock": 0,
            "eps": -2.4
        },
        "2016": {
            "cash": 0,
            "stock": 0,
            "eps": -1.29
        },
        "2017": {
            "cash": 0.2,
            "stock": 0,
            "eps": -5.49
        },
        "2018": {
            "cash": 0,
            "stock": 0,
            "eps": -1.84
        },
        "2019": {
            "cash": 0,
            "stock": 0,
            "eps": -1.11
        },
        "2020": {
            "cash": 0,
            "stock": 0,
            "eps": -1.7
        },
        "2021": {
            "cash": 0,
            "stock": 0,
            "eps": -1.97
        },
        "2022": {
            "cash": 0,
            "stock": 0,
            "eps": -1.53
        },
        "2023": {
            "cash": 0,
            "stock": 0,
            "eps": -1.87
        }
    },
    "dividends": {
        "2011-05-09": {
            "cash": 0.2,
            "stock": 0
        },
        "2012-06-22": {
            "cash": 2,
            "stock": 1
        },
        "2013-06-05": {
            "cash": 0.35,
            "stock": 0
        },
        "2014-06-09": {
            "cash": 0.45,
            "stock": 0
        },
        "2015-09-03": {
            "cash": 0.2,
            "stock": 0
        },
        "2017-09-27": {
            "cash": 0.2,
            "stock": 0
        }
    },
    "prices": {
        "200101": "無",
        "200102": "無",
        "200103": "無",
        "200104": "無",
        "200105": "無",
        "200106": "無",
        "200107": "無",
        "200108": "無",
        "200109": "無",
        "200110": "無",
        "200111": "無",
        "200112": "無",
        "200201": "無",
        "200202": "無",
        "200203": "無",
        "200204": "無",
        "200205": "無",
        "200206": "無",
        "200207": "無",
        "200208": "無",
        "200209": "無",
        "200210": "無",
        "200211": "無",
        "200212": "無",
        "200301": "無",
        "200302": "無",
        "200303": "無",
        "200304": "無",
        "200305": "無",
        "200306": "無",
        "200307": "無",
        "200308": "無",
        "200309": "無",
        "200310": "無",
        "200311": "無",
        "200312": "無",
        "200401": "無",
        "200402": "無",
        "200403": "無",
        "200404": "無",
        "200405": "無",
        "200406": "無",
        "200407": "無",
        "200408": "無",
        "200409": "無",
        "200410": "無",
        "200411": "無",
        "200412": "無",
        "200501": "無",
        "200502": "無",
        "200503": "無",
        "200504": "無",
        "200505": "無",
        "200506": "無",
        "200507": "無",
        "200508": "無",
        "200509": "無",
        "200510": "無",
        "200511": "無",
        "200512": "無",
        "200601": "無",
        "200602": "無",
        "200603": "無",
        "200604": "無",
        "200605": "無",
        "200606": "無",
        "200607": "無",
        "200608": "無",
        "200609": "無",
        "200610": "無",
        "200611": "無",
        "200612": "無",
        "200701": "無",
        "200702": "無",
        "200703": "無",
        "200704": "無",
        "200705": "無",
        "200706": "無",
        "200707": "無",
        "200708": "無",
        "200709": "無",
        "200710": "無",
        "200711": "無",
        "200712": "無",
        "200801": "無",
        "200802": "無",
        "200803": "無",
        "200804": "無",
        "200805": "無",
        "200806": "無",
        "200807": "無",
        "200808": "無",
        "200809": "無",
        "200810": "無",
        "200811": "無",
        "200812": "無",
        "200901": "無",
        "200902": "無",
        "200903": "無",
        "200904": "無",
        "200905": "無",
        "200906": "無",
        "200907": "無",
        "200908": "無",
        "200909": "無",
        "200910": "無",
        "200911": "無",
        "200912": "無",
        "201001": "無",
        "201002": "無",
        "201003": "無",
        "201004": "無",
        "201005": "無",
        "201006": "無",
        "201007": "無",
        "201008": "無",
        "201009": "無",
        "201010": "無",
        "201011": "無",
        "201012": "無",
        "201101": "無",
        "201102": "無",
        "201103": "無",
        "201104": "無",
        "201105": "48.12",
        "201106": "51.79",
        "201107": "51.50",
        "201108": "50.91",
        "201109": "50.20",
        "201110": "55.72",
        "201111": "57.84",
        "201112": "40.79",
        "201201": "41.00",
        "201202": "45.54",
        "201203": "50.70",
        "201204": "48.62",
        "201205": "47.18",
        "201206": "44.81",
        "201207": "41.64",
        "201208": "37.01",
        "201209": "33.86",
        "201210": "33.00",
        "201211": "26.76",
        "201212": "28.16",
        "201301": "28.21",
        "201302": "26.76",
        "201303": "28.11",
        "201304": "28.80",
        "201305": "30.00",
        "201306": "29.24",
        "201307": "28.62",
        "201308": "29.28",
        "201309": "29.32",
        "201310": "29.40",
        "201311": "27.26",
        "201312": "27.73",
        "201401": "28.80",
        "201402": "25.58",
        "201403": "31.15",
        "201404": "31.74",
        "201405": "30.53",
        "201406": "30.75",
        "201407": "26.60",
        "201408": "24.35",
        "201409": "24.68",
        "201410": "23.45",
        "201411": "23.01",
        "201412": "24.86",
        "201501": "23.65",
        "201502": "22.07",
        "201503": "21.74",
        "201504": "19.79",
        "201505": "19.30",
        "201506": "19.26",
        "201507": "19.23",
        "201508": "19.36",
        "201509": "18.52",
        "201510": "17.64",
        "201511": "16.13",
        "201512": "14.76",
        "201601": "15.05",
        "201602": "15.03",
        "201603": "14.99",
        "201604": "13.31",
        "201605": "12.94",
        "201606": "12.79",
        "201607": "12.33",
        "201608": "11.81",
        "201609": "11.58",
        "201610": "11.79",
        "201611": "10.75",
        "201612": "10.95",
        "201701": "11.26",
        "201702": "13.66",
        "201703": "13.57",
        "201704": "14.22",
        "201705": "14.86",
        "201706": "15.69",
        "201707": "16.29",
        "201708": "16.20",
        "201709": "15.79",
        "201710": "15.96",
        "201711": "14.67",
        "201712": "12.71",
        "201801": "12.18",
        "201802": "12.46",
        "201803": "13.30",
        "201804": "13.23",
        "201805": "13.75",
        "201806": "13.16",
        "201807": "13.46",
        "201808": "13.31",
        "201809": "13.41",
        "201810": "13.34",
        "201811": "13.67",
        "201812": "13.57",
        "201901": "13.60",
        "201902": "13.62",
        "201903": "14.72",
        "201904": "15.52",
        "201905": "16.05",
        "201906": "16.57",
        "201907": "16.37",
        "201908": "15.19",
        "201909": "14.79",
        "201910": "14.67",
        "201911": "14.35",
        "201912": "14.45",
        "202001": "14.16",
        "202002": "13.99",
        "202003": "13.78",
        "202004": "13.36",
        "202005": "13.50",
        "202006": "13.82",
        "202007": "13.54",
        "202008": "13.22",
        "202009": "13.20",
        "202010": "13.04",
        "202011": "12.78",
        "202012": "12.20",
        "202101": "10.93",
        "202102": "10.52",
        "202103": "10.78",
        "202104": "10.91",
        "202105": "11.07",
        "202106": "11.75",
        "202107": "11.62",
        "202108": "10.89",
        "202109": "10.59",
        "202110": "10.48",
        "202111": "10.53",
        "202112": "10.34",
        "202201": "10.29",
        "202202": "10.14",
        "202203": "10.59",
        "202204": "10.26",
        "202205": "9.87",
        "202206": "9.90",
        "202207": "9.84",
        "202208": "10.21",
        "202209": "10.18",
        "202210": "10.02",
        "202211": "10.12",
        "202212": "9.91",
        "202301": "9.81",
        "202302": "9.83",
        "202303": "9.92",
        "202304": "9.99",
        "202305": "9.86",
        "202306": "10.10",
        "202307": "9.38",
        "202308": "9.07",
        "202309": "8.94",
        "202310": "8.81",
        "202311": "8.91",
        "202312": "8.94"
    },
    "quarters": {
        "20011": {
            "year_quarter": 20011,
            "year": 2001,
            "quarter": 1,
            "eps": null,
            "eps_growth_year": null,
            "eps_4q": null,
            "eps_4q_growth_year": null,
            "roe": null,
            "roe_4q": 0,
            "gross_profit": null,
            "gross_margin": null,
            "gross_margin_4q_avg": 0,
            "net_income": null,
            "net_income_4q": null,
            "revenue": null,
            "revenue_4q": null,
            "common_shares": null,
            "book_valuer_per_share": null,
            "book_valuer_per_share_4q_avg": 0,
            "equity": null,
            "current_ratio": null,
            "debt_ratio": null,
            "inventory_turnover_ratio": null,
            "account_receivable_turnover_ratio": null,
            "reinvestment_rate": null,
            "research_to_sale_ratio": null,
            "price_fair": 0,
            "eps_avg_yearly": 0,
            "eps_latest_yearly": 0,
            "eps_growth_yearly": 0
        },
        "20012": {
            "year_quarter": 20012,
            "year": 2001,
            "quarter": 2,
            "eps": null,
            "eps_growth_year": null,
            "eps_4q": null,
            "eps_4q_growth_year": null,
            "roe": null,
            "roe_4q": 0,
            "gross_profit": null,
            "gross_margin": null,
            "gross_margin_4q_avg": 0,
            "net_income": null,
            "net_income_4q": null,
            "revenue": null,
            "revenue_4q": null,
            "common_shares": null,
            "book_valuer_per_share": null,
            "book_valuer_per_share_4q_avg": 0,
            "equity": null,
            "current_ratio": null,
            "debt_ratio": null,
            "inventory_turnover_ratio": null,
            "account_receivable_turnover_ratio": null,
            "reinvestment_rate": null,
            "research_to_sale_ratio": null,
            "price_fair": 0,
            "eps_avg_yearly": 0,
            "eps_latest_yearly": 0,
            "eps_growth_yearly": 0
        },
        "20013": {
            "year_quarter": 20013,
            "year": 2001,
            "quarter": 3,
            "eps": null,
            "eps_growth_year": null,
            "eps_4q": null,
            "eps_4q_growth_year": null,
            "roe": null,
            "roe_4q": 0,
            "gross_profit": null,
            "gross_margin": null,
            "gross_margin_4q_avg": 0,
            "net_income": null,
            "net_income_4q": null,
            "revenue": null,
            "revenue_4q": null,
            "common_shares": null,
            "book_valuer_per_share": null,
            "book_valuer_per_share_4q_avg": 0,
            "equity": null,
            "current_ratio": null,
            "debt_ratio": null,
            "inventory_turnover_ratio": null,
            "account_receivable_turnover_ratio": null,
            "reinvestment_rate": null,
            "research_to_sale_ratio": null,
            "price_fair": 0,
            "eps_avg_yearly": 0,
            "eps_latest_yearly": 0,
            "eps_growth_yearly": 0
        },
        "20014": {
            "year_quarter": 20014,
            "year": 2001,
            "quarter": 4,
            "eps": null,
            "eps_growth_year": null,
            "eps_4q": null,
            "eps_4q_growth_year": null,
            "roe": null,
            "roe_4q": 0,
            "gross_profit": null,
            "gross_margin": null,
            "gross_margin_4q_avg": 0,
            "net_income": null,
            "net_income_4q": null,
            "revenue": null,
            "revenue_4q": null,
            "common_shares": null,
            "book_valuer_per_share": null,
            "book_valuer_per_share_4q_avg": 0,
            "equity": null,
            "current_ratio": null,
            "debt_ratio": null,
            "inventory_turnover_ratio": null,
            "account_receivable_turnover_ratio": null,
            "reinvestment_rate": null,
            "research_to_sale_ratio": null,
            "price_fair": 0,
            "eps_avg_yearly": 0,
            "eps_latest_yearly": 0,
            "eps_growth_yearly": 0
        },
        "20021": {
            "year_quarter": 20021,
            "year": 2002,
            "quarter": 1,
            "eps": null,
            "eps_growth_year": null,
            "eps_4q": null,
            "eps_4q_growth_year": null,
            "roe": null,
            "roe_4q": 0,
            "gross_profit": null,
            "gross_margin": null,
            "gross_margin_4q_avg": 0,
            "net_income": null,
            "net_income_4q": null,
            "revenue": null,
            "revenue_4q": null,
            "common_shares": null,
            "book_valuer_per_share": null,
            "book_valuer_per_share_4q_avg": 0,
            "equity": null,
            "current_ratio": null,
            "debt_ratio": null,
            "inventory_turnover_ratio": null,
            "account_receivable_turnover_ratio": null,
            "reinvestment_rate": null,
            "research_to_sale_ratio": null,
            "price_fair": 0,
            "eps_avg_yearly": 0,
            "eps_latest_yearly": 0,
            "eps_growth_yearly": 0
        },
        "20022": {
            "year_quarter": 20022,
            "year": 2002,
            "quarter": 2,
            "eps": null,
            "eps_growth_year": null,
            "eps_4q": null,
            "eps_4q_growth_year": null,
            "roe": null,
            "roe_4q": 0,
            "gross_profit": null,
            "gross_margin": null,
            "gross_margin_4q_avg": 0,
            "net_income": null,
            "net_income_4q": null,
            "revenue": null,
            "revenue_4q": null,
            "common_shares": null,
            "book_valuer_per_share": null,
            "book_valuer_per_share_4q_avg": 0,
            "equity": null,
            "current_ratio": null,
            "debt_ratio": null,
            "inventory_turnover_ratio": null,
            "account_receivable_turnover_ratio": null,
            "reinvestment_rate": null,
            "research_to_sale_ratio": null,
            "price_fair": 0,
            "eps_avg_yearly": 0,
            "eps_latest_yearly": 0,
            "eps_growth_yearly": 0
        },
        "20023": {
            "year_quarter": 20023,
            "year": 2002,
            "quarter": 3,
            "eps": null,
            "eps_growth_year": null,
            "eps_4q": null,
            "eps_4q_growth_year": null,
            "roe": null,
            "roe_4q": 0,
            "gross_profit": null,
            "gross_margin": null,
            "gross_margin_4q_avg": 0,
            "net_income": null,
            "net_income_4q": null,
            "revenue": null,
            "revenue_4q": null,
            "common_shares": null,
            "book_valuer_per_share": null,
            "book_valuer_per_share_4q_avg": 0,
            "equity": null,
            "current_ratio": null,
            "debt_ratio": null,
            "inventory_turnover_ratio": null,
            "account_receivable_turnover_ratio": null,
            "reinvestment_rate": null,
            "research_to_sale_ratio": null,
            "price_fair": 0,
            "eps_avg_yearly": 0,
            "eps_latest_yearly": 0,
            "eps_growth_yearly": 0
        },
        "20024": {
            "year_quarter": 20024,
            "year": 2002,
            "quarter": 4,
            "eps": null,
            "eps_growth_year": null,
            "eps_4q": null,
            "eps_4q_growth_year": null,
            "roe": null,
            "roe_4q": 0,
            "gross_profit": null,
            "gross_margin": null,
            "gross_margin_4q_avg": 0,
            "net_income": null,
            "net_income_4q": null,
            "revenue": null,
            "revenue_4q": null,
            "common_shares": null,
            "book_valuer_per_share": null,
            "book_valuer_per_share_4q_avg": 0,
            "equity": null,
            "current_ratio": null,
            "debt_ratio": null,
            "inventory_turnover_ratio": null,
            "account_receivable_turnover_ratio": null,
            "reinvestment_rate": null,
            "research_to_sale_ratio": null,
            "price_fair": 0,
            "eps_avg_yearly": 0,
            "eps_latest_yearly": 0,
            "eps_growth_yearly": 0
        },
        "20031": {
            "year_quarter": 20031,
            "year": 2003,
            "quarter": 1,
            "eps": null,
            "eps_growth_year": null,
            "eps_4q": null,
            "eps_4q_growth_year": null,
            "roe": null,
            "roe_4q": 0,
            "gross_profit": null,
            "gross_margin": null,
            "gross_margin_4q_avg": 0,
            "net_income": null,
            "net_income_4q": null,
            "revenue": null,
            "revenue_4q": null,
            "common_shares": null,
            "book_valuer_per_share": null,
            "book_valuer_per_share_4q_avg": 0,
            "equity": null,
            "current_ratio": null,
            "debt_ratio": null,
            "inventory_turnover_ratio": null,
            "account_receivable_turnover_ratio": null,
            "reinvestment_rate": null,
            "research_to_sale_ratio": null,
            "price_fair": 0,
            "eps_avg_yearly": 0,
            "eps_latest_yearly": 0,
            "eps_growth_yearly": 0
        },
        "20032": {
            "year_quarter": 20032,
            "year": 2003,
            "quarter": 2,
            "eps": null,
            "eps_growth_year": null,
            "eps_4q": null,
            "eps_4q_growth_year": null,
            "roe": null,
            "roe_4q": 0,
            "gross_profit": null,
            "gross_margin": null,
            "gross_margin_4q_avg": 0,
            "net_income": null,
            "net_income_4q": null,
            "revenue": null,
            "revenue_4q": null,
            "common_shares": null,
            "book_valuer_per_share": null,
            "book_valuer_per_share_4q_avg": 0,
            "equity": null,
            "current_ratio": null,
            "debt_ratio": null,
            "inventory_turnover_ratio": null,
            "account_receivable_turnover_ratio": null,
            "reinvestment_rate": null,
            "research_to_sale_ratio": null,
            "price_fair": 0,
            "eps_avg_yearly": 0,
            "eps_latest_yearly": 0,
            "eps_growth_yearly": 0
        },
        "20033": {
            "year_quarter": 20033,
            "year": 2003,
            "quarter": 3,
            "eps": null,
            "eps_growth_year": null,
            "eps_4q": null,
            "eps_4q_growth_year": null,
            "roe": null,
            "roe_4q": 0,
            "gross_profit": null,
            "gross_margin": null,
            "gross_margin_4q_avg": 0,
            "net_income": null,
            "net_income_4q": null,
            "revenue": null,
            "revenue_4q": null,
            "common_shares": null,
            "book_valuer_per_share": null,
            "book_valuer_per_share_4q_avg": 0,
            "equity": null,
            "current_ratio": null,
            "debt_ratio": null,
            "inventory_turnover_ratio": null,
            "account_receivable_turnover_ratio": null,
            "reinvestment_rate": null,
            "research_to_sale_ratio": null,
            "price_fair": 0,
            "eps_avg_yearly": 0,
            "eps_latest_yearly": 0,
            "eps_growth_yearly": 0
        },
        "20034": {
            "year_quarter": 20034,
            "year": 2003,
            "quarter": 4,
            "eps": null,
            "eps_growth_year": null,
            "eps_4q": null,
            "eps_4q_growth_year": null,
            "roe": null,
            "roe_4q": 0,
            "gross_profit": null,
            "gross_margin": null,
            "gross_margin_4q_avg": 0,
            "net_income": null,
            "net_income_4q": null,
            "revenue": null,
            "revenue_4q": null,
            "common_shares": null,
            "book_valuer_per_share": null,
            "book_valuer_per_share_4q_avg": 0,
            "equity": null,
            "current_ratio": null,
            "debt_ratio": null,
            "inventory_turnover_ratio": null,
            "account_receivable_turnover_ratio": null,
            "reinvestment_rate": null,
            "research_to_sale_ratio": null,
            "price_fair": 0,
            "eps_avg_yearly": 0,
            "eps_latest_yearly": 0,
            "eps_growth_yearly": 0
        },
        "20041": {
            "year_quarter": 20041,
            "year": 2004,
            "quarter": 1,
            "eps": null,
            "eps_growth_year": null,
            "eps_4q": null,
            "eps_4q_growth_year": null,
            "roe": null,
            "roe_4q": 0,
            "gross_profit": null,
            "gross_margin": null,
            "gross_margin_4q_avg": 0,
            "net_income": null,
            "net_income_4q": null,
            "revenue": null,
            "revenue_4q": null,
            "common_shares": null,
            "book_valuer_per_share": null,
            "book_valuer_per_share_4q_avg": 0,
            "equity": null,
            "current_ratio": null,
            "debt_ratio": null,
            "inventory_turnover_ratio": null,
            "account_receivable_turnover_ratio": null,
            "reinvestment_rate": null,
            "research_to_sale_ratio": null,
            "price_fair": 0,
            "eps_avg_yearly": 0,
            "eps_latest_yearly": 0,
            "eps_growth_yearly": 0
        },
        "20042": {
            "year_quarter": 20042,
            "year": 2004,
            "quarter": 2,
            "eps": null,
            "eps_growth_year": null,
            "eps_4q": null,
            "eps_4q_growth_year": null,
            "roe": null,
            "roe_4q": 0,
            "gross_profit": null,
            "gross_margin": null,
            "gross_margin_4q_avg": 0,
            "net_income": null,
            "net_income_4q": null,
            "revenue": null,
            "revenue_4q": null,
            "common_shares": null,
            "book_valuer_per_share": null,
            "book_valuer_per_share_4q_avg": 0,
            "equity": null,
            "current_ratio": null,
            "debt_ratio": null,
            "inventory_turnover_ratio": null,
            "account_receivable_turnover_ratio": null,
            "reinvestment_rate": null,
            "research_to_sale_ratio": null,
            "price_fair": 0,
            "eps_avg_yearly": 0,
            "eps_latest_yearly": 0,
            "eps_growth_yearly": 0
        },
        "20043": {
            "year_quarter": 20043,
            "year": 2004,
            "quarter": 3,
            "eps": null,
            "eps_growth_year": null,
            "eps_4q": null,
            "eps_4q_growth_year": null,
            "roe": null,
            "roe_4q": 0,
            "gross_profit": null,
            "gross_margin": null,
            "gross_margin_4q_avg": 0,
            "net_income": null,
            "net_income_4q": null,
            "revenue": null,
            "revenue_4q": null,
            "common_shares": null,
            "book_valuer_per_share": null,
            "book_valuer_per_share_4q_avg": 0,
            "equity": null,
            "current_ratio": null,
            "debt_ratio": null,
            "inventory_turnover_ratio": null,
            "account_receivable_turnover_ratio": null,
            "reinvestment_rate": null,
            "research_to_sale_ratio": null,
            "price_fair": 0,
            "eps_avg_yearly": 0,
            "eps_latest_yearly": 0,
            "eps_growth_yearly": 0
        },
        "20044": {
            "year_quarter": 20044,
            "year": 2004,
            "quarter": 4,
            "eps": null,
            "eps_growth_year": null,
            "eps_4q": null,
            "eps_4q_growth_year": null,
            "roe": null,
            "roe_4q": 0,
            "gross_profit": null,
            "gross_margin": null,
            "gross_margin_4q_avg": 0,
            "net_income": null,
            "net_income_4q": null,
            "revenue": null,
            "revenue_4q": null,
            "common_shares": null,
            "book_valuer_per_share": null,
            "book_valuer_per_share_4q_avg": 0,
            "equity": null,
            "current_ratio": null,
            "debt_ratio": null,
            "inventory_turnover_ratio": null,
            "account_receivable_turnover_ratio": null,
            "reinvestment_rate": null,
            "research_to_sale_ratio": null,
            "price_fair": 0,
            "eps_avg_yearly": 0,
            "eps_latest_yearly": 0,
            "eps_growth_yearly": 0
        },
        "20051": {
            "year_quarter": 20051,
            "year": 2005,
            "quarter": 1,
            "eps": null,
            "eps_growth_year": null,
            "eps_4q": null,
            "eps_4q_growth_year": null,
            "roe": null,
            "roe_4q": 0,
            "gross_profit": null,
            "gross_margin": null,
            "gross_margin_4q_avg": 0,
            "net_income": null,
            "net_income_4q": null,
            "revenue": null,
            "revenue_4q": null,
            "common_shares": null,
            "book_valuer_per_share": null,
            "book_valuer_per_share_4q_avg": 0,
            "equity": null,
            "current_ratio": null,
            "debt_ratio": null,
            "inventory_turnover_ratio": null,
            "account_receivable_turnover_ratio": null,
            "reinvestment_rate": null,
            "research_to_sale_ratio": null,
            "price_fair": 0,
            "eps_avg_yearly": 0,
            "eps_latest_yearly": 0,
            "eps_growth_yearly": 0
        },
        "20052": {
            "year_quarter": 20052,
            "year": 2005,
            "quarter": 2,
            "eps": null,
            "eps_growth_year": null,
            "eps_4q": null,
            "eps_4q_growth_year": null,
            "roe": null,
            "roe_4q": 0,
            "gross_profit": null,
            "gross_margin": null,
            "gross_margin_4q_avg": 0,
            "net_income": null,
            "net_income_4q": null,
            "revenue": null,
            "revenue_4q": null,
            "common_shares": null,
            "book_valuer_per_share": null,
            "book_valuer_per_share_4q_avg": 0,
            "equity": null,
            "current_ratio": null,
            "debt_ratio": null,
            "inventory_turnover_ratio": null,
            "account_receivable_turnover_ratio": null,
            "reinvestment_rate": null,
            "research_to_sale_ratio": null,
            "price_fair": 0,
            "eps_avg_yearly": 0,
            "eps_latest_yearly": 0,
            "eps_growth_yearly": 0
        },
        "20053": {
            "year_quarter": 20053,
            "year": 2005,
            "quarter": 3,
            "eps": null,
            "eps_growth_year": null,
            "eps_4q": null,
            "eps_4q_growth_year": null,
            "roe": null,
            "roe_4q": 0,
            "gross_profit": null,
            "gross_margin": null,
            "gross_margin_4q_avg": 0,
            "net_income": null,
            "net_income_4q": null,
            "revenue": null,
            "revenue_4q": null,
            "common_shares": null,
            "book_valuer_per_share": null,
            "book_valuer_per_share_4q_avg": 0,
            "equity": null,
            "current_ratio": null,
            "debt_ratio": null,
            "inventory_turnover_ratio": null,
            "account_receivable_turnover_ratio": null,
            "reinvestment_rate": null,
            "research_to_sale_ratio": null,
            "price_fair": 0,
            "eps_avg_yearly": 0,
            "eps_latest_yearly": 0,
            "eps_growth_yearly": 0
        },
        "20054": {
            "year_quarter": 20054,
            "year": 2005,
            "quarter": 4,
            "eps": null,
            "eps_growth_year": null,
            "eps_4q": null,
            "eps_4q_growth_year": null,
            "roe": null,
            "roe_4q": 0,
            "gross_profit": null,
            "gross_margin": null,
            "gross_margin_4q_avg": 0,
            "net_income": null,
            "net_income_4q": null,
            "revenue": null,
            "revenue_4q": null,
            "common_shares": null,
            "book_valuer_per_share": null,
            "book_valuer_per_share_4q_avg": 0,
            "equity": null,
            "current_ratio": null,
            "debt_ratio": null,
            "inventory_turnover_ratio": null,
            "account_receivable_turnover_ratio": null,
            "reinvestment_rate": null,
            "research_to_sale_ratio": null,
            "price_fair": 0,
            "eps_avg_yearly": 0,
            "eps_latest_yearly": 0,
            "eps_growth_yearly": 0
        },
        "20061": {
            "year_quarter": 20061,
            "year": 2006,
            "quarter": 1,
            "eps": null,
            "eps_growth_year": null,
            "eps_4q": null,
            "eps_4q_growth_year": null,
            "roe": null,
            "roe_4q": 0,
            "gross_profit": null,
            "gross_margin": null,
            "gross_margin_4q_avg": 0,
            "net_income": null,
            "net_income_4q": null,
            "revenue": null,
            "revenue_4q": null,
            "common_shares": null,
            "book_valuer_per_share": null,
            "book_valuer_per_share_4q_avg": 0,
            "equity": null,
            "current_ratio": null,
            "debt_ratio": null,
            "inventory_turnover_ratio": null,
            "account_receivable_turnover_ratio": null,
            "reinvestment_rate": null,
            "research_to_sale_ratio": null,
            "price_fair": 0,
            "eps_avg_yearly": 0,
            "eps_latest_yearly": 0,
            "eps_growth_yearly": 0
        },
        "20062": {
            "year_quarter": 20062,
            "year": 2006,
            "quarter": 2,
            "eps": null,
            "eps_growth_year": null,
            "eps_4q": null,
            "eps_4q_growth_year": null,
            "roe": null,
            "roe_4q": 0,
            "gross_profit": null,
            "gross_margin": null,
            "gross_margin_4q_avg": 0,
            "net_income": null,
            "net_income_4q": null,
            "revenue": null,
            "revenue_4q": null,
            "common_shares": null,
            "book_valuer_per_share": null,
            "book_valuer_per_share_4q_avg": 0,
            "equity": null,
            "current_ratio": null,
            "debt_ratio": null,
            "inventory_turnover_ratio": null,
            "account_receivable_turnover_ratio": null,
            "reinvestment_rate": null,
            "research_to_sale_ratio": null,
            "price_fair": 0,
            "eps_avg_yearly": 0,
            "eps_latest_yearly": 0,
            "eps_growth_yearly": 0
        },
        "20063": {
            "year_quarter": 20063,
            "year": 2006,
            "quarter": 3,
            "eps": null,
            "eps_growth_year": null,
            "eps_4q": null,
            "eps_4q_growth_year": null,
            "roe": null,
            "roe_4q": 0,
            "gross_profit": null,
            "gross_margin": null,
            "gross_margin_4q_avg": 0,
            "net_income": null,
            "net_income_4q": null,
            "revenue": null,
            "revenue_4q": null,
            "common_shares": null,
            "book_valuer_per_share": null,
            "book_valuer_per_share_4q_avg": 0,
            "equity": null,
            "current_ratio": null,
            "debt_ratio": null,
            "inventory_turnover_ratio": null,
            "account_receivable_turnover_ratio": null,
            "reinvestment_rate": null,
            "research_to_sale_ratio": null,
            "price_fair": 0,
            "eps_avg_yearly": 0,
            "eps_latest_yearly": 0,
            "eps_growth_yearly": 0
        },
        "20064": {
            "year_quarter": 20064,
            "year": 2006,
            "quarter": 4,
            "eps": null,
            "eps_growth_year": null,
            "eps_4q": null,
            "eps_4q_growth_year": null,
            "roe": null,
            "roe_4q": 0,
            "gross_profit": null,
            "gross_margin": null,
            "gross_margin_4q_avg": 0,
            "net_income": null,
            "net_income_4q": null,
            "revenue": null,
            "revenue_4q": null,
            "common_shares": null,
            "book_valuer_per_share": null,
            "book_valuer_per_share_4q_avg": 0,
            "equity": null,
            "current_ratio": null,
            "debt_ratio": null,
            "inventory_turnover_ratio": null,
            "account_receivable_turnover_ratio": null,
            "reinvestment_rate": null,
            "research_to_sale_ratio": null,
            "price_fair": 0,
            "eps_avg_yearly": 0,
            "eps_latest_yearly": 0,
            "eps_growth_yearly": 0
        },
        "20071": {
            "year_quarter": 20071,
            "year": 2007,
            "quarter": 1,
            "eps": null,
            "eps_growth_year": null,
            "eps_4q": null,
            "eps_4q_growth_year": null,
            "roe": null,
            "roe_4q": 0,
            "gross_profit": null,
            "gross_margin": null,
            "gross_margin_4q_avg": 0,
            "net_income": null,
            "net_income_4q": null,
            "revenue": null,
            "revenue_4q": null,
            "common_shares": null,
            "book_valuer_per_share": null,
            "book_valuer_per_share_4q_avg": 0,
            "equity": null,
            "current_ratio": null,
            "debt_ratio": null,
            "inventory_turnover_ratio": null,
            "account_receivable_turnover_ratio": null,
            "reinvestment_rate": null,
            "research_to_sale_ratio": null,
            "price_fair": 0,
            "eps_avg_yearly": 0,
            "eps_latest_yearly": 0,
            "eps_growth_yearly": 0
        },
        "20072": {
            "year_quarter": 20072,
            "year": 2007,
            "quarter": 2,
            "eps": null,
            "eps_growth_year": null,
            "eps_4q": null,
            "eps_4q_growth_year": null,
            "roe": null,
            "roe_4q": 0,
            "gross_profit": null,
            "gross_margin": null,
            "gross_margin_4q_avg": 0,
            "net_income": null,
            "net_income_4q": null,
            "revenue": null,
            "revenue_4q": null,
            "common_shares": null,
            "book_valuer_per_share": null,
            "book_valuer_per_share_4q_avg": 0,
            "equity": null,
            "current_ratio": null,
            "debt_ratio": null,
            "inventory_turnover_ratio": null,
            "account_receivable_turnover_ratio": null,
            "reinvestment_rate": null,
            "research_to_sale_ratio": null,
            "price_fair": 0,
            "eps_avg_yearly": 0,
            "eps_latest_yearly": 0,
            "eps_growth_yearly": 0
        },
        "20073": {
            "year_quarter": 20073,
            "year": 2007,
            "quarter": 3,
            "eps": null,
            "eps_growth_year": null,
            "eps_4q": null,
            "eps_4q_growth_year": null,
            "roe": null,
            "roe_4q": 0,
            "gross_profit": null,
            "gross_margin": null,
            "gross_margin_4q_avg": 0,
            "net_income": null,
            "net_income_4q": null,
            "revenue": null,
            "revenue_4q": null,
            "common_shares": null,
            "book_valuer_per_share": null,
            "book_valuer_per_share_4q_avg": 0,
            "equity": null,
            "current_ratio": null,
            "debt_ratio": null,
            "inventory_turnover_ratio": null,
            "account_receivable_turnover_ratio": null,
            "reinvestment_rate": null,
            "research_to_sale_ratio": null,
            "price_fair": 0,
            "eps_avg_yearly": 0,
            "eps_latest_yearly": 0,
            "eps_growth_yearly": 0
        },
        "20074": {
            "year_quarter": 20074,
            "year": 2007,
            "quarter": 4,
            "eps": null,
            "eps_growth_year": null,
            "eps_4q": null,
            "eps_4q_growth_year": null,
            "roe": null,
            "roe_4q": 0,
            "gross_profit": null,
            "gross_margin": null,
            "gross_margin_4q_avg": 0,
            "net_income": null,
            "net_income_4q": null,
            "revenue": null,
            "revenue_4q": null,
            "common_shares": null,
            "book_valuer_per_share": null,
            "book_valuer_per_share_4q_avg": 0,
            "equity": null,
            "current_ratio": null,
            "debt_ratio": null,
            "inventory_turnover_ratio": null,
            "account_receivable_turnover_ratio": null,
            "reinvestment_rate": null,
            "research_to_sale_ratio": null,
            "price_fair": 0,
            "eps_avg_yearly": 0,
            "eps_latest_yearly": 0,
            "eps_growth_yearly": 0
        },
        "20081": {
            "year_quarter": 20081,
            "year": 2008,
            "quarter": 1,
            "eps": null,
            "eps_growth_year": null,
            "eps_4q": null,
            "eps_4q_growth_year": null,
            "roe": null,
            "roe_4q": 0,
            "gross_profit": null,
            "gross_margin": null,
            "gross_margin_4q_avg": 0,
            "net_income": null,
            "net_income_4q": null,
            "revenue": null,
            "revenue_4q": null,
            "common_shares": null,
            "book_valuer_per_share": null,
            "book_valuer_per_share_4q_avg": 0,
            "equity": null,
            "current_ratio": null,
            "debt_ratio": null,
            "inventory_turnover_ratio": null,
            "account_receivable_turnover_ratio": null,
            "reinvestment_rate": null,
            "research_to_sale_ratio": null,
            "price_fair": 0,
            "eps_avg_yearly": 0,
            "eps_latest_yearly": 0,
            "eps_growth_yearly": 0
        },
        "20082": {
            "year_quarter": 20082,
            "year": 2008,
            "quarter": 2,
            "eps": null,
            "eps_growth_year": null,
            "eps_4q": null,
            "eps_4q_growth_year": null,
            "roe": null,
            "roe_4q": 0,
            "gross_profit": null,
            "gross_margin": null,
            "gross_margin_4q_avg": 0,
            "net_income": null,
            "net_income_4q": null,
            "revenue": null,
            "revenue_4q": null,
            "common_shares": null,
            "book_valuer_per_share": null,
            "book_valuer_per_share_4q_avg": 0,
            "equity": null,
            "current_ratio": null,
            "debt_ratio": null,
            "inventory_turnover_ratio": null,
            "account_receivable_turnover_ratio": null,
            "reinvestment_rate": null,
            "research_to_sale_ratio": null,
            "price_fair": 0,
            "eps_avg_yearly": 0,
            "eps_latest_yearly": 0,
            "eps_growth_yearly": 0
        },
        "20083": {
            "year_quarter": 20083,
            "year": 2008,
            "quarter": 3,
            "eps": null,
            "eps_growth_year": null,
            "eps_4q": null,
            "eps_4q_growth_year": null,
            "roe": null,
            "roe_4q": 0,
            "gross_profit": null,
            "gross_margin": null,
            "gross_margin_4q_avg": 0,
            "net_income": null,
            "net_income_4q": null,
            "revenue": null,
            "revenue_4q": null,
            "common_shares": null,
            "book_valuer_per_share": null,
            "book_valuer_per_share_4q_avg": 0,
            "equity": null,
            "current_ratio": null,
            "debt_ratio": null,
            "inventory_turnover_ratio": null,
            "account_receivable_turnover_ratio": null,
            "reinvestment_rate": null,
            "research_to_sale_ratio": null,
            "price_fair": 0,
            "eps_avg_yearly": 0,
            "eps_latest_yearly": 0,
            "eps_growth_yearly": 0
        },
        "20084": {
            "year_quarter": 20084,
            "year": 2008,
            "quarter": 4,
            "eps": null,
            "eps_growth_year": null,
            "eps_4q": null,
            "eps_4q_growth_year": null,
            "roe": null,
            "roe_4q": 0,
            "gross_profit": null,
            "gross_margin": null,
            "gross_margin_4q_avg": 0,
            "net_income": null,
            "net_income_4q": null,
            "revenue": null,
            "revenue_4q": null,
            "common_shares": 499999,
            "book_valuer_per_share": 23.47,
            "book_valuer_per_share_4q_avg": 5.87,
            "equity": 1173486,
            "current_ratio": 118.75,
            "debt_ratio": 62.59,
            "inventory_turnover_ratio": null,
            "account_receivable_turnover_ratio": null,
            "reinvestment_rate": null,
            "research_to_sale_ratio": null,
            "price_fair": 0,
            "eps_avg_yearly": 0,
            "eps_latest_yearly": 0,
            "eps_growth_yearly": 0
        },
        "20091": {
            "year_quarter": 20091,
            "year": 2009,
            "quarter": 1,
            "eps": null,
            "eps_growth_year": null,
            "eps_4q": null,
            "eps_4q_growth_year": null,
            "roe": null,
            "roe_4q": 0,
            "gross_profit": null,
            "gross_margin": null,
            "gross_margin_4q_avg": 0,
            "net_income": null,
            "net_income_4q": null,
            "revenue": null,
            "revenue_4q": null,
            "common_shares": null,
            "book_valuer_per_share": null,
            "book_valuer_per_share_4q_avg": 5.87,
            "equity": null,
            "current_ratio": null,
            "debt_ratio": null,
            "inventory_turnover_ratio": null,
            "account_receivable_turnover_ratio": null,
            "reinvestment_rate": null,
            "research_to_sale_ratio": null,
            "price_fair": 0,
            "eps_avg_yearly": 0,
            "eps_latest_yearly": 0,
            "eps_growth_yearly": 0
        },
        "20092": {
            "year_quarter": 20092,
            "year": 2009,
            "quarter": 2,
            "eps": null,
            "eps_growth_year": null,
            "eps_4q": null,
            "eps_4q_growth_year": null,
            "roe": null,
            "roe_4q": 0,
            "gross_profit": null,
            "gross_margin": null,
            "gross_margin_4q_avg": 0,
            "net_income": null,
            "net_income_4q": null,
            "revenue": null,
            "revenue_4q": null,
            "common_shares": null,
            "book_valuer_per_share": null,
            "book_valuer_per_share_4q_avg": 5.87,
            "equity": null,
            "current_ratio": null,
            "debt_ratio": null,
            "inventory_turnover_ratio": null,
            "account_receivable_turnover_ratio": null,
            "reinvestment_rate": null,
            "research_to_sale_ratio": null,
            "price_fair": 0,
            "eps_avg_yearly": 0,
            "eps_latest_yearly": 0,
            "eps_growth_yearly": 0
        },
        "20093": {
            "year_quarter": 20093,
            "year": 2009,
            "quarter": 3,
            "eps": null,
            "eps_growth_year": null,
            "eps_4q": null,
            "eps_4q_growth_year": null,
            "roe": null,
            "roe_4q": 0,
            "gross_profit": null,
            "gross_margin": null,
            "gross_margin_4q_avg": 0,
            "net_income": null,
            "net_income_4q": null,
            "revenue": null,
            "revenue_4q": null,
            "common_shares": null,
            "book_valuer_per_share": null,
            "book_valuer_per_share_4q_avg": 5.87,
            "equity": null,
            "current_ratio": null,
            "debt_ratio": null,
            "inventory_turnover_ratio": null,
            "account_receivable_turnover_ratio": null,
            "reinvestment_rate": null,
            "research_to_sale_ratio": null,
            "price_fair": 0,
            "eps_avg_yearly": 0,
            "eps_latest_yearly": 0,
            "eps_growth_yearly": 0
        },
        "20094": {
            "year_quarter": 20094,
            "year": 2009,
            "quarter": 4,
            "eps": null,
            "eps_growth_year": null,
            "eps_4q": null,
            "eps_4q_growth_year": null,
            "roe": null,
            "roe_4q": 0,
            "gross_profit": null,
            "gross_margin": null,
            "gross_margin_4q_avg": 0,
            "net_income": null,
            "net_income_4q": null,
            "revenue": null,
            "revenue_4q": null,
            "common_shares": 499999,
            "book_valuer_per_share": 27.06,
            "book_valuer_per_share_4q_avg": 6.77,
            "equity": 1352781,
            "current_ratio": 128.79,
            "debt_ratio": 55.9,
            "inventory_turnover_ratio": null,
            "account_receivable_turnover_ratio": null,
            "reinvestment_rate": null,
            "research_to_sale_ratio": null,
            "price_fair": 0,
            "eps_avg_yearly": 0,
            "eps_latest_yearly": 0,
            "eps_growth_yearly": 0
        },
        "20101": {
            "year_quarter": 20101,
            "year": 2010,
            "quarter": 1,
            "eps": null,
            "eps_growth_year": null,
            "eps_4q": null,
            "eps_4q_growth_year": null,
            "roe": null,
            "roe_4q": 0,
            "gross_profit": null,
            "gross_margin": null,
            "gross_margin_4q_avg": 0,
            "net_income": null,
            "net_income_4q": null,
            "revenue": null,
            "revenue_4q": null,
            "common_shares": null,
            "book_valuer_per_share": null,
            "book_valuer_per_share_4q_avg": 6.77,
            "equity": null,
            "current_ratio": null,
            "debt_ratio": null,
            "inventory_turnover_ratio": null,
            "account_receivable_turnover_ratio": null,
            "reinvestment_rate": null,
            "research_to_sale_ratio": null,
            "price_fair": 0,
            "eps_avg_yearly": 0,
            "eps_latest_yearly": 0,
            "eps_growth_yearly": 0
        },
        "20102": {
            "year_quarter": 20102,
            "year": 2010,
            "quarter": 2,
            "eps": null,
            "eps_growth_year": null,
            "eps_4q": null,
            "eps_4q_growth_year": null,
            "roe": null,
            "roe_4q": 0,
            "gross_profit": null,
            "gross_margin": null,
            "gross_margin_4q_avg": 0,
            "net_income": null,
            "net_income_4q": null,
            "revenue": null,
            "revenue_4q": null,
            "common_shares": 0,
            "book_valuer_per_share": null,
            "book_valuer_per_share_4q_avg": 6.77,
            "equity": 0,
            "current_ratio": null,
            "debt_ratio": null,
            "inventory_turnover_ratio": null,
            "account_receivable_turnover_ratio": null,
            "reinvestment_rate": null,
            "research_to_sale_ratio": null,
            "price_fair": 0,
            "eps_avg_yearly": 0,
            "eps_latest_yearly": 0,
            "eps_growth_yearly": 0
        },
        "20103": {
            "year_quarter": 20103,
            "year": 2010,
            "quarter": 3,
            "eps": null,
            "eps_growth_year": null,
            "eps_4q": null,
            "eps_4q_growth_year": null,
            "roe": null,
            "roe_4q": 0,
            "gross_profit": 75778,
            "gross_margin": null,
            "gross_margin_4q_avg": 0,
            "net_income": 13768,
            "net_income_4q": null,
            "revenue": 401404,
            "revenue_4q": null,
            "common_shares": null,
            "book_valuer_per_share": null,
            "book_valuer_per_share_4q_avg": 6.77,
            "equity": null,
            "current_ratio": null,
            "debt_ratio": null,
            "inventory_turnover_ratio": null,
            "account_receivable_turnover_ratio": null,
            "reinvestment_rate": null,
            "research_to_sale_ratio": null,
            "price_fair": 0,
            "eps_avg_yearly": 0,
            "eps_latest_yearly": 0,
            "eps_growth_yearly": 0
        },
        "20104": {
            "year_quarter": 20104,
            "year": 2010,
            "quarter": 4,
            "eps": null,
            "eps_growth_year": null,
            "eps_4q": null,
            "eps_4q_growth_year": null,
            "roe": null,
            "roe_4q": 0,
            "gross_profit": 109568,
            "gross_margin": null,
            "gross_margin_4q_avg": 0,
            "net_income": 26183,
            "net_income_4q": null,
            "revenue": 467601,
            "revenue_4q": null,
            "common_shares": 500000,
            "book_valuer_per_share": 27.91,
            "book_valuer_per_share_4q_avg": 6.98,
            "equity": 1395346,
            "current_ratio": 106.21,
            "debt_ratio": 53.28,
            "inventory_turnover_ratio": null,
            "account_receivable_turnover_ratio": null,
            "reinvestment_rate": null,
            "research_to_sale_ratio": null,
            "price_fair": 0,
            "eps_avg_yearly": 0,
            "eps_latest_yearly": 0,
            "eps_growth_yearly": 0
        },
        "20111": {
            "year_quarter": 20111,
            "year": 2011,
            "quarter": 1,
            "eps": null,
            "eps_growth_year": null,
            "eps_4q": null,
            "eps_4q_growth_year": null,
            "roe": null,
            "roe_4q": 0,
            "gross_profit": 84824,
            "gross_margin": null,
            "gross_margin_4q_avg": 0,
            "net_income": 25434,
            "net_income_4q": null,
            "revenue": 485325,
            "revenue_4q": null,
            "common_shares": 500000,
            "book_valuer_per_share": 29.17,
            "book_valuer_per_share_4q_avg": 14.27,
            "equity": 1458638,
            "current_ratio": 98.85,
            "debt_ratio": 50.87,
            "inventory_turnover_ratio": null,
            "account_receivable_turnover_ratio": null,
            "reinvestment_rate": null,
            "research_to_sale_ratio": null,
            "price_fair": 0,
            "eps_avg_yearly": 0,
            "eps_latest_yearly": 0,
            "eps_growth_yearly": 0
        },
        "20112": {
            "year_quarter": 20112,
            "year": 2011,
            "quarter": 2,
            "eps": 2.17,
            "eps_growth_year": null,
            "eps_4q": 2.17,
            "eps_4q_growth_year": null,
            "roe": 7.18,
            "roe_4q": 7.18,
            "gross_profit": 182660,
            "gross_margin": 25.08,
            "gross_margin_4q_avg": 6.27,
            "net_income": 108431,
            "net_income_4q": null,
            "revenue": 728442,
            "revenue_4q": null,
            "common_shares": 500000,
            "book_valuer_per_share": 31.22,
            "book_valuer_per_share_4q_avg": 22.08,
            "equity": 1560954,
            "current_ratio": 98.96,
            "debt_ratio": 51.39,
            "inventory_turnover_ratio": 1.31,
            "account_receivable_turnover_ratio": 4.37,
            "reinvestment_rate": null,
            "research_to_sale_ratio": null,
            "price_fair": 0,
            "eps_avg_yearly": 0,
            "eps_latest_yearly": 0,
            "eps_growth_yearly": 0
        },
        "20113": {
            "year_quarter": 20113,
            "year": 2011,
            "quarter": 3,
            "eps": 0.93,
            "eps_growth_year": null,
            "eps_4q": 3.1,
            "eps_4q_growth_year": null,
            "roe": 2.92,
            "roe_4q": 10.1,
            "gross_profit": 108100,
            "gross_margin": 22.54,
            "gross_margin_4q_avg": 11.91,
            "net_income": 46388,
            "net_income_4q": null,
            "revenue": 479525,
            "revenue_4q": null,
            "common_shares": 500000,
            "book_valuer_per_share": 32.24,
            "book_valuer_per_share_4q_avg": 30.14,
            "equity": 1612000,
            "current_ratio": 89.19,
            "debt_ratio": 53.2,
            "inventory_turnover_ratio": 0.83,
            "account_receivable_turnover_ratio": 1.23,
            "reinvestment_rate": null,
            "research_to_sale_ratio": null,
            "price_fair": 11.16,
            "eps_avg_yearly": 3.72,
            "eps_latest_yearly": 3.72,
            "eps_growth_yearly": -228.57
        },
        "20114": {
            "year_quarter": 20114,
            "year": 2011,
            "quarter": 4,
            "eps": 0.75,
            "eps_growth_year": null,
            "eps_4q": 3.54,
            "eps_4q_growth_year": null,
            "roe": 2.37,
            "roe_4q": 12.469999999999999,
            "gross_profit": 97044,
            "gross_margin": 20.52,
            "gross_margin_4q_avg": 17.04,
            "net_income": 41498,
            "net_income_4q": null,
            "revenue": 472847,
            "revenue_4q": null,
            "common_shares": 554500,
            "book_valuer_per_share": 34,
            "book_valuer_per_share_4q_avg": 31.66,
            "equity": 1885085,
            "current_ratio": 101.69,
            "debt_ratio": 46.72,
            "inventory_turnover_ratio": 0.86,
            "account_receivable_turnover_ratio": 1.04,
            "reinvestment_rate": null,
            "research_to_sale_ratio": null,
            "price_fair": 10.08,
            "eps_avg_yearly": 3.36,
            "eps_latest_yearly": 3,
            "eps_growth_yearly": -153
        },
        "20121": {
            "year_quarter": 20121,
            "year": 2012,
            "quarter": 1,
            "eps": 1.07,
            "eps_growth_year": null,
            "eps_4q": 4.61,
            "eps_4q_growth_year": null,
            "roe": 3.08,
            "roe_4q": 15.55,
            "gross_profit": 106117,
            "gross_margin": 24.2,
            "gross_margin_4q_avg": 23.09,
            "net_income": 59290,
            "net_income_4q": null,
            "revenue": 438509,
            "revenue_4q": null,
            "common_shares": 554500,
            "book_valuer_per_share": 35.32,
            "book_valuer_per_share_4q_avg": 33.2,
            "equity": 1958671,
            "current_ratio": 94.39,
            "debt_ratio": 48.41,
            "inventory_turnover_ratio": 0.91,
            "account_receivable_turnover_ratio": 0.96,
            "reinvestment_rate": null,
            "research_to_sale_ratio": null,
            "price_fair": 11,
            "eps_avg_yearly": 3.67,
            "eps_latest_yearly": 4.28,
            "eps_growth_yearly": -45.11
        },
        "20122": {
            "year_quarter": 20122,
            "year": 2012,
            "quarter": 2,
            "eps": -0.93,
            "eps_growth_year": -142.69,
            "eps_4q": 1.49,
            "eps_4q_growth_year": -31.43,
            "roe": -3.01,
            "roe_4q": 5.36,
            "gross_profit": 154201,
            "gross_margin": 29.57,
            "gross_margin_4q_avg": 24.21,
            "net_income": -56470,
            "net_income_4q": null,
            "revenue": 521417,
            "revenue_4q": null,
            "common_shares": 554500,
            "book_valuer_per_share": 32.3,
            "book_valuer_per_share_4q_avg": 33.47,
            "equity": 1791125,
            "current_ratio": 85.42,
            "debt_ratio": 56.66,
            "inventory_turnover_ratio": 0.79,
            "account_receivable_turnover_ratio": 1.13,
            "reinvestment_rate": null,
            "research_to_sale_ratio": null,
            "price_fair": 11,
            "eps_avg_yearly": 3.67,
            "eps_latest_yearly": 4.28,
            "eps_growth_yearly": -45.11
        },
        "20123": {
            "year_quarter": 20123,
            "year": 2012,
            "quarter": 3,
            "eps": 0.07,
            "eps_growth_year": -92.14,
            "eps_4q": 0.81,
            "eps_4q_growth_year": -73.93,
            "roe": 0.24,
            "roe_4q": 2.6800000000000006,
            "gross_profit": 136597,
            "gross_margin": 19.99,
            "gross_margin_4q_avg": 23.57,
            "net_income": 4399,
            "net_income_4q": null,
            "revenue": 683480,
            "revenue_4q": null,
            "common_shares": 609950,
            "book_valuer_per_share": 29.85,
            "book_valuer_per_share_4q_avg": 32.87,
            "equity": 1801587,
            "current_ratio": 90.06,
            "debt_ratio": 62.65,
            "inventory_turnover_ratio": 0.85,
            "account_receivable_turnover_ratio": 1.32,
            "reinvestment_rate": null,
            "research_to_sale_ratio": null,
            "price_fair": 11,
            "eps_avg_yearly": 3.67,
            "eps_latest_yearly": 4.28,
            "eps_growth_yearly": -45.11
        },
        "20124": {
            "year_quarter": 20124,
            "year": 2012,
            "quarter": 4,
            "eps": 0.44,
            "eps_growth_year": -40.54,
            "eps_4q": 0.57,
            "eps_4q_growth_year": -84.03,
            "roe": 1.48,
            "roe_4q": 1.7900000000000003,
            "gross_profit": 113770,
            "gross_margin": 19.96,
            "gross_margin_4q_avg": 23.43,
            "net_income": 26696,
            "net_income_4q": null,
            "revenue": 569996,
            "revenue_4q": null,
            "common_shares": 609950,
            "book_valuer_per_share": 30.06,
            "book_valuer_per_share_4q_avg": 31.88,
            "equity": 1803212,
            "current_ratio": 92.63,
            "debt_ratio": 62.75,
            "inventory_turnover_ratio": 0.6,
            "account_receivable_turnover_ratio": 0.96,
            "reinvestment_rate": null,
            "research_to_sale_ratio": null,
            "price_fair": 111.65,
            "eps_avg_yearly": 3.19,
            "eps_latest_yearly": 1.76,
            "eps_growth_yearly": 494.74
        },
        "20131": {
            "year_quarter": 20131,
            "year": 2013,
            "quarter": 1,
            "eps": 0.61,
            "eps_growth_year": -42.99,
            "eps_4q": 0.18,
            "eps_4q_growth_year": -96.03,
            "roe": 1.98,
            "roe_4q": 0.6900000000000004,
            "gross_profit": 112435,
            "gross_margin": 23.13,
            "gross_margin_4q_avg": 23.16,
            "net_income": 36362,
            "net_income_4q": null,
            "revenue": 486204,
            "revenue_4q": null,
            "common_shares": 609950,
            "book_valuer_per_share": 31.09,
            "book_valuer_per_share_4q_avg": 30.83,
            "equity": 1865500,
            "current_ratio": 93.19,
            "debt_ratio": 61.14,
            "inventory_turnover_ratio": 0.51,
            "account_receivable_turnover_ratio": 0.8,
            "reinvestment_rate": null,
            "research_to_sale_ratio": null,
            "price_fair": 106.4,
            "eps_avg_yearly": 3.04,
            "eps_latest_yearly": 2.44,
            "eps_growth_yearly": 426.7
        },
        "20132": {
            "year_quarter": 20132,
            "year": 2013,
            "quarter": 2,
            "eps": 0.51,
            "eps_growth_year": null,
            "eps_4q": 1.63,
            "eps_4q_growth_year": 9.89,
            "roe": 1.65,
            "roe_4q": 5.35,
            "gross_profit": 131089,
            "gross_margin": 25.91,
            "gross_margin_4q_avg": 22.25,
            "net_income": 30586,
            "net_income_4q": null,
            "revenue": 505961,
            "revenue_4q": null,
            "common_shares": 609950,
            "book_valuer_per_share": 30.86,
            "book_valuer_per_share_4q_avg": 30.47,
            "equity": 1851691,
            "current_ratio": 88.85,
            "debt_ratio": 61.77,
            "inventory_turnover_ratio": 0.52,
            "account_receivable_turnover_ratio": 0.95,
            "reinvestment_rate": null,
            "research_to_sale_ratio": null,
            "price_fair": 100.57,
            "eps_avg_yearly": 2.87,
            "eps_latest_yearly": 2.04,
            "eps_growth_yearly": 344.66
        },
        "20133": {
            "year_quarter": 20133,
            "year": 2013,
            "quarter": 3,
            "eps": -0.1,
            "eps_growth_year": -237.21,
            "eps_4q": 1.46,
            "eps_4q_growth_year": 80.55,
            "roe": -0.34,
            "roe_4q": 4.77,
            "gross_profit": 79341,
            "gross_margin": 13.12,
            "gross_margin_4q_avg": 20.53,
            "net_income": -6217,
            "net_income_4q": null,
            "revenue": 604932,
            "revenue_4q": null,
            "common_shares": 609950,
            "book_valuer_per_share": 30.46,
            "book_valuer_per_share_4q_avg": 30.62,
            "equity": 1827623,
            "current_ratio": 80.34,
            "debt_ratio": 63.91,
            "inventory_turnover_ratio": 0.66,
            "account_receivable_turnover_ratio": 1.25,
            "reinvestment_rate": null,
            "research_to_sale_ratio": null,
            "price_fair": 100.57,
            "eps_avg_yearly": 2.87,
            "eps_latest_yearly": 2.04,
            "eps_growth_yearly": 344.66
        },
        "20134": {
            "year_quarter": 20134,
            "year": 2013,
            "quarter": 4,
            "eps": -0.14,
            "eps_growth_year": -131.74,
            "eps_4q": 0.87,
            "eps_4q_growth_year": 54.09,
            "roe": -0.46,
            "roe_4q": 2.83,
            "gross_profit": 95682,
            "gross_margin": 17.8,
            "gross_margin_4q_avg": 19.99,
            "net_income": -8473,
            "net_income_4q": null,
            "revenue": 537495,
            "revenue_4q": null,
            "common_shares": 609950,
            "book_valuer_per_share": 30.37,
            "book_valuer_per_share_4q_avg": 30.7,
            "equity": 1822155,
            "current_ratio": 80,
            "debt_ratio": 62.78,
            "inventory_turnover_ratio": 0.56,
            "account_receivable_turnover_ratio": 1.17,
            "reinvestment_rate": null,
            "research_to_sale_ratio": null,
            "price_fair": 100.57,
            "eps_avg_yearly": 2.87,
            "eps_latest_yearly": 2.04,
            "eps_growth_yearly": 344.66
        },
        "20141": {
            "year_quarter": 20141,
            "year": 2014,
            "quarter": 1,
            "eps": 0.18,
            "eps_growth_year": -70.49,
            "eps_4q": 0.45,
            "eps_4q_growth_year": 145.03,
            "roe": 0.6,
            "roe_4q": 1.4499999999999997,
            "gross_profit": 76686,
            "gross_margin": 15.56,
            "gross_margin_4q_avg": 18.1,
            "net_income": 11026,
            "net_income_4q": null,
            "revenue": 492720,
            "revenue_4q": null,
            "common_shares": 609950,
            "book_valuer_per_share": 31.31,
            "book_valuer_per_share_4q_avg": 30.75,
            "equity": 1878202,
            "current_ratio": 81.37,
            "debt_ratio": 64.2,
            "inventory_turnover_ratio": 0.53,
            "account_receivable_turnover_ratio": 1.11,
            "reinvestment_rate": null,
            "research_to_sale_ratio": null,
            "price_fair": 100.57,
            "eps_avg_yearly": 2.87,
            "eps_latest_yearly": 2.04,
            "eps_growth_yearly": 344.66
        },
        "20142": {
            "year_quarter": 20142,
            "year": 2014,
            "quarter": 2,
            "eps": -0.13,
            "eps_growth_year": -125.49,
            "eps_4q": -0.19,
            "eps_4q_growth_year": -111.89,
            "roe": -0.43,
            "roe_4q": -0.6300000000000001,
            "gross_profit": 85066,
            "gross_margin": 18.66,
            "gross_margin_4q_avg": 16.29,
            "net_income": -7997,
            "net_income_4q": null,
            "revenue": 455801,
            "revenue_4q": null,
            "common_shares": 609950,
            "book_valuer_per_share": 30.35,
            "book_valuer_per_share_4q_avg": 30.62,
            "equity": 1820813,
            "current_ratio": 81.66,
            "debt_ratio": 64.38,
            "inventory_turnover_ratio": 0.48,
            "account_receivable_turnover_ratio": 0.94,
            "reinvestment_rate": 1039.98,
            "research_to_sale_ratio": null,
            "price_fair": 100.57,
            "eps_avg_yearly": 2.87,
            "eps_latest_yearly": 2.04,
            "eps_growth_yearly": 344.66
        },
        "20143": {
            "year_quarter": 20143,
            "year": 2014,
            "quarter": 3,
            "eps": 0.28,
            "eps_growth_year": null,
            "eps_4q": 0.2,
            "eps_4q_growth_year": -86.04,
            "roe": 1,
            "roe_4q": 0.71,
            "gross_profit": 82092,
            "gross_margin": 12.06,
            "gross_margin_4q_avg": 16.02,
            "net_income": 19280,
            "net_income_4q": null,
            "revenue": 680490,
            "revenue_4q": null,
            "common_shares": 689950,
            "book_valuer_per_share": 30.05,
            "book_valuer_per_share_4q_avg": 30.52,
            "equity": 2043039,
            "current_ratio": 91.94,
            "debt_ratio": 61.54,
            "inventory_turnover_ratio": 0.82,
            "account_receivable_turnover_ratio": 1.29,
            "reinvestment_rate": 1031.95,
            "research_to_sale_ratio": null,
            "price_fair": 100.57,
            "eps_avg_yearly": 2.87,
            "eps_latest_yearly": 2.04,
            "eps_growth_yearly": 344.66
        },
        "20144": {
            "year_quarter": 20144,
            "year": 2014,
            "quarter": 4,
            "eps": 0.03,
            "eps_growth_year": null,
            "eps_4q": 0.35,
            "eps_4q_growth_year": -59.28,
            "roe": 0.09,
            "roe_4q": 1.2600000000000002,
            "gross_profit": 139294,
            "gross_margin": 17.13,
            "gross_margin_4q_avg": 15.85,
            "net_income": 1808,
            "net_income_4q": null,
            "revenue": 813096,
            "revenue_4q": null,
            "common_shares": 689950,
            "book_valuer_per_share": 30.18,
            "book_valuer_per_share_4q_avg": 30.47,
            "equity": 2052051,
            "current_ratio": 97.02,
            "debt_ratio": 63.56,
            "inventory_turnover_ratio": 0.97,
            "account_receivable_turnover_ratio": 1.23,
            "reinvestment_rate": 1015.35,
            "research_to_sale_ratio": null,
            "price_fair": 86.8,
            "eps_avg_yearly": 2.48,
            "eps_latest_yearly": 0.12,
            "eps_growth_yearly": 244.4
        },
        "20151": {
            "year_quarter": 20151,
            "year": 2015,
            "quarter": 1,
            "eps": 0.07,
            "eps_growth_year": -61.11,
            "eps_4q": 0.26,
            "eps_4q_growth_year": -41.89,
            "roe": 0.23,
            "roe_4q": 0.8900000000000001,
            "gross_profit": 64823,
            "gross_margin": 11.78,
            "gross_margin_4q_avg": 14.91,
            "net_income": 4640,
            "net_income_4q": null,
            "revenue": 550169,
            "revenue_4q": null,
            "common_shares": 689950,
            "book_valuer_per_share": 28.85,
            "book_valuer_per_share_4q_avg": 29.86,
            "equity": 1961926,
            "current_ratio": 89.14,
            "debt_ratio": 64.48,
            "inventory_turnover_ratio": 0.73,
            "account_receivable_turnover_ratio": 0.72,
            "reinvestment_rate": 1085.79,
            "research_to_sale_ratio": null,
            "price_fair": 77.18,
            "eps_avg_yearly": 2.21,
            "eps_latest_yearly": 0.28,
            "eps_growth_yearly": 280.52
        },
        "20152": {
            "year_quarter": 20152,
            "year": 2015,
            "quarter": 2,
            "eps": 0.15,
            "eps_growth_year": null,
            "eps_4q": 0.52,
            "eps_4q_growth_year": null,
            "roe": 0.5,
            "roe_4q": 1.8199999999999998,
            "gross_profit": 102423,
            "gross_margin": 15.54,
            "gross_margin_4q_avg": 14.13,
            "net_income": 9876,
            "net_income_4q": null,
            "revenue": 658996,
            "revenue_4q": null,
            "common_shares": 689950,
            "book_valuer_per_share": 28.96,
            "book_valuer_per_share_4q_avg": 29.51,
            "equity": 1971065,
            "current_ratio": 83.21,
            "debt_ratio": 63.92,
            "inventory_turnover_ratio": 1,
            "account_receivable_turnover_ratio": 0.86,
            "reinvestment_rate": 1537.42,
            "research_to_sale_ratio": null,
            "price_fair": 70.93,
            "eps_avg_yearly": 2.03,
            "eps_latest_yearly": 0.6,
            "eps_growth_yearly": 300.14
        },
        "20153": {
            "year_quarter": 20153,
            "year": 2015,
            "quarter": 3,
            "eps": -1.36,
            "eps_growth_year": -585.71,
            "eps_4q": -1.12,
            "eps_4q_growth_year": -651.44,
            "roe": -4.79,
            "roe_4q": -3.9699999999999998,
            "gross_profit": 27461,
            "gross_margin": 6.04,
            "gross_margin_4q_avg": 12.62,
            "net_income": -92882,
            "net_income_4q": null,
            "revenue": 454565,
            "revenue_4q": null,
            "common_shares": 689950,
            "book_valuer_per_share": 27.98,
            "book_valuer_per_share_4q_avg": 28.99,
            "equity": 1904399,
            "current_ratio": 85.21,
            "debt_ratio": 64.06,
            "inventory_turnover_ratio": 0.85,
            "account_receivable_turnover_ratio": 0.64,
            "reinvestment_rate": 4349.69,
            "research_to_sale_ratio": null,
            "price_fair": 63.53,
            "eps_avg_yearly": 1.82,
            "eps_latest_yearly": 0.6,
            "eps_growth_yearly": 366.23
        },
        "20154": {
            "year_quarter": 20154,
            "year": 2015,
            "quarter": 4,
            "eps": -1.26,
            "eps_growth_year": -4847.05,
            "eps_4q": -2.41,
            "eps_4q_growth_year": -779.74,
            "roe": -4.67,
            "roe_4q": -8.73,
            "gross_profit": -17357,
            "gross_margin": -3.6,
            "gross_margin_4q_avg": 7.44,
            "net_income": -87105,
            "net_income_4q": null,
            "revenue": 481687,
            "revenue_4q": null,
            "common_shares": 679950,
            "book_valuer_per_share": 26.79,
            "book_valuer_per_share_4q_avg": 28.15,
            "equity": 1822233,
            "current_ratio": 72.08,
            "debt_ratio": 63.63,
            "inventory_turnover_ratio": 1.07,
            "account_receivable_turnover_ratio": 0.81,
            "reinvestment_rate": null,
            "research_to_sale_ratio": null,
            "price_fair": 57.6,
            "eps_avg_yearly": 1.65,
            "eps_latest_yearly": 0.6,
            "eps_growth_yearly": 429.61
        },
        "20161": {
            "year_quarter": 20161,
            "year": 2016,
            "quarter": 1,
            "eps": -0.76,
            "eps_growth_year": -1185.71,
            "eps_4q": -3.24,
            "eps_4q_growth_year": -1341.36,
            "roe": -2.86,
            "roe_4q": -11.82,
            "gross_profit": 42976,
            "gross_margin": 9.45,
            "gross_margin_4q_avg": 6.86,
            "net_income": -51932,
            "net_income_4q": null,
            "revenue": 454967,
            "revenue_4q": null,
            "common_shares": 679950,
            "book_valuer_per_share": 26.67,
            "book_valuer_per_share_4q_avg": 27.6,
            "equity": 1813576,
            "current_ratio": 76.57,
            "debt_ratio": 63.39,
            "inventory_turnover_ratio": 0.94,
            "account_receivable_turnover_ratio": 0.85,
            "reinvestment_rate": null,
            "research_to_sale_ratio": null,
            "price_fair": 42.23,
            "eps_avg_yearly": 1.21,
            "eps_latest_yearly": 0.6,
            "eps_growth_yearly": 472.77
        },
        "20162": {
            "year_quarter": 20162,
            "year": 2016,
            "quarter": 2,
            "eps": -0.72,
            "eps_growth_year": -580,
            "eps_4q": -4.11,
            "eps_4q_growth_year": -882.92,
            "roe": -2.75,
            "roe_4q": -15.07,
            "gross_profit": 64763,
            "gross_margin": 12.57,
            "gross_margin_4q_avg": 6.12,
            "net_income": -49191,
            "net_income_4q": null,
            "revenue": 515099,
            "revenue_4q": null,
            "common_shares": 679950,
            "book_valuer_per_share": 25.98,
            "book_valuer_per_share_4q_avg": 26.86,
            "equity": 1766379,
            "current_ratio": 71.81,
            "debt_ratio": 63.79,
            "inventory_turnover_ratio": 0.92,
            "account_receivable_turnover_ratio": 0.97,
            "reinvestment_rate": null,
            "research_to_sale_ratio": null,
            "price_fair": 42.23,
            "eps_avg_yearly": 1.21,
            "eps_latest_yearly": 0.6,
            "eps_growth_yearly": 472.77
        },
        "20163": {
            "year_quarter": 20163,
            "year": 2016,
            "quarter": 3,
            "eps": -1.29,
            "eps_growth_year": null,
            "eps_4q": -4.03,
            "eps_4q_growth_year": null,
            "roe": -5.15,
            "roe_4q": -15.43,
            "gross_profit": -19630,
            "gross_margin": -4.28,
            "gross_margin_4q_avg": 3.54,
            "net_income": -86987,
            "net_income_4q": null,
            "revenue": 458652,
            "revenue_4q": null,
            "common_shares": 679950,
            "book_valuer_per_share": 23.7,
            "book_valuer_per_share_4q_avg": 25.79,
            "equity": 1611160,
            "current_ratio": 63.91,
            "debt_ratio": 63.51,
            "inventory_turnover_ratio": 1.13,
            "account_receivable_turnover_ratio": 0.94,
            "reinvestment_rate": null,
            "research_to_sale_ratio": null,
            "price_fair": 42.23,
            "eps_avg_yearly": 1.21,
            "eps_latest_yearly": 0.6,
            "eps_growth_yearly": 472.77
        },
        "20164": {
            "year_quarter": 20164,
            "year": 2016,
            "quarter": 4,
            "eps": 1.48,
            "eps_growth_year": null,
            "eps_4q": -1.29,
            "eps_4q_growth_year": null,
            "roe": 6.13,
            "roe_4q": -4.630000000000001,
            "gross_profit": 19569,
            "gross_margin": 3.97,
            "gross_margin_4q_avg": 5.43,
            "net_income": 100396,
            "net_income_4q": null,
            "revenue": 493176,
            "revenue_4q": null,
            "common_shares": 679950,
            "book_valuer_per_share": 24.48,
            "book_valuer_per_share_4q_avg": 25.21,
            "equity": 1664772,
            "current_ratio": 76.34,
            "debt_ratio": 60.42,
            "inventory_turnover_ratio": 1.24,
            "account_receivable_turnover_ratio": 1.11,
            "reinvestment_rate": null,
            "research_to_sale_ratio": null,
            "price_fair": 38.36,
            "eps_avg_yearly": 1.1,
            "eps_latest_yearly": 0.6,
            "eps_growth_yearly": 144.46
        },
        "20171": {
            "year_quarter": 20171,
            "year": 2017,
            "quarter": 1,
            "eps": -1.13,
            "eps_growth_year": null,
            "eps_4q": -1.66,
            "eps_4q_growth_year": null,
            "roe": -4.79,
            "roe_4q": -6.5600000000000005,
            "gross_profit": 9532,
            "gross_margin": 2.66,
            "gross_margin_4q_avg": 3.73,
            "net_income": -76904,
            "net_income_4q": null,
            "revenue": 358532,
            "revenue_4q": null,
            "common_shares": 679950,
            "book_valuer_per_share": 22.71,
            "book_valuer_per_share_4q_avg": 24.22,
            "equity": 1544280,
            "current_ratio": 82.28,
            "debt_ratio": 59.63,
            "inventory_turnover_ratio": 0.86,
            "account_receivable_turnover_ratio": 0.81,
            "reinvestment_rate": null,
            "research_to_sale_ratio": null,
            "price_fair": 26.6,
            "eps_avg_yearly": 0.76,
            "eps_latest_yearly": 0.6,
            "eps_growth_yearly": 141.94
        },
        "20172": {
            "year_quarter": 20172,
            "year": 2017,
            "quarter": 2,
            "eps": -0.84,
            "eps_growth_year": null,
            "eps_4q": -1.78,
            "eps_4q_growth_year": null,
            "roe": -3.75,
            "roe_4q": -7.56,
            "gross_profit": 33646,
            "gross_margin": 7.64,
            "gross_margin_4q_avg": 2.5,
            "net_income": -56967,
            "net_income_4q": null,
            "revenue": 440291,
            "revenue_4q": null,
            "common_shares": 679950,
            "book_valuer_per_share": 21.96,
            "book_valuer_per_share_4q_avg": 23.21,
            "equity": 1493410,
            "current_ratio": 89.74,
            "debt_ratio": 61.06,
            "inventory_turnover_ratio": 1.07,
            "account_receivable_turnover_ratio": 1.03,
            "reinvestment_rate": null,
            "research_to_sale_ratio": null,
            "price_fair": 11.67,
            "eps_avg_yearly": 0.33,
            "eps_latest_yearly": 0.6,
            "eps_growth_yearly": 211.11
        },
        "20173": {
            "year_quarter": 20173,
            "year": 2017,
            "quarter": 3,
            "eps": -1.39,
            "eps_growth_year": null,
            "eps_4q": -1.84,
            "eps_4q_growth_year": null,
            "roe": -6.74,
            "roe_4q": -9.150000000000002,
            "gross_profit": -51874,
            "gross_margin": -14.53,
            "gross_margin_4q_avg": -0.06,
            "net_income": -101041,
            "net_income_4q": null,
            "revenue": 357105,
            "revenue_4q": null,
            "common_shares": 729950,
            "book_valuer_per_share": 20.61,
            "book_valuer_per_share_4q_avg": 22.44,
            "equity": 1504314,
            "current_ratio": 87.81,
            "debt_ratio": 61.26,
            "inventory_turnover_ratio": 1.11,
            "account_receivable_turnover_ratio": 0.83,
            "reinvestment_rate": null,
            "research_to_sale_ratio": null,
            "price_fair": 11.67,
            "eps_avg_yearly": 0.33,
            "eps_latest_yearly": 0.6,
            "eps_growth_yearly": 211.11
        },
        "20174": {
            "year_quarter": 20174,
            "year": 2017,
            "quarter": 4,
            "eps": -2.13,
            "eps_growth_year": -244.45,
            "eps_4q": -5.35,
            "eps_4q_growth_year": null,
            "roe": -10.95,
            "roe_4q": -26.229999999999997,
            "gross_profit": 10816,
            "gross_margin": 3.18,
            "gross_margin_4q_avg": -0.26,
            "net_income": -155689,
            "net_income_4q": null,
            "revenue": 340297,
            "revenue_4q": null,
            "common_shares": 729950,
            "book_valuer_per_share": 18.33,
            "book_valuer_per_share_4q_avg": 20.9,
            "equity": 1338203,
            "current_ratio": 92.08,
            "debt_ratio": 63.61,
            "inventory_turnover_ratio": 0.89,
            "account_receivable_turnover_ratio": 0.79,
            "reinvestment_rate": null,
            "research_to_sale_ratio": null,
            "price_fair": 11.67,
            "eps_avg_yearly": 0.33,
            "eps_latest_yearly": 0.6,
            "eps_growth_yearly": 211.11
        },
        "20181": {
            "year_quarter": 20181,
            "year": 2018,
            "quarter": 1,
            "eps": -0.88,
            "eps_growth_year": null,
            "eps_4q": -5.17,
            "eps_4q_growth_year": null,
            "roe": -4.9,
            "roe_4q": -26.34,
            "gross_profit": 13162,
            "gross_margin": 3.42,
            "gross_margin_4q_avg": -0.07,
            "net_income": -63966,
            "net_income_4q": null,
            "revenue": 385052,
            "revenue_4q": null,
            "common_shares": 729950,
            "book_valuer_per_share": 17.45,
            "book_valuer_per_share_4q_avg": 19.59,
            "equity": 1274066,
            "current_ratio": 89.25,
            "debt_ratio": 64.53,
            "inventory_turnover_ratio": 1.07,
            "account_receivable_turnover_ratio": 0.9,
            "reinvestment_rate": null,
            "research_to_sale_ratio": null,
            "price_fair": 11.67,
            "eps_avg_yearly": 0.33,
            "eps_latest_yearly": 0.6,
            "eps_growth_yearly": 211.11
        },
        "20182": {
            "year_quarter": 20182,
            "year": 2018,
            "quarter": 2,
            "eps": -0.65,
            "eps_growth_year": null,
            "eps_4q": -4.85,
            "eps_4q_growth_year": null,
            "roe": -3.77,
            "roe_4q": -26.36,
            "gross_profit": 27182,
            "gross_margin": 6.26,
            "gross_margin_4q_avg": -0.42,
            "net_income": -48063,
            "net_income_4q": null,
            "revenue": 433896,
            "revenue_4q": null,
            "common_shares": 759950,
            "book_valuer_per_share": 16.8,
            "book_valuer_per_share_4q_avg": 18.3,
            "equity": 1276673,
            "current_ratio": 89.7,
            "debt_ratio": 64.59,
            "inventory_turnover_ratio": 1.14,
            "account_receivable_turnover_ratio": 0.99,
            "reinvestment_rate": null,
            "research_to_sale_ratio": null,
            "price_fair": 11.67,
            "eps_avg_yearly": 0.33,
            "eps_latest_yearly": 0.6,
            "eps_growth_yearly": 211.11
        },
        "20183": {
            "year_quarter": 20183,
            "year": 2018,
            "quarter": 3,
            "eps": 0.41,
            "eps_growth_year": null,
            "eps_4q": -3.11,
            "eps_4q_growth_year": null,
            "roe": 2.43,
            "roe_4q": -17.189999999999998,
            "gross_profit": 69589,
            "gross_margin": 11.31,
            "gross_margin_4q_avg": 6.04,
            "net_income": 31384,
            "net_income_4q": null,
            "revenue": 615193,
            "revenue_4q": null,
            "common_shares": 759950,
            "book_valuer_per_share": 17.2,
            "book_valuer_per_share_4q_avg": 17.45,
            "equity": 1306750,
            "current_ratio": 90.57,
            "debt_ratio": 66.14,
            "inventory_turnover_ratio": 1.17,
            "account_receivable_turnover_ratio": 1.22,
            "reinvestment_rate": null,
            "research_to_sale_ratio": null,
            "price_fair": 11.67,
            "eps_avg_yearly": 0.33,
            "eps_latest_yearly": 0.6,
            "eps_growth_yearly": 211.11
        },
        "20184": {
            "year_quarter": 20184,
            "year": 2018,
            "quarter": 4,
            "eps": -0.72,
            "eps_growth_year": null,
            "eps_4q": -1.78,
            "eps_4q_growth_year": null,
            "roe": -4.25,
            "roe_4q": -10.49,
            "gross_profit": 64357,
            "gross_margin": 12.77,
            "gross_margin_4q_avg": 8.44,
            "net_income": -55377,
            "net_income_4q": null,
            "revenue": 503850,
            "revenue_4q": null,
            "common_shares": 759950,
            "book_valuer_per_share": 16.57,
            "book_valuer_per_share_4q_avg": 17.01,
            "equity": 1301584,
            "current_ratio": 81.96,
            "debt_ratio": 66.53,
            "inventory_turnover_ratio": 0.83,
            "account_receivable_turnover_ratio": 0.94,
            "reinvestment_rate": null,
            "research_to_sale_ratio": null,
            "price_fair": 15.4,
            "eps_avg_yearly": 0.44,
            "eps_latest_yearly": 0.6,
            "eps_growth_yearly": 495.24
        },
        "20191": {
            "year_quarter": 20191,
            "year": 2019,
            "quarter": 1,
            "eps": -0.36,
            "eps_growth_year": null,
            "eps_4q": -1.3,
            "eps_4q_growth_year": null,
            "roe": -2.14,
            "roe_4q": -7.73,
            "gross_profit": 46438,
            "gross_margin": 10.07,
            "gross_margin_4q_avg": 10.1,
            "net_income": -27797,
            "net_income_4q": null,
            "revenue": 461064,
            "revenue_4q": null,
            "common_shares": 759950,
            "book_valuer_per_share": 16.45,
            "book_valuer_per_share_4q_avg": 16.76,
            "equity": 1293975,
            "current_ratio": 85.31,
            "debt_ratio": 67.4,
            "inventory_turnover_ratio": 0.86,
            "account_receivable_turnover_ratio": 0.96,
            "reinvestment_rate": null,
            "research_to_sale_ratio": null,
            "price_fair": 21,
            "eps_avg_yearly": 0.6,
            "eps_latest_yearly": 0.6,
            "eps_growth_yearly": 457.14
        },
        "20192": {
            "year_quarter": 20192,
            "year": 2019,
            "quarter": 2,
            "eps": -0.33,
            "eps_growth_year": null,
            "eps_4q": -1,
            "eps_4q_growth_year": null,
            "roe": -2.09,
            "roe_4q": -6.050000000000001,
            "gross_profit": 73852,
            "gross_margin": 11.57,
            "gross_margin_4q_avg": 11.43,
            "net_income": -26940,
            "net_income_4q": null,
            "revenue": 638113,
            "revenue_4q": null,
            "common_shares": 759950,
            "book_valuer_per_share": 16.27,
            "book_valuer_per_share_4q_avg": 16.62,
            "equity": 1288682,
            "current_ratio": 82.11,
            "debt_ratio": 69.85,
            "inventory_turnover_ratio": 0.95,
            "account_receivable_turnover_ratio": 1.25,
            "reinvestment_rate": null,
            "research_to_sale_ratio": null,
            "price_fair": 0,
            "eps_avg_yearly": 0,
            "eps_latest_yearly": 0,
            "eps_growth_yearly": 0
        },
        "20193": {
            "year_quarter": 20193,
            "year": 2019,
            "quarter": 3,
            "eps": 0.14,
            "eps_growth_year": -65.85,
            "eps_4q": -1.27,
            "eps_4q_growth_year": null,
            "roe": 0.81,
            "roe_4q": -7.67,
            "gross_profit": 71643,
            "gross_margin": 16.8,
            "gross_margin_4q_avg": 12.8,
            "net_income": 10405,
            "net_income_4q": null,
            "revenue": 426418,
            "revenue_4q": null,
            "common_shares": 759950,
            "book_valuer_per_share": 16.13,
            "book_valuer_per_share_4q_avg": 16.36,
            "equity": 1288385,
            "current_ratio": 81.68,
            "debt_ratio": 67.83,
            "inventory_turnover_ratio": 0.52,
            "account_receivable_turnover_ratio": 0.87,
            "reinvestment_rate": null,
            "research_to_sale_ratio": null,
            "price_fair": 0,
            "eps_avg_yearly": 0,
            "eps_latest_yearly": 0,
            "eps_growth_yearly": 0
        },
        "20194": {
            "year_quarter": 20194,
            "year": 2019,
            "quarter": 4,
            "eps": -0.56,
            "eps_growth_year": null,
            "eps_4q": -1.11,
            "eps_4q_growth_year": null,
            "roe": -3.68,
            "roe_4q": -7.1,
            "gross_profit": 4230,
            "gross_margin": 1.01,
            "gross_margin_4q_avg": 9.86,
            "net_income": -46351,
            "net_income_4q": null,
            "revenue": 417626,
            "revenue_4q": null,
            "common_shares": 759950,
            "book_valuer_per_share": 15.41,
            "book_valuer_per_share_4q_avg": 16.07,
            "equity": 1229177,
            "current_ratio": 81.45,
            "debt_ratio": 67.74,
            "inventory_turnover_ratio": 0.65,
            "account_receivable_turnover_ratio": 0.99,
            "reinvestment_rate": null,
            "research_to_sale_ratio": null,
            "price_fair": 0,
            "eps_avg_yearly": 0,
            "eps_latest_yearly": 0,
            "eps_growth_yearly": 0
        },
        "20201": {
            "year_quarter": 20201,
            "year": 2020,
            "quarter": 1,
            "eps": -0.25,
            "eps_growth_year": null,
            "eps_4q": -1,
            "eps_4q_growth_year": null,
            "roe": -1.71,
            "roe_4q": -6.67,
            "gross_profit": 48004,
            "gross_margin": 10.47,
            "gross_margin_4q_avg": 9.96,
            "net_income": -20364,
            "net_income_4q": null,
            "revenue": 458516,
            "revenue_4q": null,
            "common_shares": 759950,
            "book_valuer_per_share": 14.48,
            "book_valuer_per_share_4q_avg": 15.57,
            "equity": 1154156,
            "current_ratio": 78.55,
            "debt_ratio": 66.97,
            "inventory_turnover_ratio": 0.7,
            "account_receivable_turnover_ratio": 1.18,
            "reinvestment_rate": null,
            "research_to_sale_ratio": null,
            "price_fair": 0,
            "eps_avg_yearly": 0,
            "eps_latest_yearly": 0,
            "eps_growth_yearly": 0
        },
        "20202": {
            "year_quarter": 20202,
            "year": 2020,
            "quarter": 2,
            "eps": -0.51,
            "eps_growth_year": null,
            "eps_4q": -1.16,
            "eps_4q_growth_year": null,
            "roe": -3.78,
            "roe_4q": -8.36,
            "gross_profit": -8253,
            "gross_margin": -3.09,
            "gross_margin_4q_avg": 6.3,
            "net_income": -43343,
            "net_income_4q": null,
            "revenue": 266672,
            "revenue_4q": null,
            "common_shares": 783590,
            "book_valuer_per_share": 13.94,
            "book_valuer_per_share_4q_avg": 14.99,
            "equity": 1141698,
            "current_ratio": 91.22,
            "debt_ratio": 67.06,
            "inventory_turnover_ratio": 0.46,
            "account_receivable_turnover_ratio": 0.8,
            "reinvestment_rate": null,
            "research_to_sale_ratio": null,
            "price_fair": 0,
            "eps_avg_yearly": 0,
            "eps_latest_yearly": 0,
            "eps_growth_yearly": 0
        },
        "20203": {
            "year_quarter": 20203,
            "year": 2020,
            "quarter": 3,
            "eps": -0.45,
            "eps_growth_year": -421.43,
            "eps_4q": -1.74,
            "eps_4q_growth_year": null,
            "roe": -3.53,
            "roe_4q": -12.7,
            "gross_profit": 34273,
            "gross_margin": 8.06,
            "gross_margin_4q_avg": 4.11,
            "net_income": -39605,
            "net_income_4q": null,
            "revenue": 425152,
            "revenue_4q": null,
            "common_shares": 783590,
            "book_valuer_per_share": 13.5,
            "book_valuer_per_share_4q_avg": 14.33,
            "equity": 1103325,
            "current_ratio": 98.28,
            "debt_ratio": 67.76,
            "inventory_turnover_ratio": 0.61,
            "account_receivable_turnover_ratio": 1.18,
            "reinvestment_rate": null,
            "research_to_sale_ratio": null,
            "price_fair": 0,
            "eps_avg_yearly": 0,
            "eps_latest_yearly": 0,
            "eps_growth_yearly": 0
        },
        "20204": {
            "year_quarter": 20204,
            "year": 2020,
            "quarter": 4,
            "eps": -0.49,
            "eps_growth_year": null,
            "eps_4q": -1.68,
            "eps_4q_growth_year": null,
            "roe": -3.71,
            "roe_4q": -12.73,
            "gross_profit": -10511,
            "gross_margin": -3.29,
            "gross_margin_4q_avg": 3.04,
            "net_income": -40201,
            "net_income_4q": null,
            "revenue": 319089,
            "revenue_4q": null,
            "common_shares": 783590,
            "book_valuer_per_share": 13.04,
            "book_valuer_per_share_4q_avg": 13.74,
            "equity": 1065247,
            "current_ratio": 90.43,
            "debt_ratio": 67.41,
            "inventory_turnover_ratio": 0.54,
            "account_receivable_turnover_ratio": 0.82,
            "reinvestment_rate": null,
            "research_to_sale_ratio": null,
            "price_fair": 0,
            "eps_avg_yearly": 0,
            "eps_latest_yearly": 0,
            "eps_growth_yearly": 0
        },
        "20211": {
            "year_quarter": 20211,
            "year": 2021,
            "quarter": 1,
            "eps": -0.04,
            "eps_growth_year": null,
            "eps_4q": -1.49,
            "eps_4q_growth_year": null,
            "roe": -0.62,
            "roe_4q": -11.639999999999999,
            "gross_profit": 61981,
            "gross_margin": 14.82,
            "gross_margin_4q_avg": 4.13,
            "net_income": -6608,
            "net_income_4q": null,
            "revenue": 418339,
            "revenue_4q": null,
            "common_shares": 783590,
            "book_valuer_per_share": 12.97,
            "book_valuer_per_share_4q_avg": 13.36,
            "equity": 1055681,
            "current_ratio": 93.73,
            "debt_ratio": 66.24,
            "inventory_turnover_ratio": 0.64,
            "account_receivable_turnover_ratio": 1.1,
            "reinvestment_rate": null,
            "research_to_sale_ratio": null,
            "price_fair": 0,
            "eps_avg_yearly": 0,
            "eps_latest_yearly": 0,
            "eps_growth_yearly": 0
        },
        "20212": {
            "year_quarter": 20212,
            "year": 2021,
            "quarter": 2,
            "eps": -0.59,
            "eps_growth_year": null,
            "eps_4q": -1.56,
            "eps_4q_growth_year": null,
            "roe": -4.63,
            "roe_4q": -12.49,
            "gross_profit": 10039,
            "gross_margin": 2.24,
            "gross_margin_4q_avg": 5.46,
            "net_income": -47359,
            "net_income_4q": null,
            "revenue": 447774,
            "revenue_4q": null,
            "common_shares": 783590,
            "book_valuer_per_share": 12.16,
            "book_valuer_per_share_4q_avg": 12.92,
            "equity": 990159,
            "current_ratio": 93.8,
            "debt_ratio": 67.23,
            "inventory_turnover_ratio": 0.84,
            "account_receivable_turnover_ratio": 1.15,
            "reinvestment_rate": null,
            "research_to_sale_ratio": null,
            "price_fair": 0,
            "eps_avg_yearly": 0,
            "eps_latest_yearly": 0,
            "eps_growth_yearly": 0
        },
        "20213": {
            "year_quarter": 20213,
            "year": 2021,
            "quarter": 3,
            "eps": -0.69,
            "eps_growth_year": null,
            "eps_4q": -1.81,
            "eps_4q_growth_year": null,
            "roe": -5.95,
            "roe_4q": -14.91,
            "gross_profit": 20868,
            "gross_margin": 6.24,
            "gross_margin_4q_avg": 5,
            "net_income": -56859,
            "net_income_4q": null,
            "revenue": 334439,
            "revenue_4q": null,
            "common_shares": 783590,
            "book_valuer_per_share": 11.33,
            "book_valuer_per_share_4q_avg": 12.38,
            "equity": 922085,
            "current_ratio": 91.91,
            "debt_ratio": 68.68,
            "inventory_turnover_ratio": 0.59,
            "account_receivable_turnover_ratio": 0.85,
            "reinvestment_rate": null,
            "research_to_sale_ratio": null,
            "price_fair": 0,
            "eps_avg_yearly": 0,
            "eps_latest_yearly": 0,
            "eps_growth_yearly": 0
        },
        "20214": {
            "year_quarter": 20214,
            "year": 2021,
            "quarter": 4,
            "eps": -0.65,
            "eps_growth_year": null,
            "eps_4q": -1.97,
            "eps_4q_growth_year": null,
            "roe": -5.84,
            "roe_4q": -17.04,
            "gross_profit": 26788,
            "gross_margin": 7.76,
            "gross_margin_4q_avg": 7.77,
            "net_income": -52285,
            "net_income_4q": null,
            "revenue": 345208,
            "revenue_4q": null,
            "common_shares": 783590,
            "book_valuer_per_share": 10.68,
            "book_valuer_per_share_4q_avg": 11.79,
            "equity": 869529,
            "current_ratio": 87.52,
            "debt_ratio": 68.97,
            "inventory_turnover_ratio": 0.61,
            "account_receivable_turnover_ratio": 0.92,
            "reinvestment_rate": null,
            "research_to_sale_ratio": null,
            "price_fair": 0,
            "eps_avg_yearly": 0,
            "eps_latest_yearly": 0,
            "eps_growth_yearly": 0
        },
        "20221": {
            "year_quarter": 20221,
            "year": 2022,
            "quarter": 1,
            "eps": -0.38,
            "eps_growth_year": null,
            "eps_4q": -2.31,
            "eps_4q_growth_year": null,
            "roe": -3.68,
            "roe_4q": -20.099999999999998,
            "gross_profit": 44971,
            "gross_margin": 11.43,
            "gross_margin_4q_avg": 6.92,
            "net_income": -31838,
            "net_income_4q": null,
            "revenue": 393474,
            "revenue_4q": null,
            "common_shares": 783590,
            "book_valuer_per_share": 10.61,
            "book_valuer_per_share_4q_avg": 11.2,
            "equity": 863171,
            "current_ratio": 84.29,
            "debt_ratio": 69.39,
            "inventory_turnover_ratio": 0.74,
            "account_receivable_turnover_ratio": 0.98,
            "reinvestment_rate": null,
            "research_to_sale_ratio": null,
            "price_fair": 0,
            "eps_avg_yearly": 0,
            "eps_latest_yearly": 0,
            "eps_growth_yearly": 0
        },
        "20222": {
            "year_quarter": 20222,
            "year": 2022,
            "quarter": 2,
            "eps": -0.34,
            "eps_growth_year": null,
            "eps_4q": -2.06,
            "eps_4q_growth_year": null,
            "roe": -3.18,
            "roe_4q": -18.65,
            "gross_profit": 25657,
            "gross_margin": 6.05,
            "gross_margin_4q_avg": 7.87,
            "net_income": -27269,
            "net_income_4q": null,
            "revenue": 424406,
            "revenue_4q": null,
            "common_shares": 783590,
            "book_valuer_per_share": 10.44,
            "book_valuer_per_share_4q_avg": 10.77,
            "equity": 849149,
            "current_ratio": 85.43,
            "debt_ratio": 71.34,
            "inventory_turnover_ratio": 0.86,
            "account_receivable_turnover_ratio": 1,
            "reinvestment_rate": null,
            "research_to_sale_ratio": null,
            "price_fair": 0,
            "eps_avg_yearly": 0,
            "eps_latest_yearly": 0,
            "eps_growth_yearly": 0
        },
        "20223": {
            "year_quarter": 20223,
            "year": 2022,
            "quarter": 3,
            "eps": -0.59,
            "eps_growth_year": null,
            "eps_4q": -1.96,
            "eps_4q_growth_year": null,
            "roe": -5.54,
            "roe_4q": -18.240000000000002,
            "gross_profit": 40842,
            "gross_margin": 12.54,
            "gross_margin_4q_avg": 9.45,
            "net_income": -46619,
            "net_income_4q": null,
            "revenue": 325769,
            "revenue_4q": null,
            "common_shares": 783590,
            "book_valuer_per_share": 10.27,
            "book_valuer_per_share_4q_avg": 10.5,
            "equity": 835117,
            "current_ratio": 80.07,
            "debt_ratio": 71.74,
            "inventory_turnover_ratio": 0.58,
            "account_receivable_turnover_ratio": 0.8,
            "reinvestment_rate": null,
            "research_to_sale_ratio": null,
            "price_fair": 0,
            "eps_avg_yearly": 0,
            "eps_latest_yearly": 0,
            "eps_growth_yearly": 0
        },
        "20224": {
            "year_quarter": 20224,
            "year": 2022,
            "quarter": 4,
            "eps": -0.22,
            "eps_growth_year": null,
            "eps_4q": -1.53,
            "eps_4q_growth_year": null,
            "roe": -2.2,
            "roe_4q": -14.6,
            "gross_profit": 31339,
            "gross_margin": 9.67,
            "gross_margin_4q_avg": 9.92,
            "net_income": -18513,
            "net_income_4q": null,
            "revenue": 324151,
            "revenue_4q": null,
            "common_shares": 783590,
            "book_valuer_per_share": 10.42,
            "book_valuer_per_share_4q_avg": 10.44,
            "equity": 845801,
            "current_ratio": 72.11,
            "debt_ratio": 71.01,
            "inventory_turnover_ratio": 0.66,
            "account_receivable_turnover_ratio": 0.85,
            "reinvestment_rate": null,
            "research_to_sale_ratio": null,
            "price_fair": 0,
            "eps_avg_yearly": 0,
            "eps_latest_yearly": 0,
            "eps_growth_yearly": 0
        },
        "20231": {
            "year_quarter": 20231,
            "year": 2023,
            "quarter": 1,
            "eps": -0.22,
            "eps_growth_year": null,
            "eps_4q": -1.37,
            "eps_4q_growth_year": null,
            "roe": -2.26,
            "roe_4q": -13.18,
            "gross_profit": 31869,
            "gross_margin": 9.63,
            "gross_margin_4q_avg": 9.47,
            "net_income": -18721,
            "net_income_4q": null,
            "revenue": 331062,
            "revenue_4q": null,
            "common_shares": 783590,
            "book_valuer_per_share": 10,
            "book_valuer_per_share_4q_avg": 10.28,
            "equity": 811764,
            "current_ratio": 69.48,
            "debt_ratio": 72.4,
            "inventory_turnover_ratio": 0.77,
            "account_receivable_turnover_ratio": 0.93,
            "reinvestment_rate": null,
            "research_to_sale_ratio": null,
            "price_fair": 0,
            "eps_avg_yearly": 0,
            "eps_latest_yearly": 0,
            "eps_growth_yearly": 0
        },
        "20232": {
            "year_quarter": 20232,
            "year": 2023,
            "quarter": 2,
            "eps": -1.1,
            "eps_growth_year": null,
            "eps_4q": -2.13,
            "eps_4q_growth_year": null,
            "roe": -11.2,
            "roe_4q": -21.2,
            "gross_profit": 6202,
            "gross_margin": 1.6,
            "gross_margin_4q_avg": 8.36,
            "net_income": -86453,
            "net_income_4q": null,
            "revenue": 386657,
            "revenue_4q": null,
            "common_shares": 783590,
            "book_valuer_per_share": 9,
            "book_valuer_per_share_4q_avg": 9.92,
            "equity": 732020,
            "current_ratio": 71.04,
            "debt_ratio": 75.37,
            "inventory_turnover_ratio": 0.99,
            "account_receivable_turnover_ratio": 1,
            "reinvestment_rate": null,
            "research_to_sale_ratio": null,
            "price_fair": 0,
            "eps_avg_yearly": 0,
            "eps_latest_yearly": 0,
            "eps_growth_yearly": 0
        },
        "20233": {
            "year_quarter": 20233,
            "year": 2023,
            "quarter": 3,
            "eps": -0.55,
            "eps_growth_year": null,
            "eps_4q": -2.09,
            "eps_4q_growth_year": null,
            "roe": -6.05,
            "roe_4q": -21.709999999999997,
            "gross_profit": 51763,
            "gross_margin": 10.9,
            "gross_margin_4q_avg": 7.95,
            "net_income": -43964,
            "net_income_4q": null,
            "revenue": 474677,
            "revenue_4q": null,
            "common_shares": 783590,
            "book_valuer_per_share": 8.87,
            "book_valuer_per_share_4q_avg": 9.57,
            "equity": 722148,
            "current_ratio": 65.56,
            "debt_ratio": 75.74,
            "inventory_turnover_ratio": 1.08,
            "account_receivable_turnover_ratio": 1.18,
            "reinvestment_rate": null,
            "research_to_sale_ratio": null,
            "price_fair": 0,
            "eps_avg_yearly": 0,
            "eps_latest_yearly": 0,
            "eps_growth_yearly": 0
        }
    },
    "months": {
        "2011-05": {
            "month": "2011-05",
            "price": "48.12",
            "revenue": 322419
        },
        "2011-06": {
            "month": "2011-06",
            "price": "51.79",
            "revenue": 187501
        },
        "2011-07": {
            "month": "2011-07",
            "price": "51.50",
            "revenue": 147767
        },
        "2011-08": {
            "month": "2011-08",
            "price": "50.91",
            "revenue": 177151
        },
        "2011-09": {
            "month": "2011-09",
            "price": "50.20",
            "revenue": 145636
        },
        "2011-10": {
            "month": "2011-10",
            "price": "55.72",
            "revenue": 156784
        },
        "2011-11": {
            "month": "2011-11",
            "price": "57.84",
            "revenue": 162517
        },
        "2011-12": {
            "month": "2011-12",
            "price": "40.79",
            "revenue": 152243
        },
        "2012-01": {
            "month": "2012-01",
            "price": "41.00",
            "revenue": 109261
        },
        "2012-02": {
            "month": "2012-02",
            "price": "45.54",
            "revenue": 156037
        },
        "2012-03": {
            "month": "2012-03",
            "price": "50.70",
            "revenue": 165076
        },
        "2012-04": {
            "month": "2012-04",
            "price": "48.62",
            "revenue": 179634
        },
        "2012-05": {
            "month": "2012-05",
            "price": "47.18",
            "revenue": 201143
        },
        "2012-06": {
            "month": "2012-06",
            "price": "44.81",
            "revenue": 162269
        },
        "2012-07": {
            "month": "2012-07",
            "price": "41.64",
            "revenue": 208355
        },
        "2012-08": {
            "month": "2012-08",
            "price": "37.01",
            "revenue": 220751
        },
        "2012-09": {
            "month": "2012-09",
            "price": "33.86",
            "revenue": 200008
        },
        "2012-10": {
            "month": "2012-10",
            "price": "33.00",
            "revenue": 161839
        },
        "2012-11": {
            "month": "2012-11",
            "price": "26.76",
            "revenue": 127605
        },
        "2012-12": {
            "month": "2012-12",
            "price": "28.16",
            "revenue": 251987
        },
        "2013-01": {
            "month": "2013-01",
            "price": "28.21",
            "revenue": 142072
        },
        "2013-02": {
            "month": "2013-02",
            "price": "26.76",
            "revenue": 185711
        },
        "2013-03": {
            "month": "2013-03",
            "price": "28.11",
            "revenue": 175658
        },
        "2013-04": {
            "month": "2013-04",
            "price": "28.80",
            "revenue": 152488
        },
        "2013-05": {
            "month": "2013-05",
            "price": "30.00",
            "revenue": 178559
        },
        "2013-06": {
            "month": "2013-06",
            "price": "29.24",
            "revenue": 143646
        },
        "2013-07": {
            "month": "2013-07",
            "price": "28.62",
            "revenue": 212731
        },
        "2013-08": {
            "month": "2013-08",
            "price": "29.28",
            "revenue": 163534
        },
        "2013-09": {
            "month": "2013-09",
            "price": "29.32",
            "revenue": 221666
        },
        "2013-10": {
            "month": "2013-10",
            "price": "29.40",
            "revenue": 181474
        },
        "2013-11": {
            "month": "2013-11",
            "price": "27.26",
            "revenue": 193291
        },
        "2013-12": {
            "month": "2013-12",
            "price": "27.73",
            "revenue": 140932
        },
        "2014-01": {
            "month": "2014-01",
            "price": "28.80",
            "revenue": 124587
        },
        "2014-02": {
            "month": "2014-02",
            "price": "25.58",
            "revenue": 159374
        },
        "2014-03": {
            "month": "2014-03",
            "price": "31.15",
            "revenue": 209735
        },
        "2014-04": {
            "month": "2014-04",
            "price": "31.74",
            "revenue": 156335
        },
        "2014-05": {
            "month": "2014-05",
            "price": "30.53",
            "revenue": 146456
        },
        "2014-06": {
            "month": "2014-06",
            "price": "30.75",
            "revenue": 142707
        },
        "2014-07": {
            "month": "2014-07",
            "price": "26.60",
            "revenue": 236564
        },
        "2014-08": {
            "month": "2014-08",
            "price": "24.35",
            "revenue": 232153
        },
        "2014-09": {
            "month": "2014-09",
            "price": "24.68",
            "revenue": 205521
        },
        "2014-10": {
            "month": "2014-10",
            "price": "23.45",
            "revenue": 243785
        },
        "2014-11": {
            "month": "2014-11",
            "price": "23.01",
            "revenue": 176991
        },
        "2014-12": {
            "month": "2014-12",
            "price": "24.86",
            "revenue": 327342
        },
        "2015-01": {
            "month": "2015-01",
            "price": "23.65",
            "revenue": 209486
        },
        "2015-02": {
            "month": "2015-02",
            "price": "22.07",
            "revenue": 165303
        },
        "2015-03": {
            "month": "2015-03",
            "price": "21.74",
            "revenue": 191217
        },
        "2015-04": {
            "month": "2015-04",
            "price": "19.79",
            "revenue": 165267
        },
        "2015-05": {
            "month": "2015-05",
            "price": "19.30",
            "revenue": 201423
        },
        "2015-06": {
            "month": "2015-06",
            "price": "19.26",
            "revenue": 271804
        },
        "2015-07": {
            "month": "2015-07",
            "price": "19.23",
            "revenue": 161909
        },
        "2015-08": {
            "month": "2015-08",
            "price": "19.36",
            "revenue": 137484
        },
        "2015-09": {
            "month": "2015-09",
            "price": "18.52",
            "revenue": 161131
        },
        "2015-10": {
            "month": "2015-10",
            "price": "17.64",
            "revenue": 160975
        },
        "2015-11": {
            "month": "2015-11",
            "price": "16.13",
            "revenue": 143698
        },
        "2015-12": {
            "month": "2015-12",
            "price": "14.76",
            "revenue": 167113
        },
        "2016-01": {
            "month": "2016-01",
            "price": "15.05",
            "revenue": 155057
        },
        "2016-02": {
            "month": "2016-02",
            "price": "15.03",
            "revenue": 131271
        },
        "2016-03": {
            "month": "2016-03",
            "price": "14.99",
            "revenue": 170589
        },
        "2016-04": {
            "month": "2016-04",
            "price": "13.31",
            "revenue": 122962
        },
        "2016-05": {
            "month": "2016-05",
            "price": "12.94",
            "revenue": 204846
        },
        "2016-06": {
            "month": "2016-06",
            "price": "12.79",
            "revenue": 188900
        },
        "2016-07": {
            "month": "2016-07",
            "price": "12.33",
            "revenue": 197085
        },
        "2016-08": {
            "month": "2016-08",
            "price": "11.81",
            "revenue": 122657
        },
        "2016-09": {
            "month": "2016-09",
            "price": "11.58",
            "revenue": 138453
        },
        "2016-10": {
            "month": "2016-10",
            "price": "11.79",
            "revenue": 131253
        },
        "2016-11": {
            "month": "2016-11",
            "price": "10.75",
            "revenue": 202202
        },
        "2016-12": {
            "month": "2016-12",
            "price": "10.95",
            "revenue": 159484
        },
        "2017-01": {
            "month": "2017-01",
            "price": "11.26",
            "revenue": 98491
        },
        "2017-02": {
            "month": "2017-02",
            "price": "13.66",
            "revenue": 114261
        },
        "2017-03": {
            "month": "2017-03",
            "price": "13.57",
            "revenue": 149170
        },
        "2017-04": {
            "month": "2017-04",
            "price": "14.22",
            "revenue": 119553
        },
        "2017-05": {
            "month": "2017-05",
            "price": "14.86",
            "revenue": 165406
        },
        "2017-06": {
            "month": "2017-06",
            "price": "15.69",
            "revenue": 154607
        },
        "2017-07": {
            "month": "2017-07",
            "price": "16.29",
            "revenue": 104388
        },
        "2017-08": {
            "month": "2017-08",
            "price": "16.20",
            "revenue": 102431
        },
        "2017-09": {
            "month": "2017-09",
            "price": "15.79",
            "revenue": 146982
        },
        "2017-10": {
            "month": "2017-10",
            "price": "15.96",
            "revenue": 128585
        },
        "2017-11": {
            "month": "2017-11",
            "price": "14.67",
            "revenue": 117680
        },
        "2017-12": {
            "month": "2017-12",
            "price": "12.71",
            "revenue": 107528
        },
        "2018-01": {
            "month": "2018-01",
            "price": "12.18",
            "revenue": 137025
        },
        "2018-02": {
            "month": "2018-02",
            "price": "12.46",
            "revenue": 111894
        },
        "2018-03": {
            "month": "2018-03",
            "price": "13.30",
            "revenue": 138191
        },
        "2018-04": {
            "month": "2018-04",
            "price": "13.23",
            "revenue": 128854
        },
        "2018-05": {
            "month": "2018-05",
            "price": "13.75",
            "revenue": 126782
        },
        "2018-06": {
            "month": "2018-06",
            "price": "13.16",
            "revenue": 180990
        },
        "2018-07": {
            "month": "2018-07",
            "price": "13.46",
            "revenue": 173071
        },
        "2018-08": {
            "month": "2018-08",
            "price": "13.31",
            "revenue": 182866
        },
        "2018-09": {
            "month": "2018-09",
            "price": "13.41",
            "revenue": 258085
        },
        "2018-10": {
            "month": "2018-10",
            "price": "13.34",
            "revenue": 185242
        },
        "2018-11": {
            "month": "2018-11",
            "price": "13.67",
            "revenue": 164127
        },
        "2018-12": {
            "month": "2018-12",
            "price": "13.57",
            "revenue": 187415
        },
        "2019-01": {
            "month": "2019-01",
            "price": "13.60",
            "revenue": 145168
        },
        "2019-02": {
            "month": "2019-02",
            "price": "13.62",
            "revenue": 158319
        },
        "2019-03": {
            "month": "2019-03",
            "price": "14.72",
            "revenue": 159733
        },
        "2019-04": {
            "month": "2019-04",
            "price": "15.52",
            "revenue": 207248
        },
        "2019-05": {
            "month": "2019-05",
            "price": "16.05",
            "revenue": 177111
        },
        "2019-06": {
            "month": "2019-06",
            "price": "16.57",
            "revenue": 247641
        },
        "2019-07": {
            "month": "2019-07",
            "price": "16.37",
            "revenue": 124569
        },
        "2019-08": {
            "month": "2019-08",
            "price": "15.19",
            "revenue": 140678
        },
        "2019-09": {
            "month": "2019-09",
            "price": "14.79",
            "revenue": 157935
        },
        "2019-10": {
            "month": "2019-10",
            "price": "14.67",
            "revenue": 103015
        },
        "2019-11": {
            "month": "2019-11",
            "price": "14.35",
            "revenue": 175247
        },
        "2019-12": {
            "month": "2019-12",
            "price": "14.45",
            "revenue": 151474
        },
        "2020-01": {
            "month": "2020-01",
            "price": "14.16",
            "revenue": 156286
        },
        "2020-02": {
            "month": "2020-02",
            "price": "13.99",
            "revenue": 140539
        },
        "2020-03": {
            "month": "2020-03",
            "price": "13.78",
            "revenue": 161434
        },
        "2020-04": {
            "month": "2020-04",
            "price": "13.36",
            "revenue": 79943
        },
        "2020-05": {
            "month": "2020-05",
            "price": "13.50",
            "revenue": 70693
        },
        "2020-06": {
            "month": "2020-06",
            "price": "13.82",
            "revenue": 117881
        },
        "2020-07": {
            "month": "2020-07",
            "price": "13.54",
            "revenue": 128600
        },
        "2020-08": {
            "month": "2020-08",
            "price": "13.22",
            "revenue": 144281
        },
        "2020-09": {
            "month": "2020-09",
            "price": "13.20",
            "revenue": 159901
        },
        "2020-10": {
            "month": "2020-10",
            "price": "13.04",
            "revenue": 102894
        },
        "2020-11": {
            "month": "2020-11",
            "price": "12.78",
            "revenue": 106721
        },
        "2020-12": {
            "month": "2020-12",
            "price": "12.20",
            "revenue": 108763
        },
        "2021-01": {
            "month": "2021-01",
            "price": "10.93",
            "revenue": 194170
        },
        "2021-02": {
            "month": "2021-02",
            "price": "10.52",
            "revenue": 98503
        },
        "2021-03": {
            "month": "2021-03",
            "price": "10.78",
            "revenue": 125977
        },
        "2021-04": {
            "month": "2021-04",
            "price": "10.91",
            "revenue": 103852
        },
        "2021-05": {
            "month": "2021-05",
            "price": "11.07",
            "revenue": 156982
        },
        "2021-06": {
            "month": "2021-06",
            "price": "11.75",
            "revenue": 185337
        },
        "2021-07": {
            "month": "2021-07",
            "price": "11.62",
            "revenue": 86306
        },
        "2021-08": {
            "month": "2021-08",
            "price": "10.89",
            "revenue": 120914
        },
        "2021-09": {
            "month": "2021-09",
            "price": "10.59",
            "revenue": 129832
        },
        "2021-10": {
            "month": "2021-10",
            "price": "10.48",
            "revenue": 102783
        },
        "2021-11": {
            "month": "2021-11",
            "price": "10.53",
            "revenue": 92789
        },
        "2021-12": {
            "month": "2021-12",
            "price": "10.34",
            "revenue": 150646
        },
        "2022-01": {
            "month": "2022-01",
            "price": "10.29",
            "revenue": 130645
        },
        "2022-02": {
            "month": "2022-02",
            "price": "10.14",
            "revenue": 153781
        },
        "2022-03": {
            "month": "2022-03",
            "price": "10.59",
            "revenue": 108456
        },
        "2022-04": {
            "month": "2022-04",
            "price": "10.26",
            "revenue": 131093
        },
        "2022-05": {
            "month": "2022-05",
            "price": "9.87",
            "revenue": 121110
        },
        "2022-06": {
            "month": "2022-06",
            "price": "9.90",
            "revenue": 174318
        },
        "2022-07": {
            "month": "2022-07",
            "price": "9.84",
            "revenue": 133408
        },
        "2022-08": {
            "month": "2022-08",
            "price": "10.21",
            "revenue": 111870
        },
        "2022-09": {
            "month": "2022-09",
            "price": "10.18",
            "revenue": 81426
        },
        "2022-10": {
            "month": "2022-10",
            "price": "10.02",
            "revenue": 114374
        },
        "2022-11": {
            "month": "2022-11",
            "price": "10.12",
            "revenue": 122687
        },
        "2022-12": {
            "month": "2022-12",
            "price": "9.91",
            "revenue": 85298
        },
        "2023-01": {
            "month": "2023-01",
            "price": "9.81",
            "revenue": 99677
        },
        "2023-02": {
            "month": "2023-02",
            "price": "9.83",
            "revenue": 106035
        },
        "2023-03": {
            "month": "2023-03",
            "price": "9.92",
            "revenue": 125539
        },
        "2023-04": {
            "month": "2023-04",
            "price": "9.99",
            "revenue": 83401
        },
        "2023-05": {
            "month": "2023-05",
            "price": "9.86",
            "revenue": 165361
        },
        "2023-06": {
            "month": "2023-06",
            "price": "10.10",
            "revenue": 134009
        },
        "2023-07": {
            "month": "2023-07",
            "price": "9.38",
            "revenue": 154323
        },
        "2023-08": {
            "month": "2023-08",
            "price": "9.07",
            "revenue": 160218
        },
        "2023-09": {
            "month": "2023-09",
            "price": "8.94",
            "revenue": 159695
        },
        "2023-10": {
            "month": "2023-10",
            "price": "8.81",
            "revenue": 178204
        },
        "2023-11": {
            "month": "2023-11",
            "price": "8.91",
            "revenue": 128030
        }
    }
}
