{
    "summary": {
        "stock_name": "明揚",
        "stock_id": "8420",
        "category": "運動休閒",
        "main_business": "高爾夫球",
        "website_url": "http://www.launchtech.com.tw",
        "ceo": "呂英誠",
        "pe_ratio": -7,
        "report_year_from": 2010,
        "report_year_to": 2023,
        "age": 14,
        "eps_negative_percentage": 9,
        "eps_growth_avg": {
            "last_all": 23.96,
            "last_2y": 33.33,
            "last_4y": 23.81,
            "last_8y": 23.96,
            "last_12y": null,
            "last_16y": null,
            "last_20y": null,
            "at_2006_last_3y": null,
            "at_2007_last_3y": null,
            "at_2008_last_3y": null,
            "at_2009_last_3y": null,
            "at_2010_last_3y": null,
            "at_2011_last_3y": null,
            "at_2012_last_3y": null,
            "at_2013_last_3y": null,
            "at_2014_last_3y": null,
            "at_2015_last_3y": null,
            "at_2016_last_3y": null,
            "at_2017_last_3y": -1.13,
            "at_2018_last_3y": 24.15,
            "at_2019_last_3y": 14.34,
            "at_2020_last_3y": 6.96,
            "at_2021_last_3y": 54.76,
            "at_2022_last_3y": 54.76,
            "at_2023_last_3y": 14.57,
            "at_2024_last_3y": 14.57,
            "at_2006_last_all": null,
            "at_2007_last_all": null,
            "at_2008_last_all": null,
            "at_2009_last_all": null,
            "at_2010_last_all": null,
            "at_2011_last_all": null,
            "at_2012_last_all": null,
            "at_2013_last_all": null,
            "at_2014_last_all": null,
            "at_2015_last_all": 100,
            "at_2016_last_all": 43.9,
            "at_2017_last_all": -1.13,
            "at_2018_last_all": 24.15,
            "at_2019_last_all": 31.47,
            "at_2020_last_all": 19.27,
            "at_2021_last_all": 30.8,
            "at_2022_last_all": 39.45,
            "at_2023_last_all": 23.96,
            "at_2024_last_all": 23.96
        },
        "latest_eps": -9.01,
        "latest_price": 59,
        "latest_roe": -43,
        "latest_gross_margin": 30.93,
        "latest_equity": 918278,
        "latest_revenue": 730832,
        "latest_gross_profit": 226047,
        "latest_net_income": -1008419,
        "latest_debt_ratio": 58.1,
        "latest_current_ratio": 147.3,
        "latest_account_receivable_turnover_ratio": 1.56,
        "latest_inventory_turnover_ratio": 1.07,
        "latest_reinvestment_rate": -82.03,
        "latest_research_to_sale_ratio": 0.42
    },
    "eps_dividends": {
        "2001": {
            "cash": 0,
            "stock": 0,
            "eps": 0
        },
        "2002": {
            "cash": 0,
            "stock": 0,
            "eps": 0
        },
        "2003": {
            "cash": 0,
            "stock": 0,
            "eps": 0
        },
        "2004": {
            "cash": 0,
            "stock": 0,
            "eps": 0
        },
        "2005": {
            "cash": 0,
            "stock": 0,
            "eps": 0
        },
        "2006": {
            "cash": 0,
            "stock": 0,
            "eps": 0
        },
        "2007": {
            "cash": 0,
            "stock": 0,
            "eps": 0
        },
        "2008": {
            "cash": 0,
            "stock": 0,
            "eps": 0
        },
        "2009": {
            "cash": 0,
            "stock": 0,
            "eps": 0
        },
        "2010": {
            "cash": 0,
            "stock": 0,
            "eps": 0
        },
        "2011": {
            "cash": 0.43,
            "stock": 0.3,
            "eps": 0
        },
        "2012": {
            "cash": 0,
            "stock": 0,
            "eps": 0
        },
        "2013": {
            "cash": 0,
            "stock": 0,
            "eps": 0
        },
        "2014": {
            "cash": 0.45,
            "stock": 0,
            "eps": 0.46
        },
        "2015": {
            "cash": 0.2,
            "stock": 0,
            "eps": 2.46
        },
        "2016": {
            "cash": 1.2,
            "stock": 0,
            "eps": 2.16
        },
        "2017": {
            "cash": 1.2,
            "stock": 0,
            "eps": 0.19
        },
        "2018": {
            "cash": 0.5,
            "stock": 0,
            "eps": 1.58
        },
        "2019": {
            "cash": 0.8,
            "stock": 0,
            "eps": 2.54
        },
        "2020": {
            "cash": 1.3,
            "stock": 0,
            "eps": 1.48
        },
        "2021": {
            "cash": 0.8,
            "stock": 0,
            "eps": 4.65
        },
        "2022": {
            "cash": 2.5,
            "stock": 0,
            "eps": 11.54
        },
        "2023": {
            "cash": 5.97,
            "stock": 0,
            "eps": -12.07
        }
    },
    "dividends": {
        "2011-03-29": {
            "cash": 0.43,
            "stock": 0.3
        },
        "2014-09-18": {
            "cash": 0.45,
            "stock": 0
        },
        "2015-07-29": {
            "cash": 0.2,
            "stock": 0
        },
        "2016-07-20": {
            "cash": 1.2,
            "stock": 0
        },
        "2017-07-20": {
            "cash": 1.2,
            "stock": 0
        },
        "2018-07-18": {
            "cash": 0.5,
            "stock": 0
        },
        "2019-07-25": {
            "cash": 0.8,
            "stock": 0
        },
        "2020-07-23": {
            "cash": 1.3,
            "stock": 0
        },
        "2021-08-20": {
            "cash": 0.8,
            "stock": 0
        },
        "2022-07-20": {
            "cash": 2.5,
            "stock": 0
        },
        "2023-05-04": {
            "cash": 5.97,
            "stock": 0
        }
    },
    "prices": {
        "200101": "無",
        "200102": "無",
        "200103": "無",
        "200104": "無",
        "200105": "無",
        "200106": "無",
        "200107": "無",
        "200108": "無",
        "200109": "無",
        "200110": "無",
        "200111": "無",
        "200112": "無",
        "200201": "無",
        "200202": "無",
        "200203": "無",
        "200204": "無",
        "200205": "無",
        "200206": "無",
        "200207": "無",
        "200208": "無",
        "200209": "無",
        "200210": "無",
        "200211": "無",
        "200212": "無",
        "200301": "無",
        "200302": "無",
        "200303": "無",
        "200304": "無",
        "200305": "無",
        "200306": "無",
        "200307": "無",
        "200308": "無",
        "200309": "無",
        "200310": "無",
        "200311": "無",
        "200312": "無",
        "200401": "無",
        "200402": "無",
        "200403": "無",
        "200404": "無",
        "200405": "無",
        "200406": "無",
        "200407": "無",
        "200408": "無",
        "200409": "無",
        "200410": "無",
        "200411": "無",
        "200412": "無",
        "200501": "無",
        "200502": "無",
        "200503": "無",
        "200504": "無",
        "200505": "無",
        "200506": "無",
        "200507": "無",
        "200508": "無",
        "200509": "無",
        "200510": "無",
        "200511": "無",
        "200512": "無",
        "200601": "無",
        "200602": "無",
        "200603": "無",
        "200604": "無",
        "200605": "無",
        "200606": "無",
        "200607": "無",
        "200608": "無",
        "200609": "無",
        "200610": "無",
        "200611": "無",
        "200612": "無",
        "200701": "無",
        "200702": "無",
        "200703": "無",
        "200704": "無",
        "200705": "無",
        "200706": "無",
        "200707": "無",
        "200708": "無",
        "200709": "無",
        "200710": "無",
        "200711": "無",
        "200712": "無",
        "200801": "無",
        "200802": "無",
        "200803": "無",
        "200804": "無",
        "200805": "無",
        "200806": "無",
        "200807": "無",
        "200808": "無",
        "200809": "無",
        "200810": "無",
        "200811": "無",
        "200812": "無",
        "200901": "無",
        "200902": "無",
        "200903": "無",
        "200904": "無",
        "200905": "無",
        "200906": "無",
        "200907": "無",
        "200908": "無",
        "200909": "無",
        "200910": "無",
        "200911": "無",
        "200912": "無",
        "201001": "無",
        "201002": "無",
        "201003": "無",
        "201004": "無",
        "201005": "無",
        "201006": "無",
        "201007": "無",
        "201008": "無",
        "201009": "無",
        "201010": "41.64",
        "201011": "40.17",
        "201012": "36.29",
        "201101": "35.92",
        "201102": "37.93",
        "201103": "37.38",
        "201104": "31.58",
        "201105": "31.82",
        "201106": "25.87",
        "201107": "18.91",
        "201108": "18.12",
        "201109": "17.79",
        "201110": "15.52",
        "201111": "13.82",
        "201112": "14.58",
        "201201": "16.03",
        "201202": "19.26",
        "201203": "24.26",
        "201204": "24.67",
        "201205": "23.78",
        "201206": "21.04",
        "201207": "17.36",
        "201208": "23.02",
        "201209": "24.70",
        "201210": "23.16",
        "201211": "21.34",
        "201212": "19.57",
        "201301": "23.25",
        "201302": "25.93",
        "201303": "23.25",
        "201304": "24.58",
        "201305": "24.93",
        "201306": "24.85",
        "201307": "24.89",
        "201308": "23.70",
        "201309": "22.66",
        "201310": "22.04",
        "201311": "21.90",
        "201312": "24.06",
        "201401": "27.71",
        "201402": "31.96",
        "201403": "33.31",
        "201404": "35.86",
        "201405": "39.64",
        "201406": "36.04",
        "201407": "32.03",
        "201408": "28.85",
        "201409": "26.24",
        "201410": "25.12",
        "201411": "15.42",
        "201412": "16.64",
        "201501": "17.06",
        "201502": "16.68",
        "201503": "16.72",
        "201504": "17.36",
        "201505": "16.90",
        "201506": "16.65",
        "201507": "21.12",
        "201508": "19.67",
        "201509": "20.27",
        "201510": "22.96",
        "201511": "21.88",
        "201512": "21.77",
        "201601": "20.09",
        "201602": "20.74",
        "201603": "23.43",
        "201604": "24.19",
        "201605": "21.51",
        "201606": "20.46",
        "201607": "19.84",
        "201608": "21.89",
        "201609": "21.88",
        "201610": "21.68",
        "201611": "21.40",
        "201612": "21.57",
        "201701": "21.77",
        "201702": "21.87",
        "201703": "22.35",
        "201704": "20.71",
        "201705": "18.95",
        "201706": "19.47",
        "201707": "19.56",
        "201708": "19.12",
        "201709": "18.69",
        "201710": "18.33",
        "201711": "18.25",
        "201712": "17.63",
        "201801": "18.38",
        "201802": "17.47",
        "201803": "17.78",
        "201804": "17.59",
        "201805": "17.48",
        "201806": "17.97",
        "201807": "18.17",
        "201808": "18.59",
        "201809": "18.98",
        "201810": "18.31",
        "201811": "17.99",
        "201812": "18.35",
        "201901": "18.45",
        "201902": "19.25",
        "201903": "24.06",
        "201904": "26.44",
        "201905": "27.25",
        "201906": "27.43",
        "201907": "27.85",
        "201908": "29.85",
        "201909": "31.16",
        "201910": "30.81",
        "201911": "29.70",
        "201912": "29.16",
        "202001": "28.77",
        "202002": "27.98",
        "202003": "23.90",
        "202004": "24.65",
        "202005": "23.71",
        "202006": "22.30",
        "202007": "21.19",
        "202008": "21.02",
        "202009": "23.81",
        "202010": "24.71",
        "202011": "24.51",
        "202012": "24.08",
        "202101": "26.26",
        "202102": "27.43",
        "202103": "27.64",
        "202104": "28.07",
        "202105": "25.44",
        "202106": "27.50",
        "202107": "31.08",
        "202108": "36.25",
        "202109": "37.56",
        "202110": "36.58",
        "202111": "39.30",
        "202112": "38.43",
        "202201": "39.77",
        "202202": "42.89",
        "202203": "39.58",
        "202204": "42.49",
        "202205": "53.01",
        "202206": "54.82",
        "202207": "54.54",
        "202208": "71.94",
        "202209": "73.03",
        "202210": "69.97",
        "202211": "71.92",
        "202212": "74.60",
        "202301": "81.55",
        "202302": "84.63",
        "202303": "95.13",
        "202304": "88.57",
        "202305": "92.05",
        "202306": "94.14",
        "202307": "91.64",
        "202308": "81.43",
        "202309": "79.27",
        "202310": "59.18",
        "202311": "56.61",
        "202312": "58.94"
    },
    "quarters": {
        "20011": {
            "year_quarter": 20011,
            "year": 2001,
            "quarter": 1,
            "eps": null,
            "eps_growth_year": null,
            "eps_4q": null,
            "eps_4q_growth_year": null,
            "roe": null,
            "roe_4q": 0,
            "gross_profit": null,
            "gross_margin": null,
            "gross_margin_4q_avg": 0,
            "net_income": null,
            "net_income_4q": null,
            "revenue": null,
            "revenue_4q": null,
            "common_shares": null,
            "book_valuer_per_share": null,
            "book_valuer_per_share_4q_avg": 0,
            "equity": null,
            "current_ratio": null,
            "debt_ratio": null,
            "inventory_turnover_ratio": null,
            "account_receivable_turnover_ratio": null,
            "reinvestment_rate": null,
            "research_to_sale_ratio": null,
            "price_fair": 0,
            "eps_avg_yearly": 0,
            "eps_latest_yearly": 0,
            "eps_growth_yearly": 0
        },
        "20012": {
            "year_quarter": 20012,
            "year": 2001,
            "quarter": 2,
            "eps": null,
            "eps_growth_year": null,
            "eps_4q": null,
            "eps_4q_growth_year": null,
            "roe": null,
            "roe_4q": 0,
            "gross_profit": null,
            "gross_margin": null,
            "gross_margin_4q_avg": 0,
            "net_income": null,
            "net_income_4q": null,
            "revenue": null,
            "revenue_4q": null,
            "common_shares": null,
            "book_valuer_per_share": null,
            "book_valuer_per_share_4q_avg": 0,
            "equity": null,
            "current_ratio": null,
            "debt_ratio": null,
            "inventory_turnover_ratio": null,
            "account_receivable_turnover_ratio": null,
            "reinvestment_rate": null,
            "research_to_sale_ratio": null,
            "price_fair": 0,
            "eps_avg_yearly": 0,
            "eps_latest_yearly": 0,
            "eps_growth_yearly": 0
        },
        "20013": {
            "year_quarter": 20013,
            "year": 2001,
            "quarter": 3,
            "eps": null,
            "eps_growth_year": null,
            "eps_4q": null,
            "eps_4q_growth_year": null,
            "roe": null,
            "roe_4q": 0,
            "gross_profit": null,
            "gross_margin": null,
            "gross_margin_4q_avg": 0,
            "net_income": null,
            "net_income_4q": null,
            "revenue": null,
            "revenue_4q": null,
            "common_shares": null,
            "book_valuer_per_share": null,
            "book_valuer_per_share_4q_avg": 0,
            "equity": null,
            "current_ratio": null,
            "debt_ratio": null,
            "inventory_turnover_ratio": null,
            "account_receivable_turnover_ratio": null,
            "reinvestment_rate": null,
            "research_to_sale_ratio": null,
            "price_fair": 0,
            "eps_avg_yearly": 0,
            "eps_latest_yearly": 0,
            "eps_growth_yearly": 0
        },
        "20014": {
            "year_quarter": 20014,
            "year": 2001,
            "quarter": 4,
            "eps": null,
            "eps_growth_year": null,
            "eps_4q": null,
            "eps_4q_growth_year": null,
            "roe": null,
            "roe_4q": 0,
            "gross_profit": null,
            "gross_margin": null,
            "gross_margin_4q_avg": 0,
            "net_income": null,
            "net_income_4q": null,
            "revenue": null,
            "revenue_4q": null,
            "common_shares": null,
            "book_valuer_per_share": null,
            "book_valuer_per_share_4q_avg": 0,
            "equity": null,
            "current_ratio": null,
            "debt_ratio": null,
            "inventory_turnover_ratio": null,
            "account_receivable_turnover_ratio": null,
            "reinvestment_rate": null,
            "research_to_sale_ratio": null,
            "price_fair": 0,
            "eps_avg_yearly": 0,
            "eps_latest_yearly": 0,
            "eps_growth_yearly": 0
        },
        "20021": {
            "year_quarter": 20021,
            "year": 2002,
            "quarter": 1,
            "eps": null,
            "eps_growth_year": null,
            "eps_4q": null,
            "eps_4q_growth_year": null,
            "roe": null,
            "roe_4q": 0,
            "gross_profit": null,
            "gross_margin": null,
            "gross_margin_4q_avg": 0,
            "net_income": null,
            "net_income_4q": null,
            "revenue": null,
            "revenue_4q": null,
            "common_shares": null,
            "book_valuer_per_share": null,
            "book_valuer_per_share_4q_avg": 0,
            "equity": null,
            "current_ratio": null,
            "debt_ratio": null,
            "inventory_turnover_ratio": null,
            "account_receivable_turnover_ratio": null,
            "reinvestment_rate": null,
            "research_to_sale_ratio": null,
            "price_fair": 0,
            "eps_avg_yearly": 0,
            "eps_latest_yearly": 0,
            "eps_growth_yearly": 0
        },
        "20022": {
            "year_quarter": 20022,
            "year": 2002,
            "quarter": 2,
            "eps": null,
            "eps_growth_year": null,
            "eps_4q": null,
            "eps_4q_growth_year": null,
            "roe": null,
            "roe_4q": 0,
            "gross_profit": null,
            "gross_margin": null,
            "gross_margin_4q_avg": 0,
            "net_income": null,
            "net_income_4q": null,
            "revenue": null,
            "revenue_4q": null,
            "common_shares": null,
            "book_valuer_per_share": null,
            "book_valuer_per_share_4q_avg": 0,
            "equity": null,
            "current_ratio": null,
            "debt_ratio": null,
            "inventory_turnover_ratio": null,
            "account_receivable_turnover_ratio": null,
            "reinvestment_rate": null,
            "research_to_sale_ratio": null,
            "price_fair": 0,
            "eps_avg_yearly": 0,
            "eps_latest_yearly": 0,
            "eps_growth_yearly": 0
        },
        "20023": {
            "year_quarter": 20023,
            "year": 2002,
            "quarter": 3,
            "eps": null,
            "eps_growth_year": null,
            "eps_4q": null,
            "eps_4q_growth_year": null,
            "roe": null,
            "roe_4q": 0,
            "gross_profit": null,
            "gross_margin": null,
            "gross_margin_4q_avg": 0,
            "net_income": null,
            "net_income_4q": null,
            "revenue": null,
            "revenue_4q": null,
            "common_shares": null,
            "book_valuer_per_share": null,
            "book_valuer_per_share_4q_avg": 0,
            "equity": null,
            "current_ratio": null,
            "debt_ratio": null,
            "inventory_turnover_ratio": null,
            "account_receivable_turnover_ratio": null,
            "reinvestment_rate": null,
            "research_to_sale_ratio": null,
            "price_fair": 0,
            "eps_avg_yearly": 0,
            "eps_latest_yearly": 0,
            "eps_growth_yearly": 0
        },
        "20024": {
            "year_quarter": 20024,
            "year": 2002,
            "quarter": 4,
            "eps": null,
            "eps_growth_year": null,
            "eps_4q": null,
            "eps_4q_growth_year": null,
            "roe": null,
            "roe_4q": 0,
            "gross_profit": null,
            "gross_margin": null,
            "gross_margin_4q_avg": 0,
            "net_income": null,
            "net_income_4q": null,
            "revenue": null,
            "revenue_4q": null,
            "common_shares": null,
            "book_valuer_per_share": null,
            "book_valuer_per_share_4q_avg": 0,
            "equity": null,
            "current_ratio": null,
            "debt_ratio": null,
            "inventory_turnover_ratio": null,
            "account_receivable_turnover_ratio": null,
            "reinvestment_rate": null,
            "research_to_sale_ratio": null,
            "price_fair": 0,
            "eps_avg_yearly": 0,
            "eps_latest_yearly": 0,
            "eps_growth_yearly": 0
        },
        "20031": {
            "year_quarter": 20031,
            "year": 2003,
            "quarter": 1,
            "eps": null,
            "eps_growth_year": null,
            "eps_4q": null,
            "eps_4q_growth_year": null,
            "roe": null,
            "roe_4q": 0,
            "gross_profit": null,
            "gross_margin": null,
            "gross_margin_4q_avg": 0,
            "net_income": null,
            "net_income_4q": null,
            "revenue": null,
            "revenue_4q": null,
            "common_shares": null,
            "book_valuer_per_share": null,
            "book_valuer_per_share_4q_avg": 0,
            "equity": null,
            "current_ratio": null,
            "debt_ratio": null,
            "inventory_turnover_ratio": null,
            "account_receivable_turnover_ratio": null,
            "reinvestment_rate": null,
            "research_to_sale_ratio": null,
            "price_fair": 0,
            "eps_avg_yearly": 0,
            "eps_latest_yearly": 0,
            "eps_growth_yearly": 0
        },
        "20032": {
            "year_quarter": 20032,
            "year": 2003,
            "quarter": 2,
            "eps": null,
            "eps_growth_year": null,
            "eps_4q": null,
            "eps_4q_growth_year": null,
            "roe": null,
            "roe_4q": 0,
            "gross_profit": null,
            "gross_margin": null,
            "gross_margin_4q_avg": 0,
            "net_income": null,
            "net_income_4q": null,
            "revenue": null,
            "revenue_4q": null,
            "common_shares": null,
            "book_valuer_per_share": null,
            "book_valuer_per_share_4q_avg": 0,
            "equity": null,
            "current_ratio": null,
            "debt_ratio": null,
            "inventory_turnover_ratio": null,
            "account_receivable_turnover_ratio": null,
            "reinvestment_rate": null,
            "research_to_sale_ratio": null,
            "price_fair": 0,
            "eps_avg_yearly": 0,
            "eps_latest_yearly": 0,
            "eps_growth_yearly": 0
        },
        "20033": {
            "year_quarter": 20033,
            "year": 2003,
            "quarter": 3,
            "eps": null,
            "eps_growth_year": null,
            "eps_4q": null,
            "eps_4q_growth_year": null,
            "roe": null,
            "roe_4q": 0,
            "gross_profit": null,
            "gross_margin": null,
            "gross_margin_4q_avg": 0,
            "net_income": null,
            "net_income_4q": null,
            "revenue": null,
            "revenue_4q": null,
            "common_shares": null,
            "book_valuer_per_share": null,
            "book_valuer_per_share_4q_avg": 0,
            "equity": null,
            "current_ratio": null,
            "debt_ratio": null,
            "inventory_turnover_ratio": null,
            "account_receivable_turnover_ratio": null,
            "reinvestment_rate": null,
            "research_to_sale_ratio": null,
            "price_fair": 0,
            "eps_avg_yearly": 0,
            "eps_latest_yearly": 0,
            "eps_growth_yearly": 0
        },
        "20034": {
            "year_quarter": 20034,
            "year": 2003,
            "quarter": 4,
            "eps": null,
            "eps_growth_year": null,
            "eps_4q": null,
            "eps_4q_growth_year": null,
            "roe": null,
            "roe_4q": 0,
            "gross_profit": null,
            "gross_margin": null,
            "gross_margin_4q_avg": 0,
            "net_income": null,
            "net_income_4q": null,
            "revenue": null,
            "revenue_4q": null,
            "common_shares": null,
            "book_valuer_per_share": null,
            "book_valuer_per_share_4q_avg": 0,
            "equity": null,
            "current_ratio": null,
            "debt_ratio": null,
            "inventory_turnover_ratio": null,
            "account_receivable_turnover_ratio": null,
            "reinvestment_rate": null,
            "research_to_sale_ratio": null,
            "price_fair": 0,
            "eps_avg_yearly": 0,
            "eps_latest_yearly": 0,
            "eps_growth_yearly": 0
        },
        "20041": {
            "year_quarter": 20041,
            "year": 2004,
            "quarter": 1,
            "eps": null,
            "eps_growth_year": null,
            "eps_4q": null,
            "eps_4q_growth_year": null,
            "roe": null,
            "roe_4q": 0,
            "gross_profit": null,
            "gross_margin": null,
            "gross_margin_4q_avg": 0,
            "net_income": null,
            "net_income_4q": null,
            "revenue": null,
            "revenue_4q": null,
            "common_shares": null,
            "book_valuer_per_share": null,
            "book_valuer_per_share_4q_avg": 0,
            "equity": null,
            "current_ratio": null,
            "debt_ratio": null,
            "inventory_turnover_ratio": null,
            "account_receivable_turnover_ratio": null,
            "reinvestment_rate": null,
            "research_to_sale_ratio": null,
            "price_fair": 0,
            "eps_avg_yearly": 0,
            "eps_latest_yearly": 0,
            "eps_growth_yearly": 0
        },
        "20042": {
            "year_quarter": 20042,
            "year": 2004,
            "quarter": 2,
            "eps": null,
            "eps_growth_year": null,
            "eps_4q": null,
            "eps_4q_growth_year": null,
            "roe": null,
            "roe_4q": 0,
            "gross_profit": null,
            "gross_margin": null,
            "gross_margin_4q_avg": 0,
            "net_income": null,
            "net_income_4q": null,
            "revenue": null,
            "revenue_4q": null,
            "common_shares": null,
            "book_valuer_per_share": null,
            "book_valuer_per_share_4q_avg": 0,
            "equity": null,
            "current_ratio": null,
            "debt_ratio": null,
            "inventory_turnover_ratio": null,
            "account_receivable_turnover_ratio": null,
            "reinvestment_rate": null,
            "research_to_sale_ratio": null,
            "price_fair": 0,
            "eps_avg_yearly": 0,
            "eps_latest_yearly": 0,
            "eps_growth_yearly": 0
        },
        "20043": {
            "year_quarter": 20043,
            "year": 2004,
            "quarter": 3,
            "eps": null,
            "eps_growth_year": null,
            "eps_4q": null,
            "eps_4q_growth_year": null,
            "roe": null,
            "roe_4q": 0,
            "gross_profit": null,
            "gross_margin": null,
            "gross_margin_4q_avg": 0,
            "net_income": null,
            "net_income_4q": null,
            "revenue": null,
            "revenue_4q": null,
            "common_shares": null,
            "book_valuer_per_share": null,
            "book_valuer_per_share_4q_avg": 0,
            "equity": null,
            "current_ratio": null,
            "debt_ratio": null,
            "inventory_turnover_ratio": null,
            "account_receivable_turnover_ratio": null,
            "reinvestment_rate": null,
            "research_to_sale_ratio": null,
            "price_fair": 0,
            "eps_avg_yearly": 0,
            "eps_latest_yearly": 0,
            "eps_growth_yearly": 0
        },
        "20044": {
            "year_quarter": 20044,
            "year": 2004,
            "quarter": 4,
            "eps": null,
            "eps_growth_year": null,
            "eps_4q": null,
            "eps_4q_growth_year": null,
            "roe": null,
            "roe_4q": 0,
            "gross_profit": null,
            "gross_margin": null,
            "gross_margin_4q_avg": 0,
            "net_income": null,
            "net_income_4q": null,
            "revenue": null,
            "revenue_4q": null,
            "common_shares": null,
            "book_valuer_per_share": null,
            "book_valuer_per_share_4q_avg": 0,
            "equity": null,
            "current_ratio": null,
            "debt_ratio": null,
            "inventory_turnover_ratio": null,
            "account_receivable_turnover_ratio": null,
            "reinvestment_rate": null,
            "research_to_sale_ratio": null,
            "price_fair": 0,
            "eps_avg_yearly": 0,
            "eps_latest_yearly": 0,
            "eps_growth_yearly": 0
        },
        "20051": {
            "year_quarter": 20051,
            "year": 2005,
            "quarter": 1,
            "eps": null,
            "eps_growth_year": null,
            "eps_4q": null,
            "eps_4q_growth_year": null,
            "roe": null,
            "roe_4q": 0,
            "gross_profit": null,
            "gross_margin": null,
            "gross_margin_4q_avg": 0,
            "net_income": null,
            "net_income_4q": null,
            "revenue": null,
            "revenue_4q": null,
            "common_shares": null,
            "book_valuer_per_share": null,
            "book_valuer_per_share_4q_avg": 0,
            "equity": null,
            "current_ratio": null,
            "debt_ratio": null,
            "inventory_turnover_ratio": null,
            "account_receivable_turnover_ratio": null,
            "reinvestment_rate": null,
            "research_to_sale_ratio": null,
            "price_fair": 0,
            "eps_avg_yearly": 0,
            "eps_latest_yearly": 0,
            "eps_growth_yearly": 0
        },
        "20052": {
            "year_quarter": 20052,
            "year": 2005,
            "quarter": 2,
            "eps": null,
            "eps_growth_year": null,
            "eps_4q": null,
            "eps_4q_growth_year": null,
            "roe": null,
            "roe_4q": 0,
            "gross_profit": null,
            "gross_margin": null,
            "gross_margin_4q_avg": 0,
            "net_income": null,
            "net_income_4q": null,
            "revenue": null,
            "revenue_4q": null,
            "common_shares": null,
            "book_valuer_per_share": null,
            "book_valuer_per_share_4q_avg": 0,
            "equity": null,
            "current_ratio": null,
            "debt_ratio": null,
            "inventory_turnover_ratio": null,
            "account_receivable_turnover_ratio": null,
            "reinvestment_rate": null,
            "research_to_sale_ratio": null,
            "price_fair": 0,
            "eps_avg_yearly": 0,
            "eps_latest_yearly": 0,
            "eps_growth_yearly": 0
        },
        "20053": {
            "year_quarter": 20053,
            "year": 2005,
            "quarter": 3,
            "eps": null,
            "eps_growth_year": null,
            "eps_4q": null,
            "eps_4q_growth_year": null,
            "roe": null,
            "roe_4q": 0,
            "gross_profit": null,
            "gross_margin": null,
            "gross_margin_4q_avg": 0,
            "net_income": null,
            "net_income_4q": null,
            "revenue": null,
            "revenue_4q": null,
            "common_shares": null,
            "book_valuer_per_share": null,
            "book_valuer_per_share_4q_avg": 0,
            "equity": null,
            "current_ratio": null,
            "debt_ratio": null,
            "inventory_turnover_ratio": null,
            "account_receivable_turnover_ratio": null,
            "reinvestment_rate": null,
            "research_to_sale_ratio": null,
            "price_fair": 0,
            "eps_avg_yearly": 0,
            "eps_latest_yearly": 0,
            "eps_growth_yearly": 0
        },
        "20054": {
            "year_quarter": 20054,
            "year": 2005,
            "quarter": 4,
            "eps": null,
            "eps_growth_year": null,
            "eps_4q": null,
            "eps_4q_growth_year": null,
            "roe": null,
            "roe_4q": 0,
            "gross_profit": null,
            "gross_margin": null,
            "gross_margin_4q_avg": 0,
            "net_income": null,
            "net_income_4q": null,
            "revenue": null,
            "revenue_4q": null,
            "common_shares": null,
            "book_valuer_per_share": null,
            "book_valuer_per_share_4q_avg": 0,
            "equity": null,
            "current_ratio": null,
            "debt_ratio": null,
            "inventory_turnover_ratio": null,
            "account_receivable_turnover_ratio": null,
            "reinvestment_rate": null,
            "research_to_sale_ratio": null,
            "price_fair": 0,
            "eps_avg_yearly": 0,
            "eps_latest_yearly": 0,
            "eps_growth_yearly": 0
        },
        "20061": {
            "year_quarter": 20061,
            "year": 2006,
            "quarter": 1,
            "eps": null,
            "eps_growth_year": null,
            "eps_4q": null,
            "eps_4q_growth_year": null,
            "roe": null,
            "roe_4q": 0,
            "gross_profit": null,
            "gross_margin": null,
            "gross_margin_4q_avg": 0,
            "net_income": null,
            "net_income_4q": null,
            "revenue": null,
            "revenue_4q": null,
            "common_shares": null,
            "book_valuer_per_share": null,
            "book_valuer_per_share_4q_avg": 0,
            "equity": null,
            "current_ratio": null,
            "debt_ratio": null,
            "inventory_turnover_ratio": null,
            "account_receivable_turnover_ratio": null,
            "reinvestment_rate": null,
            "research_to_sale_ratio": null,
            "price_fair": 0,
            "eps_avg_yearly": 0,
            "eps_latest_yearly": 0,
            "eps_growth_yearly": 0
        },
        "20062": {
            "year_quarter": 20062,
            "year": 2006,
            "quarter": 2,
            "eps": null,
            "eps_growth_year": null,
            "eps_4q": null,
            "eps_4q_growth_year": null,
            "roe": null,
            "roe_4q": 0,
            "gross_profit": null,
            "gross_margin": null,
            "gross_margin_4q_avg": 0,
            "net_income": null,
            "net_income_4q": null,
            "revenue": null,
            "revenue_4q": null,
            "common_shares": null,
            "book_valuer_per_share": null,
            "book_valuer_per_share_4q_avg": 0,
            "equity": null,
            "current_ratio": null,
            "debt_ratio": null,
            "inventory_turnover_ratio": null,
            "account_receivable_turnover_ratio": null,
            "reinvestment_rate": null,
            "research_to_sale_ratio": null,
            "price_fair": 0,
            "eps_avg_yearly": 0,
            "eps_latest_yearly": 0,
            "eps_growth_yearly": 0
        },
        "20063": {
            "year_quarter": 20063,
            "year": 2006,
            "quarter": 3,
            "eps": null,
            "eps_growth_year": null,
            "eps_4q": null,
            "eps_4q_growth_year": null,
            "roe": null,
            "roe_4q": 0,
            "gross_profit": null,
            "gross_margin": null,
            "gross_margin_4q_avg": 0,
            "net_income": null,
            "net_income_4q": null,
            "revenue": null,
            "revenue_4q": null,
            "common_shares": null,
            "book_valuer_per_share": null,
            "book_valuer_per_share_4q_avg": 0,
            "equity": null,
            "current_ratio": null,
            "debt_ratio": null,
            "inventory_turnover_ratio": null,
            "account_receivable_turnover_ratio": null,
            "reinvestment_rate": null,
            "research_to_sale_ratio": null,
            "price_fair": 0,
            "eps_avg_yearly": 0,
            "eps_latest_yearly": 0,
            "eps_growth_yearly": 0
        },
        "20064": {
            "year_quarter": 20064,
            "year": 2006,
            "quarter": 4,
            "eps": null,
            "eps_growth_year": null,
            "eps_4q": null,
            "eps_4q_growth_year": null,
            "roe": null,
            "roe_4q": 0,
            "gross_profit": null,
            "gross_margin": null,
            "gross_margin_4q_avg": 0,
            "net_income": null,
            "net_income_4q": null,
            "revenue": null,
            "revenue_4q": null,
            "common_shares": 350000,
            "book_valuer_per_share": 9.79,
            "book_valuer_per_share_4q_avg": 2.45,
            "equity": 342624,
            "current_ratio": 159.58,
            "debt_ratio": 17.12,
            "inventory_turnover_ratio": null,
            "account_receivable_turnover_ratio": null,
            "reinvestment_rate": null,
            "research_to_sale_ratio": null,
            "price_fair": 0,
            "eps_avg_yearly": 0,
            "eps_latest_yearly": 0,
            "eps_growth_yearly": 0
        },
        "20071": {
            "year_quarter": 20071,
            "year": 2007,
            "quarter": 1,
            "eps": null,
            "eps_growth_year": null,
            "eps_4q": null,
            "eps_4q_growth_year": null,
            "roe": null,
            "roe_4q": 0,
            "gross_profit": null,
            "gross_margin": null,
            "gross_margin_4q_avg": 0,
            "net_income": null,
            "net_income_4q": null,
            "revenue": null,
            "revenue_4q": null,
            "common_shares": null,
            "book_valuer_per_share": null,
            "book_valuer_per_share_4q_avg": 2.45,
            "equity": null,
            "current_ratio": null,
            "debt_ratio": null,
            "inventory_turnover_ratio": null,
            "account_receivable_turnover_ratio": null,
            "reinvestment_rate": null,
            "research_to_sale_ratio": null,
            "price_fair": 0,
            "eps_avg_yearly": 0,
            "eps_latest_yearly": 0,
            "eps_growth_yearly": 0
        },
        "20072": {
            "year_quarter": 20072,
            "year": 2007,
            "quarter": 2,
            "eps": null,
            "eps_growth_year": null,
            "eps_4q": null,
            "eps_4q_growth_year": null,
            "roe": null,
            "roe_4q": 0,
            "gross_profit": null,
            "gross_margin": null,
            "gross_margin_4q_avg": 0,
            "net_income": null,
            "net_income_4q": null,
            "revenue": null,
            "revenue_4q": null,
            "common_shares": null,
            "book_valuer_per_share": null,
            "book_valuer_per_share_4q_avg": 2.45,
            "equity": null,
            "current_ratio": null,
            "debt_ratio": null,
            "inventory_turnover_ratio": null,
            "account_receivable_turnover_ratio": null,
            "reinvestment_rate": null,
            "research_to_sale_ratio": null,
            "price_fair": 0,
            "eps_avg_yearly": 0,
            "eps_latest_yearly": 0,
            "eps_growth_yearly": 0
        },
        "20073": {
            "year_quarter": 20073,
            "year": 2007,
            "quarter": 3,
            "eps": null,
            "eps_growth_year": null,
            "eps_4q": null,
            "eps_4q_growth_year": null,
            "roe": null,
            "roe_4q": 0,
            "gross_profit": null,
            "gross_margin": null,
            "gross_margin_4q_avg": 0,
            "net_income": null,
            "net_income_4q": null,
            "revenue": null,
            "revenue_4q": null,
            "common_shares": null,
            "book_valuer_per_share": null,
            "book_valuer_per_share_4q_avg": 2.45,
            "equity": null,
            "current_ratio": null,
            "debt_ratio": null,
            "inventory_turnover_ratio": null,
            "account_receivable_turnover_ratio": null,
            "reinvestment_rate": null,
            "research_to_sale_ratio": null,
            "price_fair": 0,
            "eps_avg_yearly": 0,
            "eps_latest_yearly": 0,
            "eps_growth_yearly": 0
        },
        "20074": {
            "year_quarter": 20074,
            "year": 2007,
            "quarter": 4,
            "eps": null,
            "eps_growth_year": null,
            "eps_4q": null,
            "eps_4q_growth_year": null,
            "roe": null,
            "roe_4q": 0,
            "gross_profit": null,
            "gross_margin": null,
            "gross_margin_4q_avg": 0,
            "net_income": null,
            "net_income_4q": null,
            "revenue": null,
            "revenue_4q": null,
            "common_shares": 350000,
            "book_valuer_per_share": 9.8,
            "book_valuer_per_share_4q_avg": 2.45,
            "equity": 342896,
            "current_ratio": 213.82,
            "debt_ratio": 36.63,
            "inventory_turnover_ratio": null,
            "account_receivable_turnover_ratio": null,
            "reinvestment_rate": null,
            "research_to_sale_ratio": null,
            "price_fair": 0,
            "eps_avg_yearly": 0,
            "eps_latest_yearly": 0,
            "eps_growth_yearly": 0
        },
        "20081": {
            "year_quarter": 20081,
            "year": 2008,
            "quarter": 1,
            "eps": null,
            "eps_growth_year": null,
            "eps_4q": null,
            "eps_4q_growth_year": null,
            "roe": null,
            "roe_4q": 0,
            "gross_profit": null,
            "gross_margin": null,
            "gross_margin_4q_avg": 0,
            "net_income": null,
            "net_income_4q": null,
            "revenue": null,
            "revenue_4q": null,
            "common_shares": null,
            "book_valuer_per_share": null,
            "book_valuer_per_share_4q_avg": 2.45,
            "equity": null,
            "current_ratio": null,
            "debt_ratio": null,
            "inventory_turnover_ratio": null,
            "account_receivable_turnover_ratio": null,
            "reinvestment_rate": null,
            "research_to_sale_ratio": null,
            "price_fair": 0,
            "eps_avg_yearly": 0,
            "eps_latest_yearly": 0,
            "eps_growth_yearly": 0
        },
        "20082": {
            "year_quarter": 20082,
            "year": 2008,
            "quarter": 2,
            "eps": null,
            "eps_growth_year": null,
            "eps_4q": null,
            "eps_4q_growth_year": null,
            "roe": null,
            "roe_4q": 0,
            "gross_profit": null,
            "gross_margin": null,
            "gross_margin_4q_avg": 0,
            "net_income": null,
            "net_income_4q": null,
            "revenue": null,
            "revenue_4q": null,
            "common_shares": null,
            "book_valuer_per_share": null,
            "book_valuer_per_share_4q_avg": 2.45,
            "equity": null,
            "current_ratio": null,
            "debt_ratio": null,
            "inventory_turnover_ratio": null,
            "account_receivable_turnover_ratio": null,
            "reinvestment_rate": null,
            "research_to_sale_ratio": null,
            "price_fair": 0,
            "eps_avg_yearly": 0,
            "eps_latest_yearly": 0,
            "eps_growth_yearly": 0
        },
        "20083": {
            "year_quarter": 20083,
            "year": 2008,
            "quarter": 3,
            "eps": null,
            "eps_growth_year": null,
            "eps_4q": null,
            "eps_4q_growth_year": null,
            "roe": null,
            "roe_4q": 0,
            "gross_profit": null,
            "gross_margin": null,
            "gross_margin_4q_avg": 0,
            "net_income": null,
            "net_income_4q": null,
            "revenue": null,
            "revenue_4q": null,
            "common_shares": null,
            "book_valuer_per_share": null,
            "book_valuer_per_share_4q_avg": 2.45,
            "equity": null,
            "current_ratio": null,
            "debt_ratio": null,
            "inventory_turnover_ratio": null,
            "account_receivable_turnover_ratio": null,
            "reinvestment_rate": null,
            "research_to_sale_ratio": null,
            "price_fair": 0,
            "eps_avg_yearly": 0,
            "eps_latest_yearly": 0,
            "eps_growth_yearly": 0
        },
        "20084": {
            "year_quarter": 20084,
            "year": 2008,
            "quarter": 4,
            "eps": null,
            "eps_growth_year": null,
            "eps_4q": null,
            "eps_4q_growth_year": null,
            "roe": null,
            "roe_4q": 0,
            "gross_profit": null,
            "gross_margin": null,
            "gross_margin_4q_avg": 0,
            "net_income": null,
            "net_income_4q": null,
            "revenue": null,
            "revenue_4q": null,
            "common_shares": 350000,
            "book_valuer_per_share": 10.21,
            "book_valuer_per_share_4q_avg": 2.55,
            "equity": 357441,
            "current_ratio": 169.93,
            "debt_ratio": 43.84,
            "inventory_turnover_ratio": null,
            "account_receivable_turnover_ratio": null,
            "reinvestment_rate": null,
            "research_to_sale_ratio": null,
            "price_fair": 0,
            "eps_avg_yearly": 0,
            "eps_latest_yearly": 0,
            "eps_growth_yearly": 0
        },
        "20091": {
            "year_quarter": 20091,
            "year": 2009,
            "quarter": 1,
            "eps": null,
            "eps_growth_year": null,
            "eps_4q": null,
            "eps_4q_growth_year": null,
            "roe": null,
            "roe_4q": 0,
            "gross_profit": null,
            "gross_margin": null,
            "gross_margin_4q_avg": 0,
            "net_income": null,
            "net_income_4q": null,
            "revenue": null,
            "revenue_4q": null,
            "common_shares": null,
            "book_valuer_per_share": null,
            "book_valuer_per_share_4q_avg": 2.55,
            "equity": null,
            "current_ratio": null,
            "debt_ratio": null,
            "inventory_turnover_ratio": null,
            "account_receivable_turnover_ratio": null,
            "reinvestment_rate": null,
            "research_to_sale_ratio": null,
            "price_fair": 0,
            "eps_avg_yearly": 0,
            "eps_latest_yearly": 0,
            "eps_growth_yearly": 0
        },
        "20092": {
            "year_quarter": 20092,
            "year": 2009,
            "quarter": 2,
            "eps": null,
            "eps_growth_year": null,
            "eps_4q": null,
            "eps_4q_growth_year": null,
            "roe": null,
            "roe_4q": 0,
            "gross_profit": null,
            "gross_margin": null,
            "gross_margin_4q_avg": 0,
            "net_income": null,
            "net_income_4q": null,
            "revenue": null,
            "revenue_4q": null,
            "common_shares": null,
            "book_valuer_per_share": null,
            "book_valuer_per_share_4q_avg": 2.55,
            "equity": null,
            "current_ratio": null,
            "debt_ratio": null,
            "inventory_turnover_ratio": null,
            "account_receivable_turnover_ratio": null,
            "reinvestment_rate": null,
            "research_to_sale_ratio": null,
            "price_fair": 0,
            "eps_avg_yearly": 0,
            "eps_latest_yearly": 0,
            "eps_growth_yearly": 0
        },
        "20093": {
            "year_quarter": 20093,
            "year": 2009,
            "quarter": 3,
            "eps": null,
            "eps_growth_year": null,
            "eps_4q": null,
            "eps_4q_growth_year": null,
            "roe": null,
            "roe_4q": 0,
            "gross_profit": null,
            "gross_margin": null,
            "gross_margin_4q_avg": 0,
            "net_income": null,
            "net_income_4q": null,
            "revenue": null,
            "revenue_4q": null,
            "common_shares": null,
            "book_valuer_per_share": null,
            "book_valuer_per_share_4q_avg": 2.55,
            "equity": null,
            "current_ratio": null,
            "debt_ratio": null,
            "inventory_turnover_ratio": null,
            "account_receivable_turnover_ratio": null,
            "reinvestment_rate": null,
            "research_to_sale_ratio": null,
            "price_fair": 0,
            "eps_avg_yearly": 0,
            "eps_latest_yearly": 0,
            "eps_growth_yearly": 0
        },
        "20094": {
            "year_quarter": 20094,
            "year": 2009,
            "quarter": 4,
            "eps": null,
            "eps_growth_year": null,
            "eps_4q": null,
            "eps_4q_growth_year": null,
            "roe": null,
            "roe_4q": 0,
            "gross_profit": null,
            "gross_margin": null,
            "gross_margin_4q_avg": 0,
            "net_income": null,
            "net_income_4q": null,
            "revenue": null,
            "revenue_4q": null,
            "common_shares": 385000,
            "book_valuer_per_share": 11.41,
            "book_valuer_per_share_4q_avg": 2.85,
            "equity": 439227,
            "current_ratio": 190.88,
            "debt_ratio": 38.7,
            "inventory_turnover_ratio": null,
            "account_receivable_turnover_ratio": null,
            "reinvestment_rate": null,
            "research_to_sale_ratio": null,
            "price_fair": 0,
            "eps_avg_yearly": 0,
            "eps_latest_yearly": 0,
            "eps_growth_yearly": 0
        },
        "20101": {
            "year_quarter": 20101,
            "year": 2010,
            "quarter": 1,
            "eps": null,
            "eps_growth_year": null,
            "eps_4q": null,
            "eps_4q_growth_year": null,
            "roe": null,
            "roe_4q": 0,
            "gross_profit": null,
            "gross_margin": null,
            "gross_margin_4q_avg": 0,
            "net_income": null,
            "net_income_4q": null,
            "revenue": null,
            "revenue_4q": null,
            "common_shares": null,
            "book_valuer_per_share": null,
            "book_valuer_per_share_4q_avg": 2.85,
            "equity": null,
            "current_ratio": null,
            "debt_ratio": null,
            "inventory_turnover_ratio": null,
            "account_receivable_turnover_ratio": null,
            "reinvestment_rate": null,
            "research_to_sale_ratio": null,
            "price_fair": 0,
            "eps_avg_yearly": 0,
            "eps_latest_yearly": 0,
            "eps_growth_yearly": 0
        },
        "20102": {
            "year_quarter": 20102,
            "year": 2010,
            "quarter": 2,
            "eps": null,
            "eps_growth_year": null,
            "eps_4q": null,
            "eps_4q_growth_year": null,
            "roe": null,
            "roe_4q": 0,
            "gross_profit": null,
            "gross_margin": null,
            "gross_margin_4q_avg": 0,
            "net_income": null,
            "net_income_4q": null,
            "revenue": null,
            "revenue_4q": null,
            "common_shares": 385000,
            "book_valuer_per_share": null,
            "book_valuer_per_share_4q_avg": 2.85,
            "equity": 500143,
            "current_ratio": null,
            "debt_ratio": null,
            "inventory_turnover_ratio": null,
            "account_receivable_turnover_ratio": null,
            "reinvestment_rate": null,
            "research_to_sale_ratio": null,
            "price_fair": 0,
            "eps_avg_yearly": 0,
            "eps_latest_yearly": 0,
            "eps_growth_yearly": 0
        },
        "20103": {
            "year_quarter": 20103,
            "year": 2010,
            "quarter": 3,
            "eps": null,
            "eps_growth_year": null,
            "eps_4q": null,
            "eps_4q_growth_year": null,
            "roe": null,
            "roe_4q": 0,
            "gross_profit": null,
            "gross_margin": null,
            "gross_margin_4q_avg": 0,
            "net_income": null,
            "net_income_4q": null,
            "revenue": null,
            "revenue_4q": null,
            "common_shares": null,
            "book_valuer_per_share": null,
            "book_valuer_per_share_4q_avg": 2.85,
            "equity": null,
            "current_ratio": null,
            "debt_ratio": null,
            "inventory_turnover_ratio": null,
            "account_receivable_turnover_ratio": null,
            "reinvestment_rate": null,
            "research_to_sale_ratio": null,
            "price_fair": 0,
            "eps_avg_yearly": 0,
            "eps_latest_yearly": 0,
            "eps_growth_yearly": 0
        },
        "20104": {
            "year_quarter": 20104,
            "year": 2010,
            "quarter": 4,
            "eps": null,
            "eps_growth_year": null,
            "eps_4q": null,
            "eps_4q_growth_year": null,
            "roe": null,
            "roe_4q": 0,
            "gross_profit": null,
            "gross_margin": null,
            "gross_margin_4q_avg": 0,
            "net_income": null,
            "net_income_4q": null,
            "revenue": null,
            "revenue_4q": null,
            "common_shares": 440000,
            "book_valuer_per_share": 13.23,
            "book_valuer_per_share_4q_avg": 3.31,
            "equity": 582177,
            "current_ratio": 141.94,
            "debt_ratio": 41.51,
            "inventory_turnover_ratio": null,
            "account_receivable_turnover_ratio": null,
            "reinvestment_rate": null,
            "research_to_sale_ratio": null,
            "price_fair": 0,
            "eps_avg_yearly": 0,
            "eps_latest_yearly": 0,
            "eps_growth_yearly": 0
        },
        "20111": {
            "year_quarter": 20111,
            "year": 2011,
            "quarter": 1,
            "eps": null,
            "eps_growth_year": null,
            "eps_4q": null,
            "eps_4q_growth_year": null,
            "roe": null,
            "roe_4q": 0,
            "gross_profit": null,
            "gross_margin": null,
            "gross_margin_4q_avg": 0,
            "net_income": null,
            "net_income_4q": null,
            "revenue": null,
            "revenue_4q": null,
            "common_shares": null,
            "book_valuer_per_share": null,
            "book_valuer_per_share_4q_avg": 3.31,
            "equity": null,
            "current_ratio": null,
            "debt_ratio": null,
            "inventory_turnover_ratio": null,
            "account_receivable_turnover_ratio": null,
            "reinvestment_rate": null,
            "research_to_sale_ratio": null,
            "price_fair": 0,
            "eps_avg_yearly": 0,
            "eps_latest_yearly": 0,
            "eps_growth_yearly": 0
        },
        "20112": {
            "year_quarter": 20112,
            "year": 2011,
            "quarter": 2,
            "eps": null,
            "eps_growth_year": null,
            "eps_4q": null,
            "eps_4q_growth_year": null,
            "roe": null,
            "roe_4q": 0,
            "gross_profit": null,
            "gross_margin": null,
            "gross_margin_4q_avg": 0,
            "net_income": null,
            "net_income_4q": null,
            "revenue": null,
            "revenue_4q": null,
            "common_shares": 440000,
            "book_valuer_per_share": 12.44,
            "book_valuer_per_share_4q_avg": 6.42,
            "equity": 547285,
            "current_ratio": 87.34,
            "debt_ratio": 48.14,
            "inventory_turnover_ratio": null,
            "account_receivable_turnover_ratio": null,
            "reinvestment_rate": null,
            "research_to_sale_ratio": null,
            "price_fair": 0,
            "eps_avg_yearly": 0,
            "eps_latest_yearly": 0,
            "eps_growth_yearly": 0
        },
        "20113": {
            "year_quarter": 20113,
            "year": 2011,
            "quarter": 3,
            "eps": null,
            "eps_growth_year": null,
            "eps_4q": null,
            "eps_4q_growth_year": null,
            "roe": null,
            "roe_4q": 0,
            "gross_profit": null,
            "gross_margin": null,
            "gross_margin_4q_avg": 0,
            "net_income": null,
            "net_income_4q": null,
            "revenue": null,
            "revenue_4q": null,
            "common_shares": null,
            "book_valuer_per_share": null,
            "book_valuer_per_share_4q_avg": 6.42,
            "equity": null,
            "current_ratio": null,
            "debt_ratio": null,
            "inventory_turnover_ratio": null,
            "account_receivable_turnover_ratio": null,
            "reinvestment_rate": null,
            "research_to_sale_ratio": null,
            "price_fair": 0,
            "eps_avg_yearly": 0,
            "eps_latest_yearly": 0,
            "eps_growth_yearly": 0
        },
        "20114": {
            "year_quarter": 20114,
            "year": 2011,
            "quarter": 4,
            "eps": null,
            "eps_growth_year": null,
            "eps_4q": null,
            "eps_4q_growth_year": null,
            "roe": null,
            "roe_4q": 0,
            "gross_profit": null,
            "gross_margin": null,
            "gross_margin_4q_avg": 0,
            "net_income": null,
            "net_income_4q": null,
            "revenue": null,
            "revenue_4q": null,
            "common_shares": 453200,
            "book_valuer_per_share": 10.41,
            "book_valuer_per_share_4q_avg": 5.71,
            "equity": 471661,
            "current_ratio": 111.35,
            "debt_ratio": 56.64,
            "inventory_turnover_ratio": null,
            "account_receivable_turnover_ratio": null,
            "reinvestment_rate": null,
            "research_to_sale_ratio": null,
            "price_fair": 0,
            "eps_avg_yearly": 0,
            "eps_latest_yearly": 0,
            "eps_growth_yearly": 0
        },
        "20121": {
            "year_quarter": 20121,
            "year": 2012,
            "quarter": 1,
            "eps": null,
            "eps_growth_year": null,
            "eps_4q": null,
            "eps_4q_growth_year": null,
            "roe": null,
            "roe_4q": 0,
            "gross_profit": null,
            "gross_margin": null,
            "gross_margin_4q_avg": 0,
            "net_income": null,
            "net_income_4q": null,
            "revenue": null,
            "revenue_4q": null,
            "common_shares": null,
            "book_valuer_per_share": null,
            "book_valuer_per_share_4q_avg": 5.71,
            "equity": null,
            "current_ratio": null,
            "debt_ratio": null,
            "inventory_turnover_ratio": null,
            "account_receivable_turnover_ratio": null,
            "reinvestment_rate": null,
            "research_to_sale_ratio": null,
            "price_fair": 0,
            "eps_avg_yearly": 0,
            "eps_latest_yearly": 0,
            "eps_growth_yearly": 0
        },
        "20122": {
            "year_quarter": 20122,
            "year": 2012,
            "quarter": 2,
            "eps": null,
            "eps_growth_year": null,
            "eps_4q": null,
            "eps_4q_growth_year": null,
            "roe": null,
            "roe_4q": 0,
            "gross_profit": null,
            "gross_margin": null,
            "gross_margin_4q_avg": 0,
            "net_income": null,
            "net_income_4q": null,
            "revenue": null,
            "revenue_4q": null,
            "common_shares": 453200,
            "book_valuer_per_share": 10.66,
            "book_valuer_per_share_4q_avg": 5.27,
            "equity": 483248,
            "current_ratio": 110.87,
            "debt_ratio": 54.96,
            "inventory_turnover_ratio": null,
            "account_receivable_turnover_ratio": null,
            "reinvestment_rate": null,
            "research_to_sale_ratio": null,
            "price_fair": 0,
            "eps_avg_yearly": 0,
            "eps_latest_yearly": 0,
            "eps_growth_yearly": 0
        },
        "20123": {
            "year_quarter": 20123,
            "year": 2012,
            "quarter": 3,
            "eps": null,
            "eps_growth_year": null,
            "eps_4q": null,
            "eps_4q_growth_year": null,
            "roe": null,
            "roe_4q": 0,
            "gross_profit": null,
            "gross_margin": null,
            "gross_margin_4q_avg": 0,
            "net_income": null,
            "net_income_4q": null,
            "revenue": null,
            "revenue_4q": null,
            "common_shares": null,
            "book_valuer_per_share": null,
            "book_valuer_per_share_4q_avg": 5.27,
            "equity": null,
            "current_ratio": null,
            "debt_ratio": null,
            "inventory_turnover_ratio": null,
            "account_receivable_turnover_ratio": null,
            "reinvestment_rate": null,
            "research_to_sale_ratio": null,
            "price_fair": 0,
            "eps_avg_yearly": 0,
            "eps_latest_yearly": 0,
            "eps_growth_yearly": 0
        },
        "20124": {
            "year_quarter": 20124,
            "year": 2012,
            "quarter": 4,
            "eps": null,
            "eps_growth_year": null,
            "eps_4q": null,
            "eps_4q_growth_year": null,
            "roe": null,
            "roe_4q": 0,
            "gross_profit": null,
            "gross_margin": null,
            "gross_margin_4q_avg": 0,
            "net_income": null,
            "net_income_4q": null,
            "revenue": null,
            "revenue_4q": null,
            "common_shares": 453200,
            "book_valuer_per_share": 10.77,
            "book_valuer_per_share_4q_avg": 5.36,
            "equity": 487887,
            "current_ratio": 106.68,
            "debt_ratio": 56.5,
            "inventory_turnover_ratio": null,
            "account_receivable_turnover_ratio": null,
            "reinvestment_rate": null,
            "research_to_sale_ratio": null,
            "price_fair": 0,
            "eps_avg_yearly": 0,
            "eps_latest_yearly": 0,
            "eps_growth_yearly": 0
        },
        "20131": {
            "year_quarter": 20131,
            "year": 2013,
            "quarter": 1,
            "eps": null,
            "eps_growth_year": null,
            "eps_4q": null,
            "eps_4q_growth_year": null,
            "roe": null,
            "roe_4q": 0,
            "gross_profit": 57281,
            "gross_margin": null,
            "gross_margin_4q_avg": 0,
            "net_income": 31940,
            "net_income_4q": null,
            "revenue": 341305,
            "revenue_4q": null,
            "common_shares": 453200,
            "book_valuer_per_share": 11.46,
            "book_valuer_per_share_4q_avg": 8.22,
            "equity": 519422,
            "current_ratio": 110.05,
            "debt_ratio": 54.15,
            "inventory_turnover_ratio": null,
            "account_receivable_turnover_ratio": null,
            "reinvestment_rate": null,
            "research_to_sale_ratio": null,
            "price_fair": 0,
            "eps_avg_yearly": 0,
            "eps_latest_yearly": 0,
            "eps_growth_yearly": 0
        },
        "20132": {
            "year_quarter": 20132,
            "year": 2013,
            "quarter": 2,
            "eps": 0,
            "eps_growth_year": null,
            "eps_4q": null,
            "eps_4q_growth_year": null,
            "roe": 2.56,
            "roe_4q": 2.56,
            "gross_profit": 35734,
            "gross_margin": 13.4,
            "gross_margin_4q_avg": 3.35,
            "net_income": 13636,
            "net_income_4q": null,
            "revenue": 266738,
            "revenue_4q": null,
            "common_shares": 453200,
            "book_valuer_per_share": 12,
            "book_valuer_per_share_4q_avg": 8.56,
            "equity": 543910,
            "current_ratio": 118.76,
            "debt_ratio": 47.72,
            "inventory_turnover_ratio": 1.09,
            "account_receivable_turnover_ratio": 4.51,
            "reinvestment_rate": null,
            "research_to_sale_ratio": 1.83,
            "price_fair": 0,
            "eps_avg_yearly": 0,
            "eps_latest_yearly": 0,
            "eps_growth_yearly": 0
        },
        "20133": {
            "year_quarter": 20133,
            "year": 2013,
            "quarter": 3,
            "eps": null,
            "eps_growth_year": null,
            "eps_4q": null,
            "eps_4q_growth_year": null,
            "roe": null,
            "roe_4q": 2.56,
            "gross_profit": 19742,
            "gross_margin": null,
            "gross_margin_4q_avg": 3.35,
            "net_income": -4612,
            "net_income_4q": null,
            "revenue": 255936,
            "revenue_4q": null,
            "common_shares": 453200,
            "book_valuer_per_share": 11.91,
            "book_valuer_per_share_4q_avg": 11.54,
            "equity": 539976,
            "current_ratio": 110.09,
            "debt_ratio": 49.42,
            "inventory_turnover_ratio": null,
            "account_receivable_turnover_ratio": null,
            "reinvestment_rate": null,
            "research_to_sale_ratio": null,
            "price_fair": 0,
            "eps_avg_yearly": 0,
            "eps_latest_yearly": 0,
            "eps_growth_yearly": 0
        },
        "20134": {
            "year_quarter": 20134,
            "year": 2013,
            "quarter": 4,
            "eps": null,
            "eps_growth_year": null,
            "eps_4q": null,
            "eps_4q_growth_year": null,
            "roe": null,
            "roe_4q": 2.56,
            "gross_profit": 46761,
            "gross_margin": null,
            "gross_margin_4q_avg": 3.35,
            "net_income": 18080,
            "net_income_4q": null,
            "revenue": 315202,
            "revenue_4q": null,
            "common_shares": 453200,
            "book_valuer_per_share": 12.33,
            "book_valuer_per_share_4q_avg": 11.93,
            "equity": 558584,
            "current_ratio": 128.99,
            "debt_ratio": 46.51,
            "inventory_turnover_ratio": null,
            "account_receivable_turnover_ratio": null,
            "reinvestment_rate": null,
            "research_to_sale_ratio": null,
            "price_fair": 0,
            "eps_avg_yearly": 0,
            "eps_latest_yearly": 0,
            "eps_growth_yearly": 0
        },
        "20141": {
            "year_quarter": 20141,
            "year": 2014,
            "quarter": 1,
            "eps": 0.59,
            "eps_growth_year": null,
            "eps_4q": 0.89,
            "eps_4q_growth_year": null,
            "roe": 4.67,
            "roe_4q": 7.23,
            "gross_profit": 56322,
            "gross_margin": 15.84,
            "gross_margin_4q_avg": 7.31,
            "net_income": 26729,
            "net_income_4q": null,
            "revenue": 355559,
            "revenue_4q": null,
            "common_shares": 453200,
            "book_valuer_per_share": 12.93,
            "book_valuer_per_share_4q_avg": 12.29,
            "equity": 585773,
            "current_ratio": 139.65,
            "debt_ratio": 43.95,
            "inventory_turnover_ratio": 1.58,
            "account_receivable_turnover_ratio": 2.05,
            "reinvestment_rate": null,
            "research_to_sale_ratio": 1.67,
            "price_fair": 0,
            "eps_avg_yearly": 0,
            "eps_latest_yearly": 0,
            "eps_growth_yearly": 0
        },
        "20142": {
            "year_quarter": 20142,
            "year": 2014,
            "quarter": 2,
            "eps": -0.1,
            "eps_growth_year": null,
            "eps_4q": 0.49,
            "eps_4q_growth_year": null,
            "roe": -0.76,
            "roe_4q": 3.91,
            "gross_profit": 28817,
            "gross_margin": 9.89,
            "gross_margin_4q_avg": 6.43,
            "net_income": -4386,
            "net_income_4q": null,
            "revenue": 291384,
            "revenue_4q": null,
            "common_shares": 453200,
            "book_valuer_per_share": 12.38,
            "book_valuer_per_share_4q_avg": 12.39,
            "equity": 561048,
            "current_ratio": 131.13,
            "debt_ratio": 43.67,
            "inventory_turnover_ratio": 1.53,
            "account_receivable_turnover_ratio": 1.68,
            "reinvestment_rate": null,
            "research_to_sale_ratio": 1.83,
            "price_fair": 0,
            "eps_avg_yearly": 0,
            "eps_latest_yearly": 0,
            "eps_growth_yearly": 0
        },
        "20143": {
            "year_quarter": 20143,
            "year": 2014,
            "quarter": 3,
            "eps": -0.44,
            "eps_growth_year": null,
            "eps_4q": 0.05,
            "eps_4q_growth_year": null,
            "roe": -3.66,
            "roe_4q": 0.25,
            "gross_profit": -1560,
            "gross_margin": -0.92,
            "gross_margin_4q_avg": 6.2,
            "net_income": -20145,
            "net_income_4q": null,
            "revenue": 168961,
            "revenue_4q": null,
            "common_shares": 453200,
            "book_valuer_per_share": 11.93,
            "book_valuer_per_share_4q_avg": 12.39,
            "equity": 540841,
            "current_ratio": 103.51,
            "debt_ratio": 38.73,
            "inventory_turnover_ratio": 1.03,
            "account_receivable_turnover_ratio": 1.48,
            "reinvestment_rate": null,
            "research_to_sale_ratio": 2.4,
            "price_fair": 0,
            "eps_avg_yearly": 0,
            "eps_latest_yearly": 0,
            "eps_growth_yearly": 0
        },
        "20144": {
            "year_quarter": 20144,
            "year": 2014,
            "quarter": 4,
            "eps": 0.41,
            "eps_growth_year": null,
            "eps_4q": 0.46,
            "eps_4q_growth_year": null,
            "roe": 3.51,
            "roe_4q": 3.76,
            "gross_profit": 35342,
            "gross_margin": 12.58,
            "gross_margin_4q_avg": 9.35,
            "net_income": 21078,
            "net_income_4q": null,
            "revenue": 280845,
            "revenue_4q": null,
            "common_shares": 509900,
            "book_valuer_per_share": 12.92,
            "book_valuer_per_share_4q_avg": 12.54,
            "equity": 658719,
            "current_ratio": 146.26,
            "debt_ratio": 29.95,
            "inventory_turnover_ratio": 1.53,
            "account_receivable_turnover_ratio": 2.12,
            "reinvestment_rate": null,
            "research_to_sale_ratio": 1.18,
            "price_fair": 0,
            "eps_avg_yearly": 0,
            "eps_latest_yearly": 0,
            "eps_growth_yearly": 0
        },
        "20151": {
            "year_quarter": 20151,
            "year": 2015,
            "quarter": 1,
            "eps": 0.44,
            "eps_growth_year": -25.42,
            "eps_4q": 0.38,
            "eps_4q_growth_year": -57.65,
            "roe": 3.38,
            "roe_4q": 2.4699999999999998,
            "gross_profit": 49879,
            "gross_margin": 15.69,
            "gross_margin_4q_avg": 9.31,
            "net_income": 22685,
            "net_income_4q": null,
            "revenue": 317977,
            "revenue_4q": null,
            "common_shares": 509900,
            "book_valuer_per_share": 13.38,
            "book_valuer_per_share_4q_avg": 12.65,
            "equity": 682175,
            "current_ratio": 153.38,
            "debt_ratio": 31.4,
            "inventory_turnover_ratio": 1.6,
            "account_receivable_turnover_ratio": 1.86,
            "reinvestment_rate": null,
            "research_to_sale_ratio": 1.38,
            "price_fair": 61.6,
            "eps_avg_yearly": 1.76,
            "eps_latest_yearly": 1.76,
            "eps_growth_yearly": 29.27
        },
        "20152": {
            "year_quarter": 20152,
            "year": 2015,
            "quarter": 2,
            "eps": 0.68,
            "eps_growth_year": null,
            "eps_4q": 1.14,
            "eps_4q_growth_year": 131.59,
            "roe": 4.98,
            "roe_4q": 8.209999999999999,
            "gross_profit": 65588,
            "gross_margin": 18.49,
            "gross_margin_4q_avg": 11.46,
            "net_income": 34599,
            "net_income_4q": null,
            "revenue": 354655,
            "revenue_4q": null,
            "common_shares": 509900,
            "book_valuer_per_share": 13.87,
            "book_valuer_per_share_4q_avg": 13.03,
            "equity": 706987,
            "current_ratio": 171.71,
            "debt_ratio": 27.5,
            "inventory_turnover_ratio": 1.69,
            "account_receivable_turnover_ratio": 1.96,
            "reinvestment_rate": null,
            "research_to_sale_ratio": 1.31,
            "price_fair": 78.4,
            "eps_avg_yearly": 2.24,
            "eps_latest_yearly": 2.72,
            "eps_growth_yearly": 123.73
        },
        "20153": {
            "year_quarter": 20153,
            "year": 2015,
            "quarter": 3,
            "eps": 0.62,
            "eps_growth_year": null,
            "eps_4q": 2.15,
            "eps_4q_growth_year": 4340.61,
            "roe": 4.35,
            "roe_4q": 16.22,
            "gross_profit": 43871,
            "gross_margin": 15.94,
            "gross_margin_4q_avg": 15.68,
            "net_income": 31455,
            "net_income_4q": null,
            "revenue": 275227,
            "revenue_4q": null,
            "common_shares": 509900,
            "book_valuer_per_share": 14.49,
            "book_valuer_per_share_4q_avg": 13.67,
            "equity": 738667,
            "current_ratio": 193.2,
            "debt_ratio": 21.91,
            "inventory_turnover_ratio": 1.42,
            "account_receivable_turnover_ratio": 1.56,
            "reinvestment_rate": null,
            "research_to_sale_ratio": 1.8,
            "price_fair": 81.2,
            "eps_avg_yearly": 2.32,
            "eps_latest_yearly": 2.48,
            "eps_growth_yearly": 70.72
        },
        "20154": {
            "year_quarter": 20154,
            "year": 2015,
            "quarter": 4,
            "eps": 0.72,
            "eps_growth_year": 74.1,
            "eps_4q": 2.46,
            "eps_4q_growth_year": 438.91,
            "roe": 4.84,
            "roe_4q": 17.55,
            "gross_profit": 64510,
            "gross_margin": 19.8,
            "gross_margin_4q_avg": 17.48,
            "net_income": 36697,
            "net_income_4q": null,
            "revenue": 325884,
            "revenue_4q": null,
            "common_shares": 509900,
            "book_valuer_per_share": 15.23,
            "book_valuer_per_share_4q_avg": 14.24,
            "equity": 776340,
            "current_ratio": 241.37,
            "debt_ratio": 17.77,
            "inventory_turnover_ratio": 1.6,
            "account_receivable_turnover_ratio": 1.98,
            "reinvestment_rate": null,
            "research_to_sale_ratio": 1.37,
            "price_fair": 86.1,
            "eps_avg_yearly": 2.46,
            "eps_latest_yearly": 2.88,
            "eps_growth_yearly": 69.17
        },
        "20161": {
            "year_quarter": 20161,
            "year": 2016,
            "quarter": 1,
            "eps": 0.52,
            "eps_growth_year": 18.18,
            "eps_4q": 2.54,
            "eps_4q_growth_year": 573.08,
            "roe": 3.38,
            "roe_4q": 17.549999999999997,
            "gross_profit": 61993,
            "gross_margin": 17.04,
            "gross_margin_4q_avg": 17.82,
            "net_income": 26695,
            "net_income_4q": null,
            "revenue": 363804,
            "revenue_4q": null,
            "common_shares": 509900,
            "book_valuer_per_share": 15.75,
            "book_valuer_per_share_4q_avg": 14.84,
            "equity": 803212,
            "current_ratio": 243.85,
            "debt_ratio": 18.97,
            "inventory_turnover_ratio": 1.78,
            "account_receivable_turnover_ratio": 2.18,
            "reinvestment_rate": null,
            "research_to_sale_ratio": 1.01,
            "price_fair": 83.44,
            "eps_avg_yearly": 2.38,
            "eps_latest_yearly": 2.08,
            "eps_growth_yearly": 33.11
        },
        "20162": {
            "year_quarter": 20162,
            "year": 2016,
            "quarter": 2,
            "eps": 0.75,
            "eps_growth_year": 10.29,
            "eps_4q": 2.61,
            "eps_4q_growth_year": 128.29,
            "roe": 4.81,
            "roe_4q": 17.38,
            "gross_profit": 69055,
            "gross_margin": 20.02,
            "gross_margin_4q_avg": 18.2,
            "net_income": 38056,
            "net_income_4q": null,
            "revenue": 344884,
            "revenue_4q": null,
            "common_shares": 509900,
            "book_valuer_per_share": 15.3,
            "book_valuer_per_share_4q_avg": 15.19,
            "equity": 780240,
            "current_ratio": 214.76,
            "debt_ratio": 22.09,
            "inventory_turnover_ratio": 1.71,
            "account_receivable_turnover_ratio": 2.28,
            "reinvestment_rate": null,
            "research_to_sale_ratio": 0.78,
            "price_fair": 87.03,
            "eps_avg_yearly": 2.49,
            "eps_latest_yearly": 3,
            "eps_growth_yearly": 57.08
        },
        "20163": {
            "year_quarter": 20163,
            "year": 2016,
            "quarter": 3,
            "eps": 0.24,
            "eps_growth_year": -61.29,
            "eps_4q": 2.23,
            "eps_4q_growth_year": 3.47,
            "roe": 1.55,
            "roe_4q": 14.579999999999998,
            "gross_profit": 42833,
            "gross_margin": 13.81,
            "gross_margin_4q_avg": 17.67,
            "net_income": 12177,
            "net_income_4q": null,
            "revenue": 310071,
            "revenue_4q": null,
            "common_shares": 509900,
            "book_valuer_per_share": 15.54,
            "book_valuer_per_share_4q_avg": 15.46,
            "equity": 792513,
            "current_ratio": 252.36,
            "debt_ratio": 18.23,
            "inventory_turnover_ratio": 1.75,
            "account_receivable_turnover_ratio": 2.17,
            "reinvestment_rate": null,
            "research_to_sale_ratio": 1.04,
            "price_fair": 45.53,
            "eps_avg_yearly": 2.27,
            "eps_latest_yearly": 0.96,
            "eps_growth_yearly": 10.07
        },
        "20164": {
            "year_quarter": 20164,
            "year": 2016,
            "quarter": 4,
            "eps": 0.65,
            "eps_growth_year": -9.34,
            "eps_4q": 2.16,
            "eps_4q_growth_year": -12.15,
            "roe": 4.11,
            "roe_4q": 13.849999999999998,
            "gross_profit": 52826,
            "gross_margin": 15.12,
            "gross_margin_4q_avg": 16.5,
            "net_income": 33268,
            "net_income_4q": null,
            "revenue": 349269,
            "revenue_4q": null,
            "common_shares": 509900,
            "book_valuer_per_share": 16.2,
            "book_valuer_per_share_4q_avg": 15.7,
            "equity": 825802,
            "current_ratio": 252.76,
            "debt_ratio": 19.46,
            "inventory_turnover_ratio": 1.58,
            "account_receivable_turnover_ratio": 2.06,
            "reinvestment_rate": -54.37,
            "research_to_sale_ratio": 0.93,
            "price_fair": 80.85,
            "eps_avg_yearly": 2.31,
            "eps_latest_yearly": 2.6,
            "eps_growth_yearly": 94.23
        },
        "20171": {
            "year_quarter": 20171,
            "year": 2017,
            "quarter": 1,
            "eps": -0.3,
            "eps_growth_year": -157.69,
            "eps_4q": 1.34,
            "eps_4q_growth_year": -47.32,
            "roe": -1.87,
            "roe_4q": 8.6,
            "gross_profit": 22646,
            "gross_margin": 6.14,
            "gross_margin_4q_avg": 13.77,
            "net_income": -15310,
            "net_income_4q": null,
            "revenue": 368537,
            "revenue_4q": null,
            "common_shares": 509900,
            "book_valuer_per_share": 15.9,
            "book_valuer_per_share_4q_avg": 15.74,
            "equity": 810492,
            "current_ratio": 260.14,
            "debt_ratio": 18.64,
            "inventory_turnover_ratio": 1.41,
            "account_receivable_turnover_ratio": 2.05,
            "reinvestment_rate": -57.96,
            "research_to_sale_ratio": 1.17,
            "price_fair": 80.85,
            "eps_avg_yearly": 2.31,
            "eps_latest_yearly": 2.6,
            "eps_growth_yearly": 94.23
        },
        "20172": {
            "year_quarter": 20172,
            "year": 2017,
            "quarter": 2,
            "eps": 0.14,
            "eps_growth_year": -81.33,
            "eps_4q": 0.73,
            "eps_4q_growth_year": -71.82,
            "roe": 0.93,
            "roe_4q": 4.720000000000001,
            "gross_profit": 31582,
            "gross_margin": 7.99,
            "gross_margin_4q_avg": 10.77,
            "net_income": 7315,
            "net_income_4q": null,
            "revenue": 395272,
            "revenue_4q": null,
            "common_shares": 509900,
            "book_valuer_per_share": 14.84,
            "book_valuer_per_share_4q_avg": 15.62,
            "equity": 756619,
            "current_ratio": 193.16,
            "debt_ratio": 25.02,
            "inventory_turnover_ratio": 1.44,
            "account_receivable_turnover_ratio": 2.31,
            "reinvestment_rate": -54.3,
            "research_to_sale_ratio": 1.35,
            "price_fair": 80.85,
            "eps_avg_yearly": 2.31,
            "eps_latest_yearly": 2.6,
            "eps_growth_yearly": 94.23
        },
        "20173": {
            "year_quarter": 20173,
            "year": 2017,
            "quarter": 3,
            "eps": 0.01,
            "eps_growth_year": -95.83,
            "eps_4q": 0.5,
            "eps_4q_growth_year": -77.5,
            "roe": 0.04,
            "roe_4q": 3.2100000000000004,
            "gross_profit": 21668,
            "gross_margin": 6.32,
            "gross_margin_4q_avg": 8.89,
            "net_income": 289,
            "net_income_4q": null,
            "revenue": 342918,
            "revenue_4q": null,
            "common_shares": 509900,
            "book_valuer_per_share": 14.84,
            "book_valuer_per_share_4q_avg": 15.45,
            "equity": 756908,
            "current_ratio": 196.13,
            "debt_ratio": 24.09,
            "inventory_turnover_ratio": 1.24,
            "account_receivable_turnover_ratio": 2.1,
            "reinvestment_rate": -53.97,
            "research_to_sale_ratio": 1.24,
            "price_fair": 72.02,
            "eps_avg_yearly": 2.06,
            "eps_latest_yearly": 0.04,
            "eps_growth_yearly": 42.49
        },
        "20174": {
            "year_quarter": 20174,
            "year": 2017,
            "quarter": 4,
            "eps": 0.34,
            "eps_growth_year": -47.49,
            "eps_4q": 0.19,
            "eps_4q_growth_year": -91.14,
            "roe": 2.28,
            "roe_4q": 1.38,
            "gross_profit": 41546,
            "gross_margin": 11.22,
            "gross_margin_4q_avg": 7.92,
            "net_income": 17470,
            "net_income_4q": null,
            "revenue": 370216,
            "revenue_4q": null,
            "common_shares": 509900,
            "book_valuer_per_share": 15.19,
            "book_valuer_per_share_4q_avg": 15.19,
            "equity": 774378,
            "current_ratio": 198.09,
            "debt_ratio": 23.87,
            "inventory_turnover_ratio": 1.17,
            "account_receivable_turnover_ratio": 2.49,
            "reinvestment_rate": -51.51,
            "research_to_sale_ratio": 1.26,
            "price_fair": 69.58,
            "eps_avg_yearly": 1.99,
            "eps_latest_yearly": 1.36,
            "eps_growth_yearly": 1358.24
        },
        "20181": {
            "year_quarter": 20181,
            "year": 2018,
            "quarter": 1,
            "eps": -0.36,
            "eps_growth_year": null,
            "eps_4q": 0.13,
            "eps_4q_growth_year": -89.93,
            "roe": -2.38,
            "roe_4q": 0.87,
            "gross_profit": 6353,
            "gross_margin": 2.02,
            "gross_margin_4q_avg": 6.89,
            "net_income": -18204,
            "net_income_4q": null,
            "revenue": 314809,
            "revenue_4q": null,
            "common_shares": 509900,
            "book_valuer_per_share": 14.83,
            "book_valuer_per_share_4q_avg": 14.93,
            "equity": 756174,
            "current_ratio": 194.5,
            "debt_ratio": 23.38,
            "inventory_turnover_ratio": 1.1,
            "account_receivable_turnover_ratio": 2.3,
            "reinvestment_rate": -53.3,
            "research_to_sale_ratio": 1.19,
            "price_fair": 69.58,
            "eps_avg_yearly": 1.99,
            "eps_latest_yearly": 1.36,
            "eps_growth_yearly": 1358.24
        },
        "20182": {
            "year_quarter": 20182,
            "year": 2018,
            "quarter": 2,
            "eps": 0.55,
            "eps_growth_year": 292.86,
            "eps_4q": 0.54,
            "eps_4q_growth_year": -26.22,
            "roe": 3.71,
            "roe_4q": 3.65,
            "gross_profit": 47908,
            "gross_margin": 11.66,
            "gross_margin_4q_avg": 7.81,
            "net_income": 28075,
            "net_income_4q": null,
            "revenue": 410719,
            "revenue_4q": null,
            "common_shares": 509900,
            "book_valuer_per_share": 14.88,
            "book_valuer_per_share_4q_avg": 14.94,
            "equity": 758754,
            "current_ratio": 168.37,
            "debt_ratio": 30.28,
            "inventory_turnover_ratio": 1.36,
            "account_receivable_turnover_ratio": 2.47,
            "reinvestment_rate": -32.53,
            "research_to_sale_ratio": 1.04,
            "price_fair": 69.58,
            "eps_avg_yearly": 1.99,
            "eps_latest_yearly": 1.36,
            "eps_growth_yearly": 1358.24
        },
        "20183": {
            "year_quarter": 20183,
            "year": 2018,
            "quarter": 3,
            "eps": 0.44,
            "eps_growth_year": 4300,
            "eps_4q": 0.97,
            "eps_4q_growth_year": 94.15,
            "roe": 2.89,
            "roe_4q": 6.5,
            "gross_profit": 45981,
            "gross_margin": 11.48,
            "gross_margin_4q_avg": 9.1,
            "net_income": 22287,
            "net_income_4q": null,
            "revenue": 400683,
            "revenue_4q": null,
            "common_shares": 509900,
            "book_valuer_per_share": 15.32,
            "book_valuer_per_share_4q_avg": 15.06,
            "equity": 781041,
            "current_ratio": 171.59,
            "debt_ratio": 30.3,
            "inventory_turnover_ratio": 1.41,
            "account_receivable_turnover_ratio": 2.1,
            "reinvestment_rate": 5.01,
            "research_to_sale_ratio": 1.08,
            "price_fair": 68.85,
            "eps_avg_yearly": 1.97,
            "eps_latest_yearly": 1.76,
            "eps_growth_yearly": 1227.49
        },
        "20184": {
            "year_quarter": 20184,
            "year": 2018,
            "quarter": 4,
            "eps": 0.95,
            "eps_growth_year": 178.03,
            "eps_4q": 1.58,
            "eps_4q_growth_year": 726.81,
            "roe": 6.03,
            "roe_4q": 10.25,
            "gross_profit": 74983,
            "gross_margin": 16.5,
            "gross_margin_4q_avg": 10.42,
            "net_income": 48572,
            "net_income_4q": null,
            "revenue": 454319,
            "revenue_4q": null,
            "common_shares": 509900,
            "book_valuer_per_share": 16.27,
            "book_valuer_per_share_4q_avg": 15.33,
            "equity": 829613,
            "current_ratio": 171.36,
            "debt_ratio": 33.71,
            "inventory_turnover_ratio": 1.41,
            "account_receivable_turnover_ratio": 2.3,
            "reinvestment_rate": 26.52,
            "research_to_sale_ratio": 1.1,
            "price_fair": 74.2,
            "eps_avg_yearly": 2.12,
            "eps_latest_yearly": 3.8,
            "eps_growth_yearly": 1163.84
        },
        "20191": {
            "year_quarter": 20191,
            "year": 2019,
            "quarter": 1,
            "eps": 0.58,
            "eps_growth_year": null,
            "eps_4q": 2.52,
            "eps_4q_growth_year": 1769.42,
            "roe": 3.49,
            "roe_4q": 16.12,
            "gross_profit": 55292,
            "gross_margin": 13.23,
            "gross_margin_4q_avg": 13.22,
            "net_income": 29495,
            "net_income_4q": null,
            "revenue": 417851,
            "revenue_4q": null,
            "common_shares": 509900,
            "book_valuer_per_share": 16.85,
            "book_valuer_per_share_4q_avg": 15.83,
            "equity": 859108,
            "current_ratio": 185.88,
            "debt_ratio": 39.94,
            "inventory_turnover_ratio": 1.32,
            "account_receivable_turnover_ratio": 1.91,
            "reinvestment_rate": 55,
            "research_to_sale_ratio": 2.17,
            "price_fair": 75.83,
            "eps_avg_yearly": 2.17,
            "eps_latest_yearly": 2.32,
            "eps_growth_yearly": 1148.41
        },
        "20192": {
            "year_quarter": 20192,
            "year": 2019,
            "quarter": 2,
            "eps": 0.76,
            "eps_growth_year": 38.18,
            "eps_4q": 2.73,
            "eps_4q_growth_year": 403.36,
            "roe": 4.51,
            "roe_4q": 16.92,
            "gross_profit": 75232,
            "gross_margin": 16.4,
            "gross_margin_4q_avg": 14.4,
            "net_income": 38723,
            "net_income_4q": null,
            "revenue": 458768,
            "revenue_4q": null,
            "common_shares": 509900,
            "book_valuer_per_share": 16.81,
            "book_valuer_per_share_4q_avg": 16.31,
            "equity": 857039,
            "current_ratio": 164.71,
            "debt_ratio": 45.2,
            "inventory_turnover_ratio": 1.38,
            "account_receivable_turnover_ratio": 2.18,
            "reinvestment_rate": 88.27,
            "research_to_sale_ratio": 1.55,
            "price_fair": 76.77,
            "eps_avg_yearly": 2.19,
            "eps_latest_yearly": 3.04,
            "eps_growth_yearly": 1140.58
        },
        "20193": {
            "year_quarter": 20193,
            "year": 2019,
            "quarter": 3,
            "eps": 0.84,
            "eps_growth_year": 90.91,
            "eps_4q": 3.13,
            "eps_4q_growth_year": 221.27,
            "roe": 4.86,
            "roe_4q": 18.89,
            "gross_profit": 80028,
            "gross_margin": 17.2,
            "gross_margin_4q_avg": 15.83,
            "net_income": 42648,
            "net_income_4q": null,
            "revenue": 465355,
            "revenue_4q": null,
            "common_shares": 509900,
            "book_valuer_per_share": 17.64,
            "book_valuer_per_share_4q_avg": 16.89,
            "equity": 899687,
            "current_ratio": 186.72,
            "debt_ratio": 39.85,
            "inventory_turnover_ratio": 1.31,
            "account_receivable_turnover_ratio": 2.44,
            "reinvestment_rate": 93.21,
            "research_to_sale_ratio": 1.36,
            "price_fair": 79.33,
            "eps_avg_yearly": 2.27,
            "eps_latest_yearly": 3.36,
            "eps_growth_yearly": 1147.03
        },
        "20194": {
            "year_quarter": 20194,
            "year": 2019,
            "quarter": 4,
            "eps": 0.36,
            "eps_growth_year": -62.66,
            "eps_4q": 2.53,
            "eps_4q_growth_year": 59.79,
            "roe": 2,
            "roe_4q": 14.860000000000001,
            "gross_profit": 53500,
            "gross_margin": 11.36,
            "gross_margin_4q_avg": 14.55,
            "net_income": 18135,
            "net_income_4q": null,
            "revenue": 470856,
            "revenue_4q": null,
            "common_shares": 509900,
            "book_valuer_per_share": 18,
            "book_valuer_per_share_4q_avg": 17.33,
            "equity": 917822,
            "current_ratio": 154.49,
            "debt_ratio": 41.71,
            "inventory_turnover_ratio": 1.47,
            "account_receivable_turnover_ratio": 2.32,
            "reinvestment_rate": 118.07,
            "research_to_sale_ratio": 1.37,
            "price_fair": 75.13,
            "eps_avg_yearly": 2.15,
            "eps_latest_yearly": 1.44,
            "eps_growth_yearly": 1122.6
        },
        "20201": {
            "year_quarter": 20201,
            "year": 2020,
            "quarter": 1,
            "eps": 0.18,
            "eps_growth_year": -68.97,
            "eps_4q": 2.13,
            "eps_4q_growth_year": -15.56,
            "roe": 0.97,
            "roe_4q": 12.34,
            "gross_profit": 32996,
            "gross_margin": 8.08,
            "gross_margin_4q_avg": 13.26,
            "net_income": 8941,
            "net_income_4q": null,
            "revenue": 408302,
            "revenue_4q": null,
            "common_shares": 509900,
            "book_valuer_per_share": 18.18,
            "book_valuer_per_share_4q_avg": 17.66,
            "equity": 926763,
            "current_ratio": 126.26,
            "debt_ratio": 52.51,
            "inventory_turnover_ratio": 1.4,
            "account_receivable_turnover_ratio": 1.59,
            "reinvestment_rate": 157.35,
            "research_to_sale_ratio": 1.46,
            "price_fair": 71.17,
            "eps_avg_yearly": 2.03,
            "eps_latest_yearly": 0.72,
            "eps_growth_yearly": 1115.2
        },
        "20202": {
            "year_quarter": 20202,
            "year": 2020,
            "quarter": 2,
            "eps": -0.21,
            "eps_growth_year": -127.63,
            "eps_4q": 1.16,
            "eps_4q_growth_year": -57.48,
            "roe": -1.19,
            "roe_4q": 6.640000000000001,
            "gross_profit": -16179,
            "gross_margin": -6.79,
            "gross_margin_4q_avg": 7.46,
            "net_income": -10583,
            "net_income_4q": null,
            "revenue": 238219,
            "revenue_4q": null,
            "common_shares": 509900,
            "book_valuer_per_share": 16.67,
            "book_valuer_per_share_4q_avg": 17.62,
            "equity": 849893,
            "current_ratio": 117.43,
            "debt_ratio": 48.84,
            "inventory_turnover_ratio": 1.02,
            "account_receivable_turnover_ratio": 1.04,
            "reinvestment_rate": 192.17,
            "research_to_sale_ratio": 2.46,
            "price_fair": 68.09,
            "eps_avg_yearly": 1.95,
            "eps_latest_yearly": 0.72,
            "eps_growth_yearly": 1200.49
        },
        "20203": {
            "year_quarter": 20203,
            "year": 2020,
            "quarter": 3,
            "eps": 0.72,
            "eps_growth_year": -14.29,
            "eps_4q": 1.04,
            "eps_4q_growth_year": -66.63,
            "roe": 4.23,
            "roe_4q": 6.010000000000001,
            "gross_profit": 65883,
            "gross_margin": 15.43,
            "gross_margin_4q_avg": 7.02,
            "net_income": 36709,
            "net_income_4q": null,
            "revenue": 427024,
            "revenue_4q": null,
            "common_shares": 509900,
            "book_valuer_per_share": 17.39,
            "book_valuer_per_share_4q_avg": 17.56,
            "equity": 886602,
            "current_ratio": 109.69,
            "debt_ratio": 49.73,
            "inventory_turnover_ratio": 1.56,
            "account_receivable_turnover_ratio": 1.86,
            "reinvestment_rate": 198.88,
            "research_to_sale_ratio": 1.57,
            "price_fair": 71.54,
            "eps_avg_yearly": 2.04,
            "eps_latest_yearly": 0.72,
            "eps_growth_yearly": 1347.74
        },
        "20204": {
            "year_quarter": 20204,
            "year": 2020,
            "quarter": 4,
            "eps": 0.79,
            "eps_growth_year": 122.76,
            "eps_4q": 1.48,
            "eps_4q_growth_year": -41.5,
            "roe": 4.46,
            "roe_4q": 8.470000000000002,
            "gross_profit": 94162,
            "gross_margin": 18.34,
            "gross_margin_4q_avg": 8.77,
            "net_income": 40398,
            "net_income_4q": null,
            "revenue": 513306,
            "revenue_4q": null,
            "common_shares": 509900,
            "book_valuer_per_share": 18.18,
            "book_valuer_per_share_4q_avg": 17.61,
            "equity": 927000,
            "current_ratio": 106.99,
            "debt_ratio": 51.3,
            "inventory_turnover_ratio": 1.51,
            "account_receivable_turnover_ratio": 1.71,
            "reinvestment_rate": 199.95,
            "research_to_sale_ratio": 3.75,
            "price_fair": 73.5,
            "eps_avg_yearly": 2.1,
            "eps_latest_yearly": 3.16,
            "eps_growth_yearly": 1283.3
        },
        "20211": {
            "year_quarter": 20211,
            "year": 2021,
            "quarter": 1,
            "eps": 0.43,
            "eps_growth_year": 138.89,
            "eps_4q": 1.73,
            "eps_4q_growth_year": -18.5,
            "roe": 2.33,
            "roe_4q": 9.83,
            "gross_profit": 59255,
            "gross_margin": 11.15,
            "gross_margin_4q_avg": 9.53,
            "net_income": 21859,
            "net_income_4q": null,
            "revenue": 531512,
            "revenue_4q": null,
            "common_shares": 509900,
            "book_valuer_per_share": 18.61,
            "book_valuer_per_share_4q_avg": 17.71,
            "equity": 948859,
            "current_ratio": 110.64,
            "debt_ratio": 49.6,
            "inventory_turnover_ratio": 1.44,
            "account_receivable_turnover_ratio": 1.57,
            "reinvestment_rate": 171.2,
            "research_to_sale_ratio": 1.61,
            "price_fair": 72.29,
            "eps_avg_yearly": 2.07,
            "eps_latest_yearly": 1.72,
            "eps_growth_yearly": 1150.06
        },
        "20212": {
            "year_quarter": 20212,
            "year": 2021,
            "quarter": 2,
            "eps": 1.16,
            "eps_growth_year": null,
            "eps_4q": 3.1,
            "eps_4q_growth_year": 167.27,
            "roe": 6.17,
            "roe_4q": 17.19,
            "gross_profit": 102016,
            "gross_margin": 16.24,
            "gross_margin_4q_avg": 15.29,
            "net_income": 59100,
            "net_income_4q": null,
            "revenue": 628164,
            "revenue_4q": null,
            "common_shares": 509900,
            "book_valuer_per_share": 18.97,
            "book_valuer_per_share_4q_avg": 18.29,
            "equity": 967167,
            "current_ratio": 110.79,
            "debt_ratio": 50.48,
            "inventory_turnover_ratio": 1.54,
            "account_receivable_turnover_ratio": 1.77,
            "reinvestment_rate": 140.25,
            "research_to_sale_ratio": 2.58,
            "price_fair": 79.8,
            "eps_avg_yearly": 2.28,
            "eps_latest_yearly": 4.64,
            "eps_growth_yearly": 1110.81
        },
        "20213": {
            "year_quarter": 20213,
            "year": 2021,
            "quarter": 3,
            "eps": 1.52,
            "eps_growth_year": 111.11,
            "eps_4q": 3.9,
            "eps_4q_growth_year": 273.78,
            "roe": 7.7,
            "roe_4q": 20.660000000000004,
            "gross_profit": 129477,
            "gross_margin": 18.29,
            "gross_margin_4q_avg": 16.01,
            "net_income": 77503,
            "net_income_4q": null,
            "revenue": 707955,
            "revenue_4q": null,
            "common_shares": 509900,
            "book_valuer_per_share": 20.49,
            "book_valuer_per_share_4q_avg": 19.06,
            "equity": 1044670,
            "current_ratio": 111.63,
            "debt_ratio": 49.2,
            "inventory_turnover_ratio": 1.6,
            "account_receivable_turnover_ratio": 1.84,
            "reinvestment_rate": 122.27,
            "research_to_sale_ratio": 1.32,
            "price_fair": 97.42,
            "eps_avg_yearly": 2.78,
            "eps_latest_yearly": 6.08,
            "eps_growth_yearly": 1152.11
        },
        "20214": {
            "year_quarter": 20214,
            "year": 2021,
            "quarter": 4,
            "eps": 1.54,
            "eps_growth_year": 94.01,
            "eps_4q": 4.64,
            "eps_4q_growth_year": 213.84,
            "roe": 7.23,
            "roe_4q": 23.43,
            "gross_profit": 131206,
            "gross_margin": 17.71,
            "gross_margin_4q_avg": 15.85,
            "net_income": 78375,
            "net_income_4q": null,
            "revenue": 740865,
            "revenue_4q": null,
            "common_shares": 509900,
            "book_valuer_per_share": 22.02,
            "book_valuer_per_share_4q_avg": 20.02,
            "equity": 1123045,
            "current_ratio": 116.25,
            "debt_ratio": 48.8,
            "inventory_turnover_ratio": 1.66,
            "account_receivable_turnover_ratio": 1.63,
            "reinvestment_rate": 115.8,
            "research_to_sale_ratio": 1.7,
            "price_fair": 111.42,
            "eps_avg_yearly": 3.18,
            "eps_latest_yearly": 6.16,
            "eps_growth_yearly": 52.55
        },
        "20221": {
            "year_quarter": 20221,
            "year": 2022,
            "quarter": 1,
            "eps": 1.75,
            "eps_growth_year": 306.98,
            "eps_4q": 5.97,
            "eps_4q_growth_year": 244.39,
            "roe": 7.66,
            "roe_4q": 28.759999999999998,
            "gross_profit": 129018,
            "gross_margin": 17.98,
            "gross_margin_4q_avg": 17.56,
            "net_income": 89408,
            "net_income_4q": null,
            "revenue": 717515,
            "revenue_4q": null,
            "common_shares": 509900,
            "book_valuer_per_share": 23.78,
            "book_valuer_per_share_4q_avg": 21.32,
            "equity": 1212453,
            "current_ratio": 120.8,
            "debt_ratio": 44.77,
            "inventory_turnover_ratio": 1.5,
            "account_receivable_turnover_ratio": 1.53,
            "reinvestment_rate": 102.99,
            "research_to_sale_ratio": 1.33,
            "price_fair": 121.69,
            "eps_avg_yearly": 3.48,
            "eps_latest_yearly": 7,
            "eps_growth_yearly": 52.7
        },
        "20222": {
            "year_quarter": 20222,
            "year": 2022,
            "quarter": 2,
            "eps": 2.93,
            "eps_growth_year": 152.59,
            "eps_4q": 7.74,
            "eps_4q_growth_year": 149.78,
            "roe": 12.22,
            "roe_4q": 34.81,
            "gross_profit": 193590,
            "gross_margin": 21.44,
            "gross_margin_4q_avg": 18.86,
            "net_income": 149531,
            "net_income_4q": null,
            "revenue": 903087,
            "revenue_4q": null,
            "common_shares": 509900,
            "book_valuer_per_share": 24.21,
            "book_valuer_per_share_4q_avg": 22.63,
            "equity": 1234509,
            "current_ratio": 119.08,
            "debt_ratio": 53.59,
            "inventory_turnover_ratio": 1.59,
            "account_receivable_turnover_ratio": 1.87,
            "reinvestment_rate": 84.07,
            "research_to_sale_ratio": 1.59,
            "price_fair": 142.3,
            "eps_avg_yearly": 4.07,
            "eps_latest_yearly": 11.72,
            "eps_growth_yearly": 68.2
        },
        "20223": {
            "year_quarter": 20223,
            "year": 2022,
            "quarter": 3,
            "eps": 3.18,
            "eps_growth_year": 109.21,
            "eps_4q": 9.4,
            "eps_4q_growth_year": 141.01,
            "roe": 12.31,
            "roe_4q": 39.42,
            "gross_profit": 185428,
            "gross_margin": 19.63,
            "gross_margin_4q_avg": 19.19,
            "net_income": 161955,
            "net_income_4q": null,
            "revenue": 944570,
            "revenue_4q": null,
            "common_shares": 509900,
            "book_valuer_per_share": 27.39,
            "book_valuer_per_share_4q_avg": 24.35,
            "equity": 1396464,
            "current_ratio": 133.23,
            "debt_ratio": 48.75,
            "inventory_turnover_ratio": 1.48,
            "account_receivable_turnover_ratio": 1.86,
            "reinvestment_rate": 62.54,
            "research_to_sale_ratio": 1.33,
            "price_fair": 169.7,
            "eps_avg_yearly": 4.85,
            "eps_latest_yearly": 12.72,
            "eps_growth_yearly": 76.36
        },
        "20224": {
            "year_quarter": 20224,
            "year": 2022,
            "quarter": 4,
            "eps": 3.68,
            "eps_growth_year": 139.66,
            "eps_4q": 11.55,
            "eps_4q_growth_year": 148.58,
            "roe": 12.43,
            "roe_4q": 44.620000000000005,
            "gross_profit": 295599,
            "gross_margin": 28.62,
            "gross_margin_4q_avg": 21.92,
            "net_income": 187837,
            "net_income_4q": null,
            "revenue": 1032847,
            "revenue_4q": null,
            "common_shares": 509900,
            "book_valuer_per_share": 31.91,
            "book_valuer_per_share_4q_avg": 26.82,
            "equity": 1626912,
            "current_ratio": 197.09,
            "debt_ratio": 49.65,
            "inventory_turnover_ratio": 1.18,
            "account_receivable_turnover_ratio": 2.07,
            "reinvestment_rate": 50.36,
            "research_to_sale_ratio": 1.37,
            "price_fair": 197,
            "eps_avg_yearly": 5.63,
            "eps_latest_yearly": 14.72,
            "eps_growth_yearly": 47.73
        },
        "20231": {
            "year_quarter": 20231,
            "year": 2023,
            "quarter": 1,
            "eps": 3.1,
            "eps_growth_year": 77.14,
            "eps_4q": 12.64,
            "eps_4q_growth_year": 111.73,
            "roe": 10,
            "roe_4q": 46.96,
            "gross_profit": 246192,
            "gross_margin": 24.92,
            "gross_margin_4q_avg": 23.65,
            "net_income": 159129,
            "net_income_4q": null,
            "revenue": 987790,
            "revenue_4q": null,
            "common_shares": 520967,
            "book_valuer_per_share": 29.83,
            "book_valuer_per_share_4q_avg": 28.34,
            "equity": 1554147,
            "current_ratio": 167.26,
            "debt_ratio": 55.04,
            "inventory_turnover_ratio": 1.02,
            "account_receivable_turnover_ratio": 1.7,
            "reinvestment_rate": 39.94,
            "research_to_sale_ratio": 1.2,
            "price_fair": 222.2,
            "eps_avg_yearly": 6.35,
            "eps_latest_yearly": 12.4,
            "eps_growth_yearly": 54.36
        },
        "20232": {
            "year_quarter": 20232,
            "year": 2023,
            "quarter": 2,
            "eps": 3.14,
            "eps_growth_year": 7.17,
            "eps_4q": 12.29,
            "eps_4q_growth_year": 58.77,
            "roe": 9.5,
            "roe_4q": 44.24,
            "gross_profit": 223074,
            "gross_margin": 21.1,
            "gross_margin_4q_avg": 23.57,
            "net_income": 163779,
            "net_income_4q": null,
            "revenue": 1057410,
            "revenue_4q": null,
            "common_shares": 547207,
            "book_valuer_per_share": 34.6,
            "book_valuer_per_share_4q_avg": 30.93,
            "equity": 1893266,
            "current_ratio": 236.71,
            "debt_ratio": 37.78,
            "inventory_turnover_ratio": 1.2,
            "account_receivable_turnover_ratio": 1.83,
            "reinvestment_rate": 29.64,
            "research_to_sale_ratio": 1.39,
            "price_fair": 246,
            "eps_avg_yearly": 7.03,
            "eps_latest_yearly": 12.56,
            "eps_growth_yearly": 45.86
        },
        "20233": {
            "year_quarter": 20233,
            "year": 2023,
            "quarter": 3,
            "eps": -18.31,
            "eps_growth_year": -675.79,
            "eps_4q": -9.01,
            "eps_4q_growth_year": -195.89,
            "roe": -71.73,
            "roe_4q": -39.800000000000004,
            "gross_profit": 226047,
            "gross_margin": 30.93,
            "gross_margin_4q_avg": 26.39,
            "net_income": -1008419,
            "net_income_4q": null,
            "revenue": 730832,
            "revenue_4q": null,
            "common_shares": 552200,
            "book_valuer_per_share": 16.63,
            "book_valuer_per_share_4q_avg": 28.24,
            "equity": 918278,
            "current_ratio": 147.3,
            "debt_ratio": 58.1,
            "inventory_turnover_ratio": 1.07,
            "account_receivable_turnover_ratio": 1.56,
            "reinvestment_rate": -82.03,
            "research_to_sale_ratio": 0.42,
            "price_fair": 255.88,
            "eps_avg_yearly": 7.31,
            "eps_latest_yearly": 12.56,
            "eps_growth_yearly": 46.15
        }
    },
    "months": {
        "2010-10": {
            "month": "2010-10",
            "price": "41.64",
            "revenue": 92370
        },
        "2010-11": {
            "month": "2010-11",
            "price": "40.17",
            "revenue": 84465
        },
        "2010-12": {
            "month": "2010-12",
            "price": "36.29",
            "revenue": 119214
        },
        "2011-01": {
            "month": "2011-01",
            "price": "35.92",
            "revenue": 121215
        },
        "2011-02": {
            "month": "2011-02",
            "price": "37.93",
            "revenue": 83005
        },
        "2011-03": {
            "month": "2011-03",
            "price": "37.38",
            "revenue": 114669
        },
        "2011-04": {
            "month": "2011-04",
            "price": "31.58",
            "revenue": 98388
        },
        "2011-05": {
            "month": "2011-05",
            "price": "31.82",
            "revenue": 58976
        },
        "2011-06": {
            "month": "2011-06",
            "price": "25.87",
            "revenue": 36939
        },
        "2011-07": {
            "month": "2011-07",
            "price": "18.91",
            "revenue": 41854
        },
        "2011-08": {
            "month": "2011-08",
            "price": "18.12",
            "revenue": 46612
        },
        "2011-09": {
            "month": "2011-09",
            "price": "17.79",
            "revenue": 20235
        },
        "2011-10": {
            "month": "2011-10",
            "price": "15.52",
            "revenue": 26995
        },
        "2011-11": {
            "month": "2011-11",
            "price": "13.82",
            "revenue": 43579
        },
        "2011-12": {
            "month": "2011-12",
            "price": "14.58",
            "revenue": 80788
        },
        "2012-01": {
            "month": "2012-01",
            "price": "16.03",
            "revenue": 70289
        },
        "2012-02": {
            "month": "2012-02",
            "price": "19.26",
            "revenue": 106878
        },
        "2012-03": {
            "month": "2012-03",
            "price": "24.26",
            "revenue": 122692
        },
        "2012-04": {
            "month": "2012-04",
            "price": "24.67",
            "revenue": 109389
        },
        "2012-05": {
            "month": "2012-05",
            "price": "23.78",
            "revenue": 99182
        },
        "2012-06": {
            "month": "2012-06",
            "price": "21.04",
            "revenue": 80906
        },
        "2012-07": {
            "month": "2012-07",
            "price": "17.36",
            "revenue": 78506
        },
        "2012-08": {
            "month": "2012-08",
            "price": "23.02",
            "revenue": 94273
        },
        "2012-09": {
            "month": "2012-09",
            "price": "24.70",
            "revenue": 88949
        },
        "2012-10": {
            "month": "2012-10",
            "price": "23.16",
            "revenue": 95915
        },
        "2012-11": {
            "month": "2012-11",
            "price": "21.34",
            "revenue": 112924
        },
        "2012-12": {
            "month": "2012-12",
            "price": "19.57",
            "revenue": 71512
        },
        "2013-01": {
            "month": "2013-01",
            "price": "23.25",
            "revenue": 160892
        },
        "2013-02": {
            "month": "2013-02",
            "price": "25.93",
            "revenue": 103515
        },
        "2013-03": {
            "month": "2013-03",
            "price": "23.25",
            "revenue": 119730
        },
        "2013-04": {
            "month": "2013-04",
            "price": "24.58",
            "revenue": 117989
        },
        "2013-05": {
            "month": "2013-05",
            "price": "24.93",
            "revenue": 91473
        },
        "2013-06": {
            "month": "2013-06",
            "price": "24.85",
            "revenue": 57276
        },
        "2013-07": {
            "month": "2013-07",
            "price": "24.89",
            "revenue": 72688
        },
        "2013-08": {
            "month": "2013-08",
            "price": "23.70",
            "revenue": 81734
        },
        "2013-09": {
            "month": "2013-09",
            "price": "22.66",
            "revenue": 101514
        },
        "2013-10": {
            "month": "2013-10",
            "price": "22.04",
            "revenue": 131722
        },
        "2013-11": {
            "month": "2013-11",
            "price": "21.90",
            "revenue": 83396
        },
        "2013-12": {
            "month": "2013-12",
            "price": "24.06",
            "revenue": 100083
        },
        "2014-01": {
            "month": "2014-01",
            "price": "27.71",
            "revenue": 133200
        },
        "2014-02": {
            "month": "2014-02",
            "price": "31.96",
            "revenue": 86318
        },
        "2014-03": {
            "month": "2014-03",
            "price": "33.31",
            "revenue": 136041
        },
        "2014-04": {
            "month": "2014-04",
            "price": "35.86",
            "revenue": 109331
        },
        "2014-05": {
            "month": "2014-05",
            "price": "39.64",
            "revenue": 94394
        },
        "2014-06": {
            "month": "2014-06",
            "price": "36.04",
            "revenue": 87659
        },
        "2014-07": {
            "month": "2014-07",
            "price": "32.03",
            "revenue": 52923
        },
        "2014-08": {
            "month": "2014-08",
            "price": "28.85",
            "revenue": 48442
        },
        "2014-09": {
            "month": "2014-09",
            "price": "26.24",
            "revenue": 67596
        },
        "2014-10": {
            "month": "2014-10",
            "price": "25.12",
            "revenue": 69934
        },
        "2014-11": {
            "month": "2014-11",
            "price": "15.42",
            "revenue": 102201
        },
        "2014-12": {
            "month": "2014-12",
            "price": "16.64",
            "revenue": 108710
        },
        "2015-01": {
            "month": "2015-01",
            "price": "17.06",
            "revenue": 101721
        },
        "2015-02": {
            "month": "2015-02",
            "price": "16.68",
            "revenue": 91977
        },
        "2015-03": {
            "month": "2015-03",
            "price": "16.72",
            "revenue": 124279
        },
        "2015-04": {
            "month": "2015-04",
            "price": "17.36",
            "revenue": 108007
        },
        "2015-05": {
            "month": "2015-05",
            "price": "16.90",
            "revenue": 123099
        },
        "2015-06": {
            "month": "2015-06",
            "price": "16.65",
            "revenue": 123549
        },
        "2015-07": {
            "month": "2015-07",
            "price": "21.12",
            "revenue": 85085
        },
        "2015-08": {
            "month": "2015-08",
            "price": "19.67",
            "revenue": 89317
        },
        "2015-09": {
            "month": "2015-09",
            "price": "20.27",
            "revenue": 100825
        },
        "2015-10": {
            "month": "2015-10",
            "price": "22.96",
            "revenue": 91482
        },
        "2015-11": {
            "month": "2015-11",
            "price": "21.88",
            "revenue": 115879
        },
        "2015-12": {
            "month": "2015-12",
            "price": "21.77",
            "revenue": 118522
        },
        "2016-01": {
            "month": "2016-01",
            "price": "20.09",
            "revenue": 117367
        },
        "2016-02": {
            "month": "2016-02",
            "price": "20.74",
            "revenue": 117466
        },
        "2016-03": {
            "month": "2016-03",
            "price": "23.43",
            "revenue": 128971
        },
        "2016-04": {
            "month": "2016-04",
            "price": "24.19",
            "revenue": 112917
        },
        "2016-05": {
            "month": "2016-05",
            "price": "21.51",
            "revenue": 120916
        },
        "2016-06": {
            "month": "2016-06",
            "price": "20.46",
            "revenue": 111050
        },
        "2016-07": {
            "month": "2016-07",
            "price": "19.84",
            "revenue": 100971
        },
        "2016-08": {
            "month": "2016-08",
            "price": "21.89",
            "revenue": 106486
        },
        "2016-09": {
            "month": "2016-09",
            "price": "21.88",
            "revenue": 102615
        },
        "2016-10": {
            "month": "2016-10",
            "price": "21.68",
            "revenue": 101745
        },
        "2016-11": {
            "month": "2016-11",
            "price": "21.40",
            "revenue": 123489
        },
        "2016-12": {
            "month": "2016-12",
            "price": "21.57",
            "revenue": 124034
        },
        "2017-01": {
            "month": "2017-01",
            "price": "21.77",
            "revenue": 131557
        },
        "2017-02": {
            "month": "2017-02",
            "price": "21.87",
            "revenue": 119344
        },
        "2017-03": {
            "month": "2017-03",
            "price": "22.35",
            "revenue": 117636
        },
        "2017-04": {
            "month": "2017-04",
            "price": "20.71",
            "revenue": 133958
        },
        "2017-05": {
            "month": "2017-05",
            "price": "18.95",
            "revenue": 134000
        },
        "2017-06": {
            "month": "2017-06",
            "price": "19.47",
            "revenue": 127314
        },
        "2017-07": {
            "month": "2017-07",
            "price": "19.56",
            "revenue": 102798
        },
        "2017-08": {
            "month": "2017-08",
            "price": "19.12",
            "revenue": 114983
        },
        "2017-09": {
            "month": "2017-09",
            "price": "18.69",
            "revenue": 125137
        },
        "2017-10": {
            "month": "2017-10",
            "price": "18.33",
            "revenue": 126700
        },
        "2017-11": {
            "month": "2017-11",
            "price": "18.25",
            "revenue": 127053
        },
        "2017-12": {
            "month": "2017-12",
            "price": "17.63",
            "revenue": 116462
        },
        "2018-01": {
            "month": "2018-01",
            "price": "18.38",
            "revenue": 98179
        },
        "2018-02": {
            "month": "2018-02",
            "price": "17.47",
            "revenue": 103513
        },
        "2018-03": {
            "month": "2018-03",
            "price": "17.78",
            "revenue": 113117
        },
        "2018-04": {
            "month": "2018-04",
            "price": "17.59",
            "revenue": 118205
        },
        "2018-05": {
            "month": "2018-05",
            "price": "17.48",
            "revenue": 145142
        },
        "2018-06": {
            "month": "2018-06",
            "price": "17.97",
            "revenue": 147372
        },
        "2018-07": {
            "month": "2018-07",
            "price": "18.17",
            "revenue": 140877
        },
        "2018-08": {
            "month": "2018-08",
            "price": "18.59",
            "revenue": 133495
        },
        "2018-09": {
            "month": "2018-09",
            "price": "18.98",
            "revenue": 126311
        },
        "2018-10": {
            "month": "2018-10",
            "price": "18.31",
            "revenue": 146488
        },
        "2018-11": {
            "month": "2018-11",
            "price": "17.99",
            "revenue": 151972
        },
        "2018-12": {
            "month": "2018-12",
            "price": "18.35",
            "revenue": 155859
        },
        "2019-01": {
            "month": "2019-01",
            "price": "18.45",
            "revenue": 144612
        },
        "2019-02": {
            "month": "2019-02",
            "price": "19.25",
            "revenue": 123613
        },
        "2019-03": {
            "month": "2019-03",
            "price": "24.06",
            "revenue": 149626
        },
        "2019-04": {
            "month": "2019-04",
            "price": "26.44",
            "revenue": 151429
        },
        "2019-05": {
            "month": "2019-05",
            "price": "27.25",
            "revenue": 155267
        },
        "2019-06": {
            "month": "2019-06",
            "price": "27.43",
            "revenue": 152072
        },
        "2019-07": {
            "month": "2019-07",
            "price": "27.85",
            "revenue": 164552
        },
        "2019-08": {
            "month": "2019-08",
            "price": "29.85",
            "revenue": 158473
        },
        "2019-09": {
            "month": "2019-09",
            "price": "31.16",
            "revenue": 142330
        },
        "2019-10": {
            "month": "2019-10",
            "price": "30.81",
            "revenue": 150359
        },
        "2019-11": {
            "month": "2019-11",
            "price": "29.70",
            "revenue": 157466
        },
        "2019-12": {
            "month": "2019-12",
            "price": "29.16",
            "revenue": 163031
        },
        "2020-01": {
            "month": "2020-01",
            "price": "28.77",
            "revenue": 106026
        },
        "2020-02": {
            "month": "2020-02",
            "price": "27.98",
            "revenue": 142190
        },
        "2020-03": {
            "month": "2020-03",
            "price": "23.90",
            "revenue": 160086
        },
        "2020-04": {
            "month": "2020-04",
            "price": "24.65",
            "revenue": 88794
        },
        "2020-05": {
            "month": "2020-05",
            "price": "23.71",
            "revenue": 65202
        },
        "2020-06": {
            "month": "2020-06",
            "price": "22.30",
            "revenue": 84223
        },
        "2020-07": {
            "month": "2020-07",
            "price": "21.19",
            "revenue": 112003
        },
        "2020-08": {
            "month": "2020-08",
            "price": "21.02",
            "revenue": 153541
        },
        "2020-09": {
            "month": "2020-09",
            "price": "23.81",
            "revenue": 161480
        },
        "2020-10": {
            "month": "2020-10",
            "price": "24.71",
            "revenue": 161118
        },
        "2020-11": {
            "month": "2020-11",
            "price": "24.51",
            "revenue": 163318
        },
        "2020-12": {
            "month": "2020-12",
            "price": "24.08",
            "revenue": 188870
        },
        "2021-01": {
            "month": "2021-01",
            "price": "26.26",
            "revenue": 160521
        },
        "2021-02": {
            "month": "2021-02",
            "price": "27.43",
            "revenue": 180269
        },
        "2021-03": {
            "month": "2021-03",
            "price": "27.64",
            "revenue": 190722
        },
        "2021-04": {
            "month": "2021-04",
            "price": "28.07",
            "revenue": 200280
        },
        "2021-05": {
            "month": "2021-05",
            "price": "25.44",
            "revenue": 215150
        },
        "2021-06": {
            "month": "2021-06",
            "price": "27.50",
            "revenue": 212734
        },
        "2021-07": {
            "month": "2021-07",
            "price": "31.08",
            "revenue": 222630
        },
        "2021-08": {
            "month": "2021-08",
            "price": "36.25",
            "revenue": 244947
        },
        "2021-09": {
            "month": "2021-09",
            "price": "37.56",
            "revenue": 240378
        },
        "2021-10": {
            "month": "2021-10",
            "price": "36.58",
            "revenue": 247732
        },
        "2021-11": {
            "month": "2021-11",
            "price": "39.30",
            "revenue": 242141
        },
        "2021-12": {
            "month": "2021-12",
            "price": "38.43",
            "revenue": 250992
        },
        "2022-01": {
            "month": "2022-01",
            "price": "39.77",
            "revenue": 251547
        },
        "2022-02": {
            "month": "2022-02",
            "price": "42.89",
            "revenue": 194790
        },
        "2022-03": {
            "month": "2022-03",
            "price": "39.58",
            "revenue": 271178
        },
        "2022-04": {
            "month": "2022-04",
            "price": "42.49",
            "revenue": 291005
        },
        "2022-05": {
            "month": "2022-05",
            "price": "53.01",
            "revenue": 303433
        },
        "2022-06": {
            "month": "2022-06",
            "price": "54.82",
            "revenue": 308649
        },
        "2022-07": {
            "month": "2022-07",
            "price": "54.54",
            "revenue": 310945
        },
        "2022-08": {
            "month": "2022-08",
            "price": "71.94",
            "revenue": 314190
        },
        "2022-09": {
            "month": "2022-09",
            "price": "73.03",
            "revenue": 319436
        },
        "2022-10": {
            "month": "2022-10",
            "price": "69.97",
            "revenue": 325645
        },
        "2022-11": {
            "month": "2022-11",
            "price": "71.92",
            "revenue": 340907
        },
        "2022-12": {
            "month": "2022-12",
            "price": "74.60",
            "revenue": 366295
        },
        "2023-01": {
            "month": "2023-01",
            "price": "81.55",
            "revenue": 298904
        },
        "2023-02": {
            "month": "2023-02",
            "price": "84.63",
            "revenue": 336273
        },
        "2023-03": {
            "month": "2023-03",
            "price": "95.13",
            "revenue": 352613
        },
        "2023-04": {
            "month": "2023-04",
            "price": "88.57",
            "revenue": 352624
        },
        "2023-05": {
            "month": "2023-05",
            "price": "92.05",
            "revenue": 354350
        },
        "2023-06": {
            "month": "2023-06",
            "price": "94.14",
            "revenue": 350435
        },
        "2023-07": {
            "month": "2023-07",
            "price": "91.64",
            "revenue": 260371
        },
        "2023-08": {
            "month": "2023-08",
            "price": "81.43",
            "revenue": 234639
        },
        "2023-09": {
            "month": "2023-09",
            "price": "79.27",
            "revenue": 235822
        },
        "2023-10": {
            "month": "2023-10",
            "price": "59.18",
            "revenue": 12036
        },
        "2023-11": {
            "month": "2023-11",
            "price": "56.61",
            "revenue": 23102
        },
        "2023-12": {
            "month": "2023-12",
            "price": "58.94",
            "revenue": 804
        }
    }
}
