{
    "summary": {
        "stock_name": "旭源",
        "stock_id": "8421",
        "category": "其他",
        "main_business": "C805990  其他塑膠品製造業<br>CB01010  機械設備製造業<br>CQ01010  模具製造業",
        "website_url": "http://www.xuyuanpack.com",
        "ceo": "莊雅萍",
        "pe_ratio": -29,
        "report_year_from": 2009,
        "report_year_to": 2023,
        "age": 15,
        "eps_negative_percentage": 54,
        "eps_growth_avg": {
            "last_all": -31.97,
            "last_2y": -100,
            "last_4y": -100,
            "last_8y": -18.37,
            "last_12y": null,
            "last_16y": null,
            "last_20y": null,
            "at_2006_last_3y": null,
            "at_2007_last_3y": null,
            "at_2008_last_3y": null,
            "at_2009_last_3y": null,
            "at_2010_last_3y": null,
            "at_2011_last_3y": null,
            "at_2012_last_3y": null,
            "at_2013_last_3y": null,
            "at_2014_last_3y": null,
            "at_2015_last_3y": -100,
            "at_2016_last_3y": 0,
            "at_2017_last_3y": 4.08,
            "at_2018_last_3y": 36.05,
            "at_2019_last_3y": 2.04,
            "at_2020_last_3y": -30.62,
            "at_2021_last_3y": 0,
            "at_2022_last_3y": -100,
            "at_2023_last_3y": -100,
            "at_2024_last_3y": -100,
            "at_2006_last_all": null,
            "at_2007_last_all": null,
            "at_2008_last_all": null,
            "at_2009_last_all": null,
            "at_2010_last_all": null,
            "at_2011_last_all": null,
            "at_2012_last_all": null,
            "at_2013_last_all": -100,
            "at_2014_last_all": -100,
            "at_2015_last_all": -100,
            "at_2016_last_all": 0,
            "at_2017_last_all": -30.62,
            "at_2018_last_all": 2.04,
            "at_2019_last_all": -18.37,
            "at_2020_last_all": -18.37,
            "at_2021_last_all": -18.37,
            "at_2022_last_all": -18.37,
            "at_2023_last_all": -31.97,
            "at_2024_last_all": -31.97
        },
        "latest_eps": -0.45,
        "latest_price": 13.25,
        "latest_roe": -1.3,
        "latest_gross_margin": 18.88,
        "latest_equity": 912361,
        "latest_revenue": 306494,
        "latest_gross_profit": 57863,
        "latest_net_income": -14555,
        "latest_debt_ratio": 53.77,
        "latest_current_ratio": 97.09,
        "latest_account_receivable_turnover_ratio": 0.98,
        "latest_inventory_turnover_ratio": 0.78,
        "latest_reinvestment_rate": -153.79,
        "latest_research_to_sale_ratio": 0.63
    },
    "eps_dividends": {
        "2001": {
            "cash": 0,
            "stock": 0,
            "eps": 0
        },
        "2002": {
            "cash": 0,
            "stock": 0,
            "eps": 0
        },
        "2003": {
            "cash": 0,
            "stock": 0,
            "eps": 0
        },
        "2004": {
            "cash": 0,
            "stock": 0,
            "eps": 0
        },
        "2005": {
            "cash": 0,
            "stock": 0,
            "eps": 0
        },
        "2006": {
            "cash": 0,
            "stock": 0,
            "eps": 0
        },
        "2007": {
            "cash": 0,
            "stock": 0,
            "eps": 0
        },
        "2008": {
            "cash": 0,
            "stock": 0,
            "eps": 0
        },
        "2009": {
            "cash": 0,
            "stock": 0,
            "eps": 0
        },
        "2010": {
            "cash": 0,
            "stock": 0.9,
            "eps": 0
        },
        "2011": {
            "cash": 1.2,
            "stock": 0.8,
            "eps": -0.01
        },
        "2012": {
            "cash": 0.45,
            "stock": 0.45,
            "eps": 0.83
        },
        "2013": {
            "cash": 0.8,
            "stock": 0.1,
            "eps": -0.96
        },
        "2014": {
            "cash": 0,
            "stock": 0,
            "eps": -2.81
        },
        "2015": {
            "cash": 0,
            "stock": 0,
            "eps": 0.79
        },
        "2016": {
            "cash": 0.5,
            "stock": 0,
            "eps": 1.84
        },
        "2017": {
            "cash": 1.18,
            "stock": 0,
            "eps": 0.15
        },
        "2018": {
            "cash": 0.3,
            "stock": 0,
            "eps": 0.69
        },
        "2019": {
            "cash": 0.35,
            "stock": 0.25,
            "eps": -0.21
        },
        "2020": {
            "cash": 0,
            "stock": 0,
            "eps": -1.88
        },
        "2021": {
            "cash": 0,
            "stock": 0,
            "eps": -2.07
        },
        "2022": {
            "cash": 0,
            "stock": 0,
            "eps": 8.66
        },
        "2023": {
            "cash": 1,
            "stock": 0,
            "eps": -0.46
        }
    },
    "dividends": {
        "2010-04-19": {
            "cash": 0,
            "stock": 0.9
        },
        "2011-03-29": {
            "cash": 1.2,
            "stock": 0.8
        },
        "2012-05-28": {
            "cash": 0.45,
            "stock": 0.45
        },
        "2013-06-21": {
            "cash": 0.8,
            "stock": 0.1
        },
        "2016-08-24": {
            "cash": 0.5,
            "stock": 0
        },
        "2017-08-15": {
            "cash": 1.18,
            "stock": 0
        },
        "2018-07-31": {
            "cash": 0.3,
            "stock": 0
        },
        "2019-09-27": {
            "cash": 0.35,
            "stock": 0.25
        },
        "2023-08-08": {
            "cash": 1,
            "stock": 0
        }
    },
    "prices": {
        "200101": "無",
        "200102": "無",
        "200103": "無",
        "200104": "無",
        "200105": "無",
        "200106": "無",
        "200107": "無",
        "200108": "無",
        "200109": "無",
        "200110": "無",
        "200111": "無",
        "200112": "無",
        "200201": "無",
        "200202": "無",
        "200203": "無",
        "200204": "無",
        "200205": "無",
        "200206": "無",
        "200207": "無",
        "200208": "無",
        "200209": "無",
        "200210": "無",
        "200211": "無",
        "200212": "無",
        "200301": "無",
        "200302": "無",
        "200303": "無",
        "200304": "無",
        "200305": "無",
        "200306": "無",
        "200307": "無",
        "200308": "無",
        "200309": "無",
        "200310": "無",
        "200311": "無",
        "200312": "無",
        "200401": "無",
        "200402": "無",
        "200403": "無",
        "200404": "無",
        "200405": "無",
        "200406": "無",
        "200407": "無",
        "200408": "無",
        "200409": "無",
        "200410": "無",
        "200411": "無",
        "200412": "無",
        "200501": "無",
        "200502": "無",
        "200503": "無",
        "200504": "無",
        "200505": "無",
        "200506": "無",
        "200507": "無",
        "200508": "無",
        "200509": "無",
        "200510": "無",
        "200511": "無",
        "200512": "無",
        "200601": "無",
        "200602": "無",
        "200603": "無",
        "200604": "無",
        "200605": "無",
        "200606": "無",
        "200607": "無",
        "200608": "無",
        "200609": "無",
        "200610": "無",
        "200611": "無",
        "200612": "無",
        "200701": "無",
        "200702": "無",
        "200703": "無",
        "200704": "無",
        "200705": "無",
        "200706": "無",
        "200707": "無",
        "200708": "無",
        "200709": "無",
        "200710": "無",
        "200711": "無",
        "200712": "無",
        "200801": "無",
        "200802": "無",
        "200803": "無",
        "200804": "無",
        "200805": "無",
        "200806": "無",
        "200807": "無",
        "200808": "無",
        "200809": "無",
        "200810": "無",
        "200811": "無",
        "200812": "無",
        "200901": "無",
        "200902": "無",
        "200903": "無",
        "200904": "無",
        "200905": "無",
        "200906": "無",
        "200907": "無",
        "200908": "無",
        "200909": "無",
        "200910": "無",
        "200911": "無",
        "200912": "無",
        "201001": "無",
        "201002": "無",
        "201003": "無",
        "201004": "無",
        "201005": "無",
        "201006": "無",
        "201007": "無",
        "201008": "無",
        "201009": "無",
        "201010": "39.04",
        "201011": "35.60",
        "201012": "38.22",
        "201101": "40.23",
        "201102": "40.91",
        "201103": "40.03",
        "201104": "39.54",
        "201105": "40.83",
        "201106": "37.50",
        "201107": "34.09",
        "201108": "31.53",
        "201109": "29.16",
        "201110": "25.86",
        "201111": "28.55",
        "201112": "30.74",
        "201201": "30.28",
        "201202": "29.40",
        "201203": "30.28",
        "201204": "30.94",
        "201205": "30.69",
        "201206": "29.28",
        "201207": "29.03",
        "201208": "25.91",
        "201209": "26.48",
        "201210": "26.58",
        "201211": "22.03",
        "201212": "20.81",
        "201301": "19.49",
        "201302": "19.28",
        "201303": "20.21",
        "201304": "19.12",
        "201305": "18.25",
        "201306": "17.14",
        "201307": "16.12",
        "201308": "15.41",
        "201309": "15.68",
        "201310": "15.71",
        "201311": "15.27",
        "201312": "15.07",
        "201401": "15.64",
        "201402": "15.67",
        "201403": "18.05",
        "201404": "17.29",
        "201405": "16.33",
        "201406": "15.83",
        "201407": "15.45",
        "201408": "14.70",
        "201409": "14.89",
        "201410": "13.58",
        "201411": "12.83",
        "201412": "12.27",
        "201501": "12.18",
        "201502": "12.22",
        "201503": "12.35",
        "201504": "12.63",
        "201505": "11.84",
        "201506": "10.29",
        "201507": "10.23",
        "201508": "10.89",
        "201509": "11.39",
        "201510": "12.39",
        "201511": "12.84",
        "201512": "12.39",
        "201601": "12.31",
        "201602": "13.15",
        "201603": "13.15",
        "201604": "12.90",
        "201605": "14.56",
        "201606": "23.01",
        "201607": "21.66",
        "201608": "23.31",
        "201609": "23.04",
        "201610": "20.42",
        "201611": "18.67",
        "201612": "18.51",
        "201701": "19.48",
        "201702": "19.94",
        "201703": "20.18",
        "201704": "19.69",
        "201705": "19.04",
        "201706": "19.21",
        "201707": "18.05",
        "201708": "16.88",
        "201709": "16.58",
        "201710": "16.67",
        "201711": "16.84",
        "201712": "16.97",
        "201801": "16.17",
        "201802": "15.10",
        "201803": "16.37",
        "201804": "16.38",
        "201805": "15.27",
        "201806": "14.01",
        "201807": "13.49",
        "201808": "15.15",
        "201809": "16.76",
        "201810": "17.25",
        "201811": "17.21",
        "201812": "18.11",
        "201901": "17.54",
        "201902": "18.31",
        "201903": "17.39",
        "201904": "15.92",
        "201905": "15.84",
        "201906": "15.82",
        "201907": "15.68",
        "201908": "15.14",
        "201909": "14.13",
        "201910": "13.41",
        "201911": "12.89",
        "201912": "12.70",
        "202001": "11.95",
        "202002": "10.15",
        "202003": "9.63",
        "202004": "9.57",
        "202005": "9.85",
        "202006": "10.06",
        "202007": "10.15",
        "202008": "9.72",
        "202009": "9.61",
        "202010": "9.95",
        "202011": "9.85",
        "202012": "9.61",
        "202101": "9.36",
        "202102": "9.22",
        "202103": "9.59",
        "202104": "9.95",
        "202105": "9.60",
        "202106": "9.82",
        "202107": "10.31",
        "202108": "9.71",
        "202109": "9.72",
        "202110": "9.95",
        "202111": "10.05",
        "202112": "12.32",
        "202201": "13.20",
        "202202": "13.73",
        "202203": "13.77",
        "202204": "14.11",
        "202205": "14.85",
        "202206": "17.93",
        "202207": "16.19",
        "202208": "17.77",
        "202209": "16.96",
        "202210": "13.60",
        "202211": "14.96",
        "202212": "15.40",
        "202301": "15.30",
        "202302": "16.87",
        "202303": "17.45",
        "202304": "16.34",
        "202305": "14.77",
        "202306": "15.03",
        "202307": "14.28",
        "202308": "12.96",
        "202309": "13.00",
        "202310": "12.54",
        "202311": "12.70",
        "202312": "13.26",
        "202401": "13.66",
        "202402": "14.23",
        "202403": "13.77",
        "202404": "無"
    },
    "quarters": {
        "20011": {
            "year_quarter": 20011,
            "year": 2001,
            "quarter": 1,
            "eps": null,
            "eps_growth_year": null,
            "eps_4q": null,
            "eps_4q_growth_year": null,
            "roe": null,
            "roe_4q": 0,
            "gross_profit": null,
            "gross_margin": null,
            "gross_margin_4q_avg": 0,
            "net_income": null,
            "net_income_4q": null,
            "revenue": null,
            "revenue_4q": null,
            "common_shares": null,
            "book_valuer_per_share": null,
            "book_valuer_per_share_4q_avg": 0,
            "equity": null,
            "current_ratio": null,
            "debt_ratio": null,
            "inventory_turnover_ratio": null,
            "account_receivable_turnover_ratio": null,
            "reinvestment_rate": null,
            "research_to_sale_ratio": null,
            "price_fair": 0,
            "eps_avg_yearly": 0,
            "eps_latest_yearly": 0,
            "eps_growth_yearly": 0
        },
        "20012": {
            "year_quarter": 20012,
            "year": 2001,
            "quarter": 2,
            "eps": null,
            "eps_growth_year": null,
            "eps_4q": null,
            "eps_4q_growth_year": null,
            "roe": null,
            "roe_4q": 0,
            "gross_profit": null,
            "gross_margin": null,
            "gross_margin_4q_avg": 0,
            "net_income": null,
            "net_income_4q": null,
            "revenue": null,
            "revenue_4q": null,
            "common_shares": null,
            "book_valuer_per_share": null,
            "book_valuer_per_share_4q_avg": 0,
            "equity": null,
            "current_ratio": null,
            "debt_ratio": null,
            "inventory_turnover_ratio": null,
            "account_receivable_turnover_ratio": null,
            "reinvestment_rate": null,
            "research_to_sale_ratio": null,
            "price_fair": 0,
            "eps_avg_yearly": 0,
            "eps_latest_yearly": 0,
            "eps_growth_yearly": 0
        },
        "20013": {
            "year_quarter": 20013,
            "year": 2001,
            "quarter": 3,
            "eps": null,
            "eps_growth_year": null,
            "eps_4q": null,
            "eps_4q_growth_year": null,
            "roe": null,
            "roe_4q": 0,
            "gross_profit": null,
            "gross_margin": null,
            "gross_margin_4q_avg": 0,
            "net_income": null,
            "net_income_4q": null,
            "revenue": null,
            "revenue_4q": null,
            "common_shares": null,
            "book_valuer_per_share": null,
            "book_valuer_per_share_4q_avg": 0,
            "equity": null,
            "current_ratio": null,
            "debt_ratio": null,
            "inventory_turnover_ratio": null,
            "account_receivable_turnover_ratio": null,
            "reinvestment_rate": null,
            "research_to_sale_ratio": null,
            "price_fair": 0,
            "eps_avg_yearly": 0,
            "eps_latest_yearly": 0,
            "eps_growth_yearly": 0
        },
        "20014": {
            "year_quarter": 20014,
            "year": 2001,
            "quarter": 4,
            "eps": null,
            "eps_growth_year": null,
            "eps_4q": null,
            "eps_4q_growth_year": null,
            "roe": null,
            "roe_4q": 0,
            "gross_profit": null,
            "gross_margin": null,
            "gross_margin_4q_avg": 0,
            "net_income": null,
            "net_income_4q": null,
            "revenue": null,
            "revenue_4q": null,
            "common_shares": null,
            "book_valuer_per_share": null,
            "book_valuer_per_share_4q_avg": 0,
            "equity": null,
            "current_ratio": null,
            "debt_ratio": null,
            "inventory_turnover_ratio": null,
            "account_receivable_turnover_ratio": null,
            "reinvestment_rate": null,
            "research_to_sale_ratio": null,
            "price_fair": 0,
            "eps_avg_yearly": 0,
            "eps_latest_yearly": 0,
            "eps_growth_yearly": 0
        },
        "20021": {
            "year_quarter": 20021,
            "year": 2002,
            "quarter": 1,
            "eps": null,
            "eps_growth_year": null,
            "eps_4q": null,
            "eps_4q_growth_year": null,
            "roe": null,
            "roe_4q": 0,
            "gross_profit": null,
            "gross_margin": null,
            "gross_margin_4q_avg": 0,
            "net_income": null,
            "net_income_4q": null,
            "revenue": null,
            "revenue_4q": null,
            "common_shares": null,
            "book_valuer_per_share": null,
            "book_valuer_per_share_4q_avg": 0,
            "equity": null,
            "current_ratio": null,
            "debt_ratio": null,
            "inventory_turnover_ratio": null,
            "account_receivable_turnover_ratio": null,
            "reinvestment_rate": null,
            "research_to_sale_ratio": null,
            "price_fair": 0,
            "eps_avg_yearly": 0,
            "eps_latest_yearly": 0,
            "eps_growth_yearly": 0
        },
        "20022": {
            "year_quarter": 20022,
            "year": 2002,
            "quarter": 2,
            "eps": null,
            "eps_growth_year": null,
            "eps_4q": null,
            "eps_4q_growth_year": null,
            "roe": null,
            "roe_4q": 0,
            "gross_profit": null,
            "gross_margin": null,
            "gross_margin_4q_avg": 0,
            "net_income": null,
            "net_income_4q": null,
            "revenue": null,
            "revenue_4q": null,
            "common_shares": null,
            "book_valuer_per_share": null,
            "book_valuer_per_share_4q_avg": 0,
            "equity": null,
            "current_ratio": null,
            "debt_ratio": null,
            "inventory_turnover_ratio": null,
            "account_receivable_turnover_ratio": null,
            "reinvestment_rate": null,
            "research_to_sale_ratio": null,
            "price_fair": 0,
            "eps_avg_yearly": 0,
            "eps_latest_yearly": 0,
            "eps_growth_yearly": 0
        },
        "20023": {
            "year_quarter": 20023,
            "year": 2002,
            "quarter": 3,
            "eps": null,
            "eps_growth_year": null,
            "eps_4q": null,
            "eps_4q_growth_year": null,
            "roe": null,
            "roe_4q": 0,
            "gross_profit": null,
            "gross_margin": null,
            "gross_margin_4q_avg": 0,
            "net_income": null,
            "net_income_4q": null,
            "revenue": null,
            "revenue_4q": null,
            "common_shares": null,
            "book_valuer_per_share": null,
            "book_valuer_per_share_4q_avg": 0,
            "equity": null,
            "current_ratio": null,
            "debt_ratio": null,
            "inventory_turnover_ratio": null,
            "account_receivable_turnover_ratio": null,
            "reinvestment_rate": null,
            "research_to_sale_ratio": null,
            "price_fair": 0,
            "eps_avg_yearly": 0,
            "eps_latest_yearly": 0,
            "eps_growth_yearly": 0
        },
        "20024": {
            "year_quarter": 20024,
            "year": 2002,
            "quarter": 4,
            "eps": null,
            "eps_growth_year": null,
            "eps_4q": null,
            "eps_4q_growth_year": null,
            "roe": null,
            "roe_4q": 0,
            "gross_profit": null,
            "gross_margin": null,
            "gross_margin_4q_avg": 0,
            "net_income": null,
            "net_income_4q": null,
            "revenue": null,
            "revenue_4q": null,
            "common_shares": null,
            "book_valuer_per_share": null,
            "book_valuer_per_share_4q_avg": 0,
            "equity": null,
            "current_ratio": null,
            "debt_ratio": null,
            "inventory_turnover_ratio": null,
            "account_receivable_turnover_ratio": null,
            "reinvestment_rate": null,
            "research_to_sale_ratio": null,
            "price_fair": 0,
            "eps_avg_yearly": 0,
            "eps_latest_yearly": 0,
            "eps_growth_yearly": 0
        },
        "20031": {
            "year_quarter": 20031,
            "year": 2003,
            "quarter": 1,
            "eps": null,
            "eps_growth_year": null,
            "eps_4q": null,
            "eps_4q_growth_year": null,
            "roe": null,
            "roe_4q": 0,
            "gross_profit": null,
            "gross_margin": null,
            "gross_margin_4q_avg": 0,
            "net_income": null,
            "net_income_4q": null,
            "revenue": null,
            "revenue_4q": null,
            "common_shares": null,
            "book_valuer_per_share": null,
            "book_valuer_per_share_4q_avg": 0,
            "equity": null,
            "current_ratio": null,
            "debt_ratio": null,
            "inventory_turnover_ratio": null,
            "account_receivable_turnover_ratio": null,
            "reinvestment_rate": null,
            "research_to_sale_ratio": null,
            "price_fair": 0,
            "eps_avg_yearly": 0,
            "eps_latest_yearly": 0,
            "eps_growth_yearly": 0
        },
        "20032": {
            "year_quarter": 20032,
            "year": 2003,
            "quarter": 2,
            "eps": null,
            "eps_growth_year": null,
            "eps_4q": null,
            "eps_4q_growth_year": null,
            "roe": null,
            "roe_4q": 0,
            "gross_profit": null,
            "gross_margin": null,
            "gross_margin_4q_avg": 0,
            "net_income": null,
            "net_income_4q": null,
            "revenue": null,
            "revenue_4q": null,
            "common_shares": null,
            "book_valuer_per_share": null,
            "book_valuer_per_share_4q_avg": 0,
            "equity": null,
            "current_ratio": null,
            "debt_ratio": null,
            "inventory_turnover_ratio": null,
            "account_receivable_turnover_ratio": null,
            "reinvestment_rate": null,
            "research_to_sale_ratio": null,
            "price_fair": 0,
            "eps_avg_yearly": 0,
            "eps_latest_yearly": 0,
            "eps_growth_yearly": 0
        },
        "20033": {
            "year_quarter": 20033,
            "year": 2003,
            "quarter": 3,
            "eps": null,
            "eps_growth_year": null,
            "eps_4q": null,
            "eps_4q_growth_year": null,
            "roe": null,
            "roe_4q": 0,
            "gross_profit": null,
            "gross_margin": null,
            "gross_margin_4q_avg": 0,
            "net_income": null,
            "net_income_4q": null,
            "revenue": null,
            "revenue_4q": null,
            "common_shares": null,
            "book_valuer_per_share": null,
            "book_valuer_per_share_4q_avg": 0,
            "equity": null,
            "current_ratio": null,
            "debt_ratio": null,
            "inventory_turnover_ratio": null,
            "account_receivable_turnover_ratio": null,
            "reinvestment_rate": null,
            "research_to_sale_ratio": null,
            "price_fair": 0,
            "eps_avg_yearly": 0,
            "eps_latest_yearly": 0,
            "eps_growth_yearly": 0
        },
        "20034": {
            "year_quarter": 20034,
            "year": 2003,
            "quarter": 4,
            "eps": null,
            "eps_growth_year": null,
            "eps_4q": null,
            "eps_4q_growth_year": null,
            "roe": null,
            "roe_4q": 0,
            "gross_profit": null,
            "gross_margin": null,
            "gross_margin_4q_avg": 0,
            "net_income": null,
            "net_income_4q": null,
            "revenue": null,
            "revenue_4q": null,
            "common_shares": null,
            "book_valuer_per_share": null,
            "book_valuer_per_share_4q_avg": 0,
            "equity": null,
            "current_ratio": null,
            "debt_ratio": null,
            "inventory_turnover_ratio": null,
            "account_receivable_turnover_ratio": null,
            "reinvestment_rate": null,
            "research_to_sale_ratio": null,
            "price_fair": 0,
            "eps_avg_yearly": 0,
            "eps_latest_yearly": 0,
            "eps_growth_yearly": 0
        },
        "20041": {
            "year_quarter": 20041,
            "year": 2004,
            "quarter": 1,
            "eps": null,
            "eps_growth_year": null,
            "eps_4q": null,
            "eps_4q_growth_year": null,
            "roe": null,
            "roe_4q": 0,
            "gross_profit": null,
            "gross_margin": null,
            "gross_margin_4q_avg": 0,
            "net_income": null,
            "net_income_4q": null,
            "revenue": null,
            "revenue_4q": null,
            "common_shares": null,
            "book_valuer_per_share": null,
            "book_valuer_per_share_4q_avg": 0,
            "equity": null,
            "current_ratio": null,
            "debt_ratio": null,
            "inventory_turnover_ratio": null,
            "account_receivable_turnover_ratio": null,
            "reinvestment_rate": null,
            "research_to_sale_ratio": null,
            "price_fair": 0,
            "eps_avg_yearly": 0,
            "eps_latest_yearly": 0,
            "eps_growth_yearly": 0
        },
        "20042": {
            "year_quarter": 20042,
            "year": 2004,
            "quarter": 2,
            "eps": null,
            "eps_growth_year": null,
            "eps_4q": null,
            "eps_4q_growth_year": null,
            "roe": null,
            "roe_4q": 0,
            "gross_profit": null,
            "gross_margin": null,
            "gross_margin_4q_avg": 0,
            "net_income": null,
            "net_income_4q": null,
            "revenue": null,
            "revenue_4q": null,
            "common_shares": null,
            "book_valuer_per_share": null,
            "book_valuer_per_share_4q_avg": 0,
            "equity": null,
            "current_ratio": null,
            "debt_ratio": null,
            "inventory_turnover_ratio": null,
            "account_receivable_turnover_ratio": null,
            "reinvestment_rate": null,
            "research_to_sale_ratio": null,
            "price_fair": 0,
            "eps_avg_yearly": 0,
            "eps_latest_yearly": 0,
            "eps_growth_yearly": 0
        },
        "20043": {
            "year_quarter": 20043,
            "year": 2004,
            "quarter": 3,
            "eps": null,
            "eps_growth_year": null,
            "eps_4q": null,
            "eps_4q_growth_year": null,
            "roe": null,
            "roe_4q": 0,
            "gross_profit": null,
            "gross_margin": null,
            "gross_margin_4q_avg": 0,
            "net_income": null,
            "net_income_4q": null,
            "revenue": null,
            "revenue_4q": null,
            "common_shares": null,
            "book_valuer_per_share": null,
            "book_valuer_per_share_4q_avg": 0,
            "equity": null,
            "current_ratio": null,
            "debt_ratio": null,
            "inventory_turnover_ratio": null,
            "account_receivable_turnover_ratio": null,
            "reinvestment_rate": null,
            "research_to_sale_ratio": null,
            "price_fair": 0,
            "eps_avg_yearly": 0,
            "eps_latest_yearly": 0,
            "eps_growth_yearly": 0
        },
        "20044": {
            "year_quarter": 20044,
            "year": 2004,
            "quarter": 4,
            "eps": null,
            "eps_growth_year": null,
            "eps_4q": null,
            "eps_4q_growth_year": null,
            "roe": null,
            "roe_4q": 0,
            "gross_profit": null,
            "gross_margin": null,
            "gross_margin_4q_avg": 0,
            "net_income": null,
            "net_income_4q": null,
            "revenue": null,
            "revenue_4q": null,
            "common_shares": null,
            "book_valuer_per_share": null,
            "book_valuer_per_share_4q_avg": 0,
            "equity": null,
            "current_ratio": null,
            "debt_ratio": null,
            "inventory_turnover_ratio": null,
            "account_receivable_turnover_ratio": null,
            "reinvestment_rate": null,
            "research_to_sale_ratio": null,
            "price_fair": 0,
            "eps_avg_yearly": 0,
            "eps_latest_yearly": 0,
            "eps_growth_yearly": 0
        },
        "20051": {
            "year_quarter": 20051,
            "year": 2005,
            "quarter": 1,
            "eps": null,
            "eps_growth_year": null,
            "eps_4q": null,
            "eps_4q_growth_year": null,
            "roe": null,
            "roe_4q": 0,
            "gross_profit": null,
            "gross_margin": null,
            "gross_margin_4q_avg": 0,
            "net_income": null,
            "net_income_4q": null,
            "revenue": null,
            "revenue_4q": null,
            "common_shares": null,
            "book_valuer_per_share": null,
            "book_valuer_per_share_4q_avg": 0,
            "equity": null,
            "current_ratio": null,
            "debt_ratio": null,
            "inventory_turnover_ratio": null,
            "account_receivable_turnover_ratio": null,
            "reinvestment_rate": null,
            "research_to_sale_ratio": null,
            "price_fair": 0,
            "eps_avg_yearly": 0,
            "eps_latest_yearly": 0,
            "eps_growth_yearly": 0
        },
        "20052": {
            "year_quarter": 20052,
            "year": 2005,
            "quarter": 2,
            "eps": null,
            "eps_growth_year": null,
            "eps_4q": null,
            "eps_4q_growth_year": null,
            "roe": null,
            "roe_4q": 0,
            "gross_profit": null,
            "gross_margin": null,
            "gross_margin_4q_avg": 0,
            "net_income": null,
            "net_income_4q": null,
            "revenue": null,
            "revenue_4q": null,
            "common_shares": null,
            "book_valuer_per_share": null,
            "book_valuer_per_share_4q_avg": 0,
            "equity": null,
            "current_ratio": null,
            "debt_ratio": null,
            "inventory_turnover_ratio": null,
            "account_receivable_turnover_ratio": null,
            "reinvestment_rate": null,
            "research_to_sale_ratio": null,
            "price_fair": 0,
            "eps_avg_yearly": 0,
            "eps_latest_yearly": 0,
            "eps_growth_yearly": 0
        },
        "20053": {
            "year_quarter": 20053,
            "year": 2005,
            "quarter": 3,
            "eps": null,
            "eps_growth_year": null,
            "eps_4q": null,
            "eps_4q_growth_year": null,
            "roe": null,
            "roe_4q": 0,
            "gross_profit": null,
            "gross_margin": null,
            "gross_margin_4q_avg": 0,
            "net_income": null,
            "net_income_4q": null,
            "revenue": null,
            "revenue_4q": null,
            "common_shares": null,
            "book_valuer_per_share": null,
            "book_valuer_per_share_4q_avg": 0,
            "equity": null,
            "current_ratio": null,
            "debt_ratio": null,
            "inventory_turnover_ratio": null,
            "account_receivable_turnover_ratio": null,
            "reinvestment_rate": null,
            "research_to_sale_ratio": null,
            "price_fair": 0,
            "eps_avg_yearly": 0,
            "eps_latest_yearly": 0,
            "eps_growth_yearly": 0
        },
        "20054": {
            "year_quarter": 20054,
            "year": 2005,
            "quarter": 4,
            "eps": null,
            "eps_growth_year": null,
            "eps_4q": null,
            "eps_4q_growth_year": null,
            "roe": null,
            "roe_4q": 0,
            "gross_profit": null,
            "gross_margin": null,
            "gross_margin_4q_avg": 0,
            "net_income": null,
            "net_income_4q": null,
            "revenue": null,
            "revenue_4q": null,
            "common_shares": 58000,
            "book_valuer_per_share": 6.91,
            "book_valuer_per_share_4q_avg": 1.73,
            "equity": 40077,
            "current_ratio": 93.97,
            "debt_ratio": 77.35,
            "inventory_turnover_ratio": null,
            "account_receivable_turnover_ratio": null,
            "reinvestment_rate": null,
            "research_to_sale_ratio": null,
            "price_fair": 0,
            "eps_avg_yearly": 0,
            "eps_latest_yearly": 0,
            "eps_growth_yearly": 0
        },
        "20061": {
            "year_quarter": 20061,
            "year": 2006,
            "quarter": 1,
            "eps": null,
            "eps_growth_year": null,
            "eps_4q": null,
            "eps_4q_growth_year": null,
            "roe": null,
            "roe_4q": 0,
            "gross_profit": null,
            "gross_margin": null,
            "gross_margin_4q_avg": 0,
            "net_income": null,
            "net_income_4q": null,
            "revenue": null,
            "revenue_4q": null,
            "common_shares": null,
            "book_valuer_per_share": null,
            "book_valuer_per_share_4q_avg": 1.73,
            "equity": null,
            "current_ratio": null,
            "debt_ratio": null,
            "inventory_turnover_ratio": null,
            "account_receivable_turnover_ratio": null,
            "reinvestment_rate": null,
            "research_to_sale_ratio": null,
            "price_fair": 0,
            "eps_avg_yearly": 0,
            "eps_latest_yearly": 0,
            "eps_growth_yearly": 0
        },
        "20062": {
            "year_quarter": 20062,
            "year": 2006,
            "quarter": 2,
            "eps": null,
            "eps_growth_year": null,
            "eps_4q": null,
            "eps_4q_growth_year": null,
            "roe": null,
            "roe_4q": 0,
            "gross_profit": null,
            "gross_margin": null,
            "gross_margin_4q_avg": 0,
            "net_income": null,
            "net_income_4q": null,
            "revenue": null,
            "revenue_4q": null,
            "common_shares": null,
            "book_valuer_per_share": null,
            "book_valuer_per_share_4q_avg": 1.73,
            "equity": null,
            "current_ratio": null,
            "debt_ratio": null,
            "inventory_turnover_ratio": null,
            "account_receivable_turnover_ratio": null,
            "reinvestment_rate": null,
            "research_to_sale_ratio": null,
            "price_fair": 0,
            "eps_avg_yearly": 0,
            "eps_latest_yearly": 0,
            "eps_growth_yearly": 0
        },
        "20063": {
            "year_quarter": 20063,
            "year": 2006,
            "quarter": 3,
            "eps": null,
            "eps_growth_year": null,
            "eps_4q": null,
            "eps_4q_growth_year": null,
            "roe": null,
            "roe_4q": 0,
            "gross_profit": null,
            "gross_margin": null,
            "gross_margin_4q_avg": 0,
            "net_income": null,
            "net_income_4q": null,
            "revenue": null,
            "revenue_4q": null,
            "common_shares": null,
            "book_valuer_per_share": null,
            "book_valuer_per_share_4q_avg": 1.73,
            "equity": null,
            "current_ratio": null,
            "debt_ratio": null,
            "inventory_turnover_ratio": null,
            "account_receivable_turnover_ratio": null,
            "reinvestment_rate": null,
            "research_to_sale_ratio": null,
            "price_fair": 0,
            "eps_avg_yearly": 0,
            "eps_latest_yearly": 0,
            "eps_growth_yearly": 0
        },
        "20064": {
            "year_quarter": 20064,
            "year": 2006,
            "quarter": 4,
            "eps": null,
            "eps_growth_year": null,
            "eps_4q": null,
            "eps_4q_growth_year": null,
            "roe": null,
            "roe_4q": 0,
            "gross_profit": null,
            "gross_margin": null,
            "gross_margin_4q_avg": 0,
            "net_income": null,
            "net_income_4q": null,
            "revenue": null,
            "revenue_4q": null,
            "common_shares": 58000,
            "book_valuer_per_share": 7.53,
            "book_valuer_per_share_4q_avg": 1.88,
            "equity": 43675,
            "current_ratio": 104.04,
            "debt_ratio": 79.38,
            "inventory_turnover_ratio": null,
            "account_receivable_turnover_ratio": null,
            "reinvestment_rate": null,
            "research_to_sale_ratio": null,
            "price_fair": 0,
            "eps_avg_yearly": 0,
            "eps_latest_yearly": 0,
            "eps_growth_yearly": 0
        },
        "20071": {
            "year_quarter": 20071,
            "year": 2007,
            "quarter": 1,
            "eps": null,
            "eps_growth_year": null,
            "eps_4q": null,
            "eps_4q_growth_year": null,
            "roe": null,
            "roe_4q": 0,
            "gross_profit": null,
            "gross_margin": null,
            "gross_margin_4q_avg": 0,
            "net_income": null,
            "net_income_4q": null,
            "revenue": null,
            "revenue_4q": null,
            "common_shares": null,
            "book_valuer_per_share": null,
            "book_valuer_per_share_4q_avg": 1.88,
            "equity": null,
            "current_ratio": null,
            "debt_ratio": null,
            "inventory_turnover_ratio": null,
            "account_receivable_turnover_ratio": null,
            "reinvestment_rate": null,
            "research_to_sale_ratio": null,
            "price_fair": 0,
            "eps_avg_yearly": 0,
            "eps_latest_yearly": 0,
            "eps_growth_yearly": 0
        },
        "20072": {
            "year_quarter": 20072,
            "year": 2007,
            "quarter": 2,
            "eps": null,
            "eps_growth_year": null,
            "eps_4q": null,
            "eps_4q_growth_year": null,
            "roe": null,
            "roe_4q": 0,
            "gross_profit": null,
            "gross_margin": null,
            "gross_margin_4q_avg": 0,
            "net_income": null,
            "net_income_4q": null,
            "revenue": null,
            "revenue_4q": null,
            "common_shares": null,
            "book_valuer_per_share": null,
            "book_valuer_per_share_4q_avg": 1.88,
            "equity": null,
            "current_ratio": null,
            "debt_ratio": null,
            "inventory_turnover_ratio": null,
            "account_receivable_turnover_ratio": null,
            "reinvestment_rate": null,
            "research_to_sale_ratio": null,
            "price_fair": 0,
            "eps_avg_yearly": 0,
            "eps_latest_yearly": 0,
            "eps_growth_yearly": 0
        },
        "20073": {
            "year_quarter": 20073,
            "year": 2007,
            "quarter": 3,
            "eps": null,
            "eps_growth_year": null,
            "eps_4q": null,
            "eps_4q_growth_year": null,
            "roe": null,
            "roe_4q": 0,
            "gross_profit": null,
            "gross_margin": null,
            "gross_margin_4q_avg": 0,
            "net_income": null,
            "net_income_4q": null,
            "revenue": null,
            "revenue_4q": null,
            "common_shares": null,
            "book_valuer_per_share": null,
            "book_valuer_per_share_4q_avg": 1.88,
            "equity": null,
            "current_ratio": null,
            "debt_ratio": null,
            "inventory_turnover_ratio": null,
            "account_receivable_turnover_ratio": null,
            "reinvestment_rate": null,
            "research_to_sale_ratio": null,
            "price_fair": 0,
            "eps_avg_yearly": 0,
            "eps_latest_yearly": 0,
            "eps_growth_yearly": 0
        },
        "20074": {
            "year_quarter": 20074,
            "year": 2007,
            "quarter": 4,
            "eps": null,
            "eps_growth_year": null,
            "eps_4q": null,
            "eps_4q_growth_year": null,
            "roe": null,
            "roe_4q": 0,
            "gross_profit": null,
            "gross_margin": null,
            "gross_margin_4q_avg": 0,
            "net_income": null,
            "net_income_4q": null,
            "revenue": null,
            "revenue_4q": null,
            "common_shares": 100000,
            "book_valuer_per_share": 8.87,
            "book_valuer_per_share_4q_avg": 2.22,
            "equity": 88681,
            "current_ratio": 111.59,
            "debt_ratio": 81.66,
            "inventory_turnover_ratio": null,
            "account_receivable_turnover_ratio": null,
            "reinvestment_rate": null,
            "research_to_sale_ratio": null,
            "price_fair": 0,
            "eps_avg_yearly": 0,
            "eps_latest_yearly": 0,
            "eps_growth_yearly": 0
        },
        "20081": {
            "year_quarter": 20081,
            "year": 2008,
            "quarter": 1,
            "eps": null,
            "eps_growth_year": null,
            "eps_4q": null,
            "eps_4q_growth_year": null,
            "roe": null,
            "roe_4q": 0,
            "gross_profit": null,
            "gross_margin": null,
            "gross_margin_4q_avg": 0,
            "net_income": null,
            "net_income_4q": null,
            "revenue": null,
            "revenue_4q": null,
            "common_shares": null,
            "book_valuer_per_share": null,
            "book_valuer_per_share_4q_avg": 2.22,
            "equity": null,
            "current_ratio": null,
            "debt_ratio": null,
            "inventory_turnover_ratio": null,
            "account_receivable_turnover_ratio": null,
            "reinvestment_rate": null,
            "research_to_sale_ratio": null,
            "price_fair": 0,
            "eps_avg_yearly": 0,
            "eps_latest_yearly": 0,
            "eps_growth_yearly": 0
        },
        "20082": {
            "year_quarter": 20082,
            "year": 2008,
            "quarter": 2,
            "eps": null,
            "eps_growth_year": null,
            "eps_4q": null,
            "eps_4q_growth_year": null,
            "roe": null,
            "roe_4q": 0,
            "gross_profit": null,
            "gross_margin": null,
            "gross_margin_4q_avg": 0,
            "net_income": null,
            "net_income_4q": null,
            "revenue": null,
            "revenue_4q": null,
            "common_shares": null,
            "book_valuer_per_share": null,
            "book_valuer_per_share_4q_avg": 2.22,
            "equity": null,
            "current_ratio": null,
            "debt_ratio": null,
            "inventory_turnover_ratio": null,
            "account_receivable_turnover_ratio": null,
            "reinvestment_rate": null,
            "research_to_sale_ratio": null,
            "price_fair": 0,
            "eps_avg_yearly": 0,
            "eps_latest_yearly": 0,
            "eps_growth_yearly": 0
        },
        "20083": {
            "year_quarter": 20083,
            "year": 2008,
            "quarter": 3,
            "eps": null,
            "eps_growth_year": null,
            "eps_4q": null,
            "eps_4q_growth_year": null,
            "roe": null,
            "roe_4q": 0,
            "gross_profit": null,
            "gross_margin": null,
            "gross_margin_4q_avg": 0,
            "net_income": null,
            "net_income_4q": null,
            "revenue": null,
            "revenue_4q": null,
            "common_shares": null,
            "book_valuer_per_share": null,
            "book_valuer_per_share_4q_avg": 2.22,
            "equity": null,
            "current_ratio": null,
            "debt_ratio": null,
            "inventory_turnover_ratio": null,
            "account_receivable_turnover_ratio": null,
            "reinvestment_rate": null,
            "research_to_sale_ratio": null,
            "price_fair": 0,
            "eps_avg_yearly": 0,
            "eps_latest_yearly": 0,
            "eps_growth_yearly": 0
        },
        "20084": {
            "year_quarter": 20084,
            "year": 2008,
            "quarter": 4,
            "eps": null,
            "eps_growth_year": null,
            "eps_4q": null,
            "eps_4q_growth_year": null,
            "roe": null,
            "roe_4q": 0,
            "gross_profit": null,
            "gross_margin": null,
            "gross_margin_4q_avg": 0,
            "net_income": null,
            "net_income_4q": null,
            "revenue": null,
            "revenue_4q": null,
            "common_shares": 125000,
            "book_valuer_per_share": 9.24,
            "book_valuer_per_share_4q_avg": 2.31,
            "equity": 115530,
            "current_ratio": 108.86,
            "debt_ratio": 79.79,
            "inventory_turnover_ratio": null,
            "account_receivable_turnover_ratio": null,
            "reinvestment_rate": null,
            "research_to_sale_ratio": null,
            "price_fair": 0,
            "eps_avg_yearly": 0,
            "eps_latest_yearly": 0,
            "eps_growth_yearly": 0
        },
        "20091": {
            "year_quarter": 20091,
            "year": 2009,
            "quarter": 1,
            "eps": null,
            "eps_growth_year": null,
            "eps_4q": null,
            "eps_4q_growth_year": null,
            "roe": null,
            "roe_4q": 0,
            "gross_profit": null,
            "gross_margin": null,
            "gross_margin_4q_avg": 0,
            "net_income": null,
            "net_income_4q": null,
            "revenue": null,
            "revenue_4q": null,
            "common_shares": null,
            "book_valuer_per_share": null,
            "book_valuer_per_share_4q_avg": 2.31,
            "equity": null,
            "current_ratio": null,
            "debt_ratio": null,
            "inventory_turnover_ratio": null,
            "account_receivable_turnover_ratio": null,
            "reinvestment_rate": null,
            "research_to_sale_ratio": null,
            "price_fair": 0,
            "eps_avg_yearly": 0,
            "eps_latest_yearly": 0,
            "eps_growth_yearly": 0
        },
        "20092": {
            "year_quarter": 20092,
            "year": 2009,
            "quarter": 2,
            "eps": null,
            "eps_growth_year": null,
            "eps_4q": null,
            "eps_4q_growth_year": null,
            "roe": null,
            "roe_4q": 0,
            "gross_profit": null,
            "gross_margin": null,
            "gross_margin_4q_avg": 0,
            "net_income": null,
            "net_income_4q": null,
            "revenue": null,
            "revenue_4q": null,
            "common_shares": null,
            "book_valuer_per_share": null,
            "book_valuer_per_share_4q_avg": 2.31,
            "equity": null,
            "current_ratio": null,
            "debt_ratio": null,
            "inventory_turnover_ratio": null,
            "account_receivable_turnover_ratio": null,
            "reinvestment_rate": null,
            "research_to_sale_ratio": null,
            "price_fair": 0,
            "eps_avg_yearly": 0,
            "eps_latest_yearly": 0,
            "eps_growth_yearly": 0
        },
        "20093": {
            "year_quarter": 20093,
            "year": 2009,
            "quarter": 3,
            "eps": null,
            "eps_growth_year": null,
            "eps_4q": null,
            "eps_4q_growth_year": null,
            "roe": null,
            "roe_4q": 0,
            "gross_profit": null,
            "gross_margin": null,
            "gross_margin_4q_avg": 0,
            "net_income": null,
            "net_income_4q": null,
            "revenue": null,
            "revenue_4q": null,
            "common_shares": null,
            "book_valuer_per_share": null,
            "book_valuer_per_share_4q_avg": 2.31,
            "equity": null,
            "current_ratio": null,
            "debt_ratio": null,
            "inventory_turnover_ratio": null,
            "account_receivable_turnover_ratio": null,
            "reinvestment_rate": null,
            "research_to_sale_ratio": null,
            "price_fair": 0,
            "eps_avg_yearly": 0,
            "eps_latest_yearly": 0,
            "eps_growth_yearly": 0
        },
        "20094": {
            "year_quarter": 20094,
            "year": 2009,
            "quarter": 4,
            "eps": null,
            "eps_growth_year": null,
            "eps_4q": null,
            "eps_4q_growth_year": null,
            "roe": null,
            "roe_4q": 0,
            "gross_profit": null,
            "gross_margin": null,
            "gross_margin_4q_avg": 0,
            "net_income": null,
            "net_income_4q": null,
            "revenue": null,
            "revenue_4q": null,
            "common_shares": 190000,
            "book_valuer_per_share": 11.02,
            "book_valuer_per_share_4q_avg": 2.76,
            "equity": 209464,
            "current_ratio": 117.18,
            "debt_ratio": 69.8,
            "inventory_turnover_ratio": null,
            "account_receivable_turnover_ratio": null,
            "reinvestment_rate": null,
            "research_to_sale_ratio": null,
            "price_fair": 0,
            "eps_avg_yearly": 0,
            "eps_latest_yearly": 0,
            "eps_growth_yearly": 0
        },
        "20101": {
            "year_quarter": 20101,
            "year": 2010,
            "quarter": 1,
            "eps": null,
            "eps_growth_year": null,
            "eps_4q": null,
            "eps_4q_growth_year": null,
            "roe": null,
            "roe_4q": 0,
            "gross_profit": null,
            "gross_margin": null,
            "gross_margin_4q_avg": 0,
            "net_income": null,
            "net_income_4q": null,
            "revenue": null,
            "revenue_4q": null,
            "common_shares": null,
            "book_valuer_per_share": null,
            "book_valuer_per_share_4q_avg": 2.76,
            "equity": null,
            "current_ratio": null,
            "debt_ratio": null,
            "inventory_turnover_ratio": null,
            "account_receivable_turnover_ratio": null,
            "reinvestment_rate": null,
            "research_to_sale_ratio": null,
            "price_fair": 0,
            "eps_avg_yearly": 0,
            "eps_latest_yearly": 0,
            "eps_growth_yearly": 0
        },
        "20102": {
            "year_quarter": 20102,
            "year": 2010,
            "quarter": 2,
            "eps": null,
            "eps_growth_year": null,
            "eps_4q": null,
            "eps_4q_growth_year": null,
            "roe": null,
            "roe_4q": 0,
            "gross_profit": null,
            "gross_margin": null,
            "gross_margin_4q_avg": 0,
            "net_income": null,
            "net_income_4q": null,
            "revenue": null,
            "revenue_4q": null,
            "common_shares": 0,
            "book_valuer_per_share": null,
            "book_valuer_per_share_4q_avg": 2.76,
            "equity": 0,
            "current_ratio": null,
            "debt_ratio": null,
            "inventory_turnover_ratio": null,
            "account_receivable_turnover_ratio": null,
            "reinvestment_rate": null,
            "research_to_sale_ratio": null,
            "price_fair": 0,
            "eps_avg_yearly": 0,
            "eps_latest_yearly": 0,
            "eps_growth_yearly": 0
        },
        "20103": {
            "year_quarter": 20103,
            "year": 2010,
            "quarter": 3,
            "eps": null,
            "eps_growth_year": null,
            "eps_4q": null,
            "eps_4q_growth_year": null,
            "roe": null,
            "roe_4q": 0,
            "gross_profit": null,
            "gross_margin": null,
            "gross_margin_4q_avg": 0,
            "net_income": null,
            "net_income_4q": null,
            "revenue": null,
            "revenue_4q": null,
            "common_shares": null,
            "book_valuer_per_share": null,
            "book_valuer_per_share_4q_avg": 2.76,
            "equity": null,
            "current_ratio": null,
            "debt_ratio": null,
            "inventory_turnover_ratio": null,
            "account_receivable_turnover_ratio": null,
            "reinvestment_rate": null,
            "research_to_sale_ratio": null,
            "price_fair": 0,
            "eps_avg_yearly": 0,
            "eps_latest_yearly": 0,
            "eps_growth_yearly": 0
        },
        "20104": {
            "year_quarter": 20104,
            "year": 2010,
            "quarter": 4,
            "eps": null,
            "eps_growth_year": null,
            "eps_4q": null,
            "eps_4q_growth_year": null,
            "roe": null,
            "roe_4q": 0,
            "gross_profit": null,
            "gross_margin": null,
            "gross_margin_4q_avg": 0,
            "net_income": null,
            "net_income_4q": null,
            "revenue": null,
            "revenue_4q": null,
            "common_shares": 262980,
            "book_valuer_per_share": 16.28,
            "book_valuer_per_share_4q_avg": 4.07,
            "equity": 428053,
            "current_ratio": 117.77,
            "debt_ratio": 55.67,
            "inventory_turnover_ratio": null,
            "account_receivable_turnover_ratio": null,
            "reinvestment_rate": null,
            "research_to_sale_ratio": null,
            "price_fair": 0,
            "eps_avg_yearly": 0,
            "eps_latest_yearly": 0,
            "eps_growth_yearly": 0
        },
        "20111": {
            "year_quarter": 20111,
            "year": 2011,
            "quarter": 1,
            "eps": null,
            "eps_growth_year": null,
            "eps_4q": null,
            "eps_4q_growth_year": null,
            "roe": null,
            "roe_4q": 0,
            "gross_profit": 48526,
            "gross_margin": null,
            "gross_margin_4q_avg": 0,
            "net_income": 17990,
            "net_income_4q": null,
            "revenue": 175080,
            "revenue_4q": null,
            "common_shares": 262980,
            "book_valuer_per_share": 16.96,
            "book_valuer_per_share_4q_avg": 8.31,
            "equity": 446062,
            "current_ratio": 163.47,
            "debt_ratio": 59.47,
            "inventory_turnover_ratio": null,
            "account_receivable_turnover_ratio": null,
            "reinvestment_rate": null,
            "research_to_sale_ratio": null,
            "price_fair": 0,
            "eps_avg_yearly": 0,
            "eps_latest_yearly": 0,
            "eps_growth_yearly": 0
        },
        "20112": {
            "year_quarter": 20112,
            "year": 2011,
            "quarter": 2,
            "eps": -0.01,
            "eps_growth_year": null,
            "eps_4q": null,
            "eps_4q_growth_year": null,
            "roe": -0.08,
            "roe_4q": -0.08,
            "gross_profit": 57177,
            "gross_margin": 22.24,
            "gross_margin_4q_avg": 5.56,
            "net_income": -339,
            "net_income_4q": null,
            "revenue": 257109,
            "revenue_4q": null,
            "common_shares": 285983,
            "book_valuer_per_share": 14.53,
            "book_valuer_per_share_4q_avg": 11.94,
            "equity": 415574,
            "current_ratio": 155.52,
            "debt_ratio": 68.13,
            "inventory_turnover_ratio": 1.3,
            "account_receivable_turnover_ratio": 2.75,
            "reinvestment_rate": null,
            "research_to_sale_ratio": null,
            "price_fair": 0,
            "eps_avg_yearly": 0,
            "eps_latest_yearly": 0,
            "eps_growth_yearly": 0
        },
        "20113": {
            "year_quarter": 20113,
            "year": 2011,
            "quarter": 3,
            "eps": null,
            "eps_growth_year": null,
            "eps_4q": null,
            "eps_4q_growth_year": null,
            "roe": null,
            "roe_4q": -0.08,
            "gross_profit": 42838,
            "gross_margin": null,
            "gross_margin_4q_avg": 5.56,
            "net_income": 17414,
            "net_income_4q": null,
            "revenue": 201328,
            "revenue_4q": null,
            "common_shares": 285983,
            "book_valuer_per_share": 15.39,
            "book_valuer_per_share_4q_avg": 15.79,
            "equity": 440232,
            "current_ratio": 131.04,
            "debt_ratio": 64.93,
            "inventory_turnover_ratio": null,
            "account_receivable_turnover_ratio": null,
            "reinvestment_rate": null,
            "research_to_sale_ratio": null,
            "price_fair": 0,
            "eps_avg_yearly": 0,
            "eps_latest_yearly": 0,
            "eps_growth_yearly": 0
        },
        "20114": {
            "year_quarter": 20114,
            "year": 2011,
            "quarter": 4,
            "eps": null,
            "eps_growth_year": null,
            "eps_4q": null,
            "eps_4q_growth_year": null,
            "roe": null,
            "roe_4q": -0.08,
            "gross_profit": 190516,
            "gross_margin": null,
            "gross_margin_4q_avg": 5.56,
            "net_income": 31092,
            "net_income_4q": null,
            "revenue": 880636,
            "revenue_4q": null,
            "common_shares": 285983,
            "book_valuer_per_share": 15.05,
            "book_valuer_per_share_4q_avg": 15.48,
            "equity": 430447,
            "current_ratio": 166.48,
            "debt_ratio": 69.86,
            "inventory_turnover_ratio": null,
            "account_receivable_turnover_ratio": null,
            "reinvestment_rate": null,
            "research_to_sale_ratio": null,
            "price_fair": 0,
            "eps_avg_yearly": 0,
            "eps_latest_yearly": 0,
            "eps_growth_yearly": 0
        },
        "20121": {
            "year_quarter": 20121,
            "year": 2012,
            "quarter": 1,
            "eps": 0.38,
            "eps_growth_year": null,
            "eps_4q": 0.37,
            "eps_4q_growth_year": null,
            "roe": 2.5,
            "roe_4q": 2.42,
            "gross_profit": 68157,
            "gross_margin": 27.99,
            "gross_margin_4q_avg": 12.56,
            "net_income": 10904,
            "net_income_4q": null,
            "revenue": 243485,
            "revenue_4q": null,
            "common_shares": 285983,
            "book_valuer_per_share": 15.4,
            "book_valuer_per_share_4q_avg": 15.09,
            "equity": 440380,
            "current_ratio": 140.17,
            "debt_ratio": 70.12,
            "inventory_turnover_ratio": 0.94,
            "account_receivable_turnover_ratio": 1.16,
            "reinvestment_rate": null,
            "research_to_sale_ratio": 1.6,
            "price_fair": 0,
            "eps_avg_yearly": 0,
            "eps_latest_yearly": 0,
            "eps_growth_yearly": 0
        },
        "20122": {
            "year_quarter": 20122,
            "year": 2012,
            "quarter": 2,
            "eps": 0.41,
            "eps_growth_year": null,
            "eps_4q": 0.78,
            "eps_4q_growth_year": null,
            "roe": 2.79,
            "roe_4q": 5.29,
            "gross_profit": 60344,
            "gross_margin": 20.27,
            "gross_margin_4q_avg": 12.07,
            "net_income": 12272,
            "net_income_4q": null,
            "revenue": 297740,
            "revenue_4q": null,
            "common_shares": 285983,
            "book_valuer_per_share": 15.31,
            "book_valuer_per_share_4q_avg": 15.29,
            "equity": 437927,
            "current_ratio": 118.89,
            "debt_ratio": 71.86,
            "inventory_turnover_ratio": 1.33,
            "account_receivable_turnover_ratio": 1.29,
            "reinvestment_rate": null,
            "research_to_sale_ratio": 0.98,
            "price_fair": 57.4,
            "eps_avg_yearly": 1.64,
            "eps_latest_yearly": 1.64,
            "eps_growth_yearly": 31.58
        },
        "20123": {
            "year_quarter": 20123,
            "year": 2012,
            "quarter": 3,
            "eps": 0.11,
            "eps_growth_year": null,
            "eps_4q": 0.79,
            "eps_4q_growth_year": null,
            "roe": 0.77,
            "roe_4q": 6.0600000000000005,
            "gross_profit": 54778,
            "gross_margin": 23.59,
            "gross_margin_4q_avg": 17.96,
            "net_income": 3729,
            "net_income_4q": null,
            "revenue": 232222,
            "revenue_4q": null,
            "common_shares": 338852,
            "book_valuer_per_share": 15.56,
            "book_valuer_per_share_4q_avg": 15.33,
            "equity": 527116,
            "current_ratio": 135.39,
            "debt_ratio": 65.83,
            "inventory_turnover_ratio": 1.1,
            "account_receivable_turnover_ratio": 0.96,
            "reinvestment_rate": null,
            "research_to_sale_ratio": 1.36,
            "price_fair": 3.12,
            "eps_avg_yearly": 1.04,
            "eps_latest_yearly": 0.44,
            "eps_growth_yearly": -130.55
        },
        "20124": {
            "year_quarter": 20124,
            "year": 2012,
            "quarter": 4,
            "eps": -0.07,
            "eps_growth_year": null,
            "eps_4q": 0.63,
            "eps_4q_growth_year": null,
            "roe": -0.48,
            "roe_4q": 5.58,
            "gross_profit": 50345,
            "gross_margin": 22.09,
            "gross_margin_4q_avg": 23.49,
            "net_income": -2745,
            "net_income_4q": null,
            "revenue": 227878,
            "revenue_4q": null,
            "common_shares": 381212,
            "book_valuer_per_share": 16.12,
            "book_valuer_per_share_4q_avg": 15.6,
            "equity": 614435,
            "current_ratio": 152.06,
            "debt_ratio": 61.88,
            "inventory_turnover_ratio": 1.24,
            "account_receivable_turnover_ratio": 0.99,
            "reinvestment_rate": null,
            "research_to_sale_ratio": 1.94,
            "price_fair": 3.12,
            "eps_avg_yearly": 1.04,
            "eps_latest_yearly": 0.44,
            "eps_growth_yearly": -130.55
        },
        "20131": {
            "year_quarter": 20131,
            "year": 2013,
            "quarter": 1,
            "eps": 0.13,
            "eps_growth_year": -65.79,
            "eps_4q": 0.48,
            "eps_4q_growth_year": 29.49,
            "roe": 0.7,
            "roe_4q": 3.7800000000000002,
            "gross_profit": 45981,
            "gross_margin": 21.3,
            "gross_margin_4q_avg": 21.81,
            "net_income": 4447,
            "net_income_4q": null,
            "revenue": 215897,
            "revenue_4q": null,
            "common_shares": 381212,
            "book_valuer_per_share": 16.46,
            "book_valuer_per_share_4q_avg": 15.86,
            "equity": 663153,
            "current_ratio": 137.95,
            "debt_ratio": 62.25,
            "inventory_turnover_ratio": 1.22,
            "account_receivable_turnover_ratio": 0.93,
            "reinvestment_rate": null,
            "research_to_sale_ratio": 1.11,
            "price_fair": 3.12,
            "eps_avg_yearly": 1.04,
            "eps_latest_yearly": 0.44,
            "eps_growth_yearly": -130.55
        },
        "20132": {
            "year_quarter": 20132,
            "year": 2013,
            "quarter": 2,
            "eps": -0.09,
            "eps_growth_year": -121.92,
            "eps_4q": 0.06,
            "eps_4q_growth_year": -91.95,
            "roe": -0.95,
            "roe_4q": 0.040000000000000036,
            "gross_profit": 42470,
            "gross_margin": 19.53,
            "gross_margin_4q_avg": 21.63,
            "net_income": -6049,
            "net_income_4q": null,
            "revenue": 217494,
            "revenue_4q": null,
            "common_shares": 381212,
            "book_valuer_per_share": 15.34,
            "book_valuer_per_share_4q_avg": 15.87,
            "equity": 614811,
            "current_ratio": 114,
            "debt_ratio": 65.79,
            "inventory_turnover_ratio": 1.08,
            "account_receivable_turnover_ratio": 0.84,
            "reinvestment_rate": null,
            "research_to_sale_ratio": 0.91,
            "price_fair": 3.12,
            "eps_avg_yearly": 1.04,
            "eps_latest_yearly": 0.44,
            "eps_growth_yearly": -130.55
        },
        "20133": {
            "year_quarter": 20133,
            "year": 2013,
            "quarter": 3,
            "eps": -0.27,
            "eps_growth_year": -345.35,
            "eps_4q": -0.3,
            "eps_4q_growth_year": -137.75,
            "roe": -3.64,
            "roe_4q": -4.369999999999999,
            "gross_profit": 51238,
            "gross_margin": 17.99,
            "gross_margin_4q_avg": 20.23,
            "net_income": -22108,
            "net_income_4q": null,
            "revenue": 284798,
            "revenue_4q": null,
            "common_shares": 385024,
            "book_valuer_per_share": 14.81,
            "book_valuer_per_share_4q_avg": 15.68,
            "equity": 599366,
            "current_ratio": 106.66,
            "debt_ratio": 66.85,
            "inventory_turnover_ratio": 1.33,
            "account_receivable_turnover_ratio": 1.06,
            "reinvestment_rate": null,
            "research_to_sale_ratio": 0.94,
            "price_fair": 3.12,
            "eps_avg_yearly": 1.04,
            "eps_latest_yearly": 0.44,
            "eps_growth_yearly": -130.55
        },
        "20134": {
            "year_quarter": 20134,
            "year": 2013,
            "quarter": 4,
            "eps": -0.73,
            "eps_growth_year": null,
            "eps_4q": -0.96,
            "eps_4q_growth_year": -250.79,
            "roe": -5.26,
            "roe_4q": -9.15,
            "gross_profit": 48719,
            "gross_margin": 20.63,
            "gross_margin_4q_avg": 19.86,
            "net_income": -30527,
            "net_income_4q": null,
            "revenue": 236185,
            "revenue_4q": null,
            "common_shares": 385024,
            "book_valuer_per_share": 13.94,
            "book_valuer_per_share_4q_avg": 15.14,
            "equity": 561213,
            "current_ratio": 112.56,
            "debt_ratio": 69.44,
            "inventory_turnover_ratio": 0.84,
            "account_receivable_turnover_ratio": 0.91,
            "reinvestment_rate": null,
            "research_to_sale_ratio": 1.23,
            "price_fair": 3.12,
            "eps_avg_yearly": 1.04,
            "eps_latest_yearly": 0.44,
            "eps_growth_yearly": -130.55
        },
        "20141": {
            "year_quarter": 20141,
            "year": 2014,
            "quarter": 1,
            "eps": -0.09,
            "eps_growth_year": -169.23,
            "eps_4q": -1.17,
            "eps_4q_growth_year": -345.11,
            "roe": -1.25,
            "roe_4q": -11.1,
            "gross_profit": 32935,
            "gross_margin": 15.47,
            "gross_margin_4q_avg": 18.41,
            "net_income": -7064,
            "net_income_4q": null,
            "revenue": 212913,
            "revenue_4q": null,
            "common_shares": 385024,
            "book_valuer_per_share": 14.13,
            "book_valuer_per_share_4q_avg": 14.56,
            "equity": 566448,
            "current_ratio": 137.3,
            "debt_ratio": 70.34,
            "inventory_turnover_ratio": 0.63,
            "account_receivable_turnover_ratio": 0.82,
            "reinvestment_rate": null,
            "research_to_sale_ratio": 1.39,
            "price_fair": 3.12,
            "eps_avg_yearly": 1.04,
            "eps_latest_yearly": 0.44,
            "eps_growth_yearly": -130.55
        },
        "20142": {
            "year_quarter": 20142,
            "year": 2014,
            "quarter": 2,
            "eps": -0.8,
            "eps_growth_year": null,
            "eps_4q": -1.88,
            "eps_4q_growth_year": -3119.34,
            "roe": -6.1,
            "roe_4q": -16.25,
            "gross_profit": 31923,
            "gross_margin": 12.33,
            "gross_margin_4q_avg": 16.61,
            "net_income": -33465,
            "net_income_4q": null,
            "revenue": 258824,
            "revenue_4q": null,
            "common_shares": 385024,
            "book_valuer_per_share": 13.24,
            "book_valuer_per_share_4q_avg": 14.03,
            "equity": 529967,
            "current_ratio": 121.76,
            "debt_ratio": 72.94,
            "inventory_turnover_ratio": 0.75,
            "account_receivable_turnover_ratio": 0.98,
            "reinvestment_rate": null,
            "research_to_sale_ratio": 0.99,
            "price_fair": 3.12,
            "eps_avg_yearly": 1.04,
            "eps_latest_yearly": 0.44,
            "eps_growth_yearly": -130.55
        },
        "20143": {
            "year_quarter": 20143,
            "year": 2014,
            "quarter": 3,
            "eps": -0.71,
            "eps_growth_year": null,
            "eps_4q": -2.33,
            "eps_4q_growth_year": null,
            "roe": -5.56,
            "roe_4q": -18.17,
            "gross_profit": 27225,
            "gross_margin": 10.2,
            "gross_margin_4q_avg": 14.66,
            "net_income": -28951,
            "net_income_4q": null,
            "revenue": 267013,
            "revenue_4q": null,
            "common_shares": 385024,
            "book_valuer_per_share": 12.52,
            "book_valuer_per_share_4q_avg": 13.46,
            "equity": 512198,
            "current_ratio": 123.81,
            "debt_ratio": 73.33,
            "inventory_turnover_ratio": 0.8,
            "account_receivable_turnover_ratio": 1.02,
            "reinvestment_rate": null,
            "research_to_sale_ratio": 0.97,
            "price_fair": 3.12,
            "eps_avg_yearly": 1.04,
            "eps_latest_yearly": 0.44,
            "eps_growth_yearly": -130.55
        },
        "20144": {
            "year_quarter": 20144,
            "year": 2014,
            "quarter": 4,
            "eps": -1.21,
            "eps_growth_year": null,
            "eps_4q": -2.81,
            "eps_4q_growth_year": null,
            "roe": -11.68,
            "roe_4q": -24.589999999999996,
            "gross_profit": 20220,
            "gross_margin": 8.47,
            "gross_margin_4q_avg": 11.62,
            "net_income": -56537,
            "net_income_4q": null,
            "revenue": 238625,
            "revenue_4q": null,
            "common_shares": 385024,
            "book_valuer_per_share": 11.36,
            "book_valuer_per_share_4q_avg": 12.81,
            "equity": 455772,
            "current_ratio": 117.31,
            "debt_ratio": 75.63,
            "inventory_turnover_ratio": 0.78,
            "account_receivable_turnover_ratio": 0.92,
            "reinvestment_rate": null,
            "research_to_sale_ratio": 1.19,
            "price_fair": 3.12,
            "eps_avg_yearly": 1.04,
            "eps_latest_yearly": 0.44,
            "eps_growth_yearly": -130.55
        },
        "20151": {
            "year_quarter": 20151,
            "year": 2015,
            "quarter": 1,
            "eps": 0.07,
            "eps_growth_year": null,
            "eps_4q": -2.65,
            "eps_4q_growth_year": null,
            "roe": 0.22,
            "roe_4q": -23.119999999999997,
            "gross_profit": 55041,
            "gross_margin": 22.09,
            "gross_margin_4q_avg": 13.27,
            "net_income": 1039,
            "net_income_4q": null,
            "revenue": 249177,
            "revenue_4q": null,
            "common_shares": 385024,
            "book_valuer_per_share": 11.36,
            "book_valuer_per_share_4q_avg": 12.12,
            "equity": 494687,
            "current_ratio": 104.15,
            "debt_ratio": 72.94,
            "inventory_turnover_ratio": 0.79,
            "account_receivable_turnover_ratio": 0.99,
            "reinvestment_rate": null,
            "research_to_sale_ratio": 0.91,
            "price_fair": 3.12,
            "eps_avg_yearly": 1.04,
            "eps_latest_yearly": 0.44,
            "eps_growth_yearly": -130.55
        },
        "20152": {
            "year_quarter": 20152,
            "year": 2015,
            "quarter": 2,
            "eps": 0.11,
            "eps_growth_year": null,
            "eps_4q": -1.74,
            "eps_4q_growth_year": null,
            "roe": 0.78,
            "roe_4q": -16.24,
            "gross_profit": 55099,
            "gross_margin": 20.9,
            "gross_margin_4q_avg": 15.42,
            "net_income": 3863,
            "net_income_4q": null,
            "revenue": 263594,
            "revenue_4q": null,
            "common_shares": 385024,
            "book_valuer_per_share": 11.4,
            "book_valuer_per_share_4q_avg": 11.66,
            "equity": 494467,
            "current_ratio": 103.96,
            "debt_ratio": 73.53,
            "inventory_turnover_ratio": 0.89,
            "account_receivable_turnover_ratio": 1.13,
            "reinvestment_rate": null,
            "research_to_sale_ratio": 0.78,
            "price_fair": 2.52,
            "eps_avg_yearly": 0.84,
            "eps_latest_yearly": 0.44,
            "eps_growth_yearly": -10.84
        },
        "20153": {
            "year_quarter": 20153,
            "year": 2015,
            "quarter": 3,
            "eps": 0.4,
            "eps_growth_year": null,
            "eps_4q": -0.63,
            "eps_4q_growth_year": null,
            "roe": 1.31,
            "roe_4q": -9.37,
            "gross_profit": 47520,
            "gross_margin": 16.66,
            "gross_margin_4q_avg": 17.03,
            "net_income": 6480,
            "net_income_4q": null,
            "revenue": 285295,
            "revenue_4q": null,
            "common_shares": 385024,
            "book_valuer_per_share": 11.71,
            "book_valuer_per_share_4q_avg": 11.46,
            "equity": 494080,
            "current_ratio": 107.16,
            "debt_ratio": 72.89,
            "inventory_turnover_ratio": 1,
            "account_receivable_turnover_ratio": 1.25,
            "reinvestment_rate": null,
            "research_to_sale_ratio": 0.84,
            "price_fair": 36.05,
            "eps_avg_yearly": 1.03,
            "eps_latest_yearly": 1.6,
            "eps_growth_yearly": 255.5
        },
        "20154": {
            "year_quarter": 20154,
            "year": 2015,
            "quarter": 4,
            "eps": 0.21,
            "eps_growth_year": null,
            "eps_4q": 0.71,
            "eps_4q_growth_year": null,
            "roe": -1.14,
            "roe_4q": 1.1700000000000002,
            "gross_profit": 70626,
            "gross_margin": 22.39,
            "gross_margin_4q_avg": 20.51,
            "net_income": -6047,
            "net_income_4q": null,
            "revenue": 315499,
            "revenue_4q": null,
            "common_shares": 445024,
            "book_valuer_per_share": 11.97,
            "book_valuer_per_share_4q_avg": 11.61,
            "equity": 565586,
            "current_ratio": 115.85,
            "debt_ratio": 70.41,
            "inventory_turnover_ratio": 1.11,
            "account_receivable_turnover_ratio": 1.16,
            "reinvestment_rate": null,
            "research_to_sale_ratio": 0.73,
            "price_fair": 34.72,
            "eps_avg_yearly": 0.99,
            "eps_latest_yearly": 0.84,
            "eps_growth_yearly": 166.4
        },
        "20161": {
            "year_quarter": 20161,
            "year": 2016,
            "quarter": 1,
            "eps": 0.41,
            "eps_growth_year": 485.71,
            "eps_4q": 1.06,
            "eps_4q_growth_year": null,
            "roe": 4.66,
            "roe_4q": 5.61,
            "gross_profit": 79238,
            "gross_margin": 26.06,
            "gross_margin_4q_avg": 21.5,
            "net_income": 27067,
            "net_income_4q": null,
            "revenue": 304097,
            "revenue_4q": null,
            "common_shares": 445024,
            "book_valuer_per_share": 12.42,
            "book_valuer_per_share_4q_avg": 11.88,
            "equity": 595400,
            "current_ratio": 116.4,
            "debt_ratio": 69.02,
            "inventory_turnover_ratio": 1.08,
            "account_receivable_turnover_ratio": 0.97,
            "reinvestment_rate": null,
            "research_to_sale_ratio": 0.74,
            "price_fair": 38.5,
            "eps_avg_yearly": 1.1,
            "eps_latest_yearly": 1.64,
            "eps_growth_yearly": 202.16
        },
        "20162": {
            "year_quarter": 20162,
            "year": 2016,
            "quarter": 2,
            "eps": 0.73,
            "eps_growth_year": 563.64,
            "eps_4q": 1.66,
            "eps_4q_growth_year": null,
            "roe": 7.5,
            "roe_4q": 12.33,
            "gross_profit": 83739,
            "gross_margin": 25.15,
            "gross_margin_4q_avg": 22.57,
            "net_income": 46292,
            "net_income_4q": null,
            "revenue": 333023,
            "revenue_4q": null,
            "common_shares": 455174,
            "book_valuer_per_share": 12.76,
            "book_valuer_per_share_4q_avg": 12.22,
            "equity": 639110,
            "current_ratio": 118.96,
            "debt_ratio": 67.44,
            "inventory_turnover_ratio": 1.14,
            "account_receivable_turnover_ratio": 0.98,
            "reinvestment_rate": null,
            "research_to_sale_ratio": 0.74,
            "price_fair": 45.97,
            "eps_avg_yearly": 1.31,
            "eps_latest_yearly": 2.92,
            "eps_growth_yearly": 248.93
        },
        "20163": {
            "year_quarter": 20163,
            "year": 2016,
            "quarter": 3,
            "eps": 0.19,
            "eps_growth_year": -52.5,
            "eps_4q": 1.48,
            "eps_4q_growth_year": null,
            "roe": 1.6,
            "roe_4q": 12.62,
            "gross_profit": 87037,
            "gross_margin": 25.69,
            "gross_margin_4q_avg": 24.82,
            "net_income": 10470,
            "net_income_4q": null,
            "revenue": 338746,
            "revenue_4q": null,
            "common_shares": 461880,
            "book_valuer_per_share": 12.95,
            "book_valuer_per_share_4q_avg": 12.53,
            "equity": 668524,
            "current_ratio": 121.26,
            "debt_ratio": 66.55,
            "inventory_turnover_ratio": 1.05,
            "account_receivable_turnover_ratio": 0.92,
            "reinvestment_rate": null,
            "research_to_sale_ratio": 0.82,
            "price_fair": 47.83,
            "eps_avg_yearly": 1.37,
            "eps_latest_yearly": 0.76,
            "eps_growth_yearly": 248.4
        },
        "20164": {
            "year_quarter": 20164,
            "year": 2016,
            "quarter": 4,
            "eps": 0.51,
            "eps_growth_year": 143.98,
            "eps_4q": 1.78,
            "eps_4q_growth_year": 149.66,
            "roe": 3.63,
            "roe_4q": 17.39,
            "gross_profit": 67779,
            "gross_margin": 20.83,
            "gross_margin_4q_avg": 24.43,
            "net_income": 24922,
            "net_income_4q": null,
            "revenue": 325423,
            "revenue_4q": null,
            "common_shares": 467504,
            "book_valuer_per_share": 13.54,
            "book_valuer_per_share_4q_avg": 12.92,
            "equity": 704863,
            "current_ratio": 153.96,
            "debt_ratio": 65.31,
            "inventory_turnover_ratio": 1.03,
            "account_receivable_turnover_ratio": 0.85,
            "reinvestment_rate": null,
            "research_to_sale_ratio": 0.83,
            "price_fair": 51.2,
            "eps_avg_yearly": 1.46,
            "eps_latest_yearly": 2.04,
            "eps_growth_yearly": 309.15
        },
        "20171": {
            "year_quarter": 20171,
            "year": 2017,
            "quarter": 1,
            "eps": -0.16,
            "eps_growth_year": -139.02,
            "eps_4q": 1.06,
            "eps_4q_growth_year": 0.14,
            "roe": -0.62,
            "roe_4q": 12.11,
            "gross_profit": 93483,
            "gross_margin": 30.1,
            "gross_margin_4q_avg": 25.44,
            "net_income": -4748,
            "net_income_4q": null,
            "revenue": 310610,
            "revenue_4q": null,
            "common_shares": 534801,
            "book_valuer_per_share": 13.59,
            "book_valuer_per_share_4q_avg": 13.21,
            "equity": 821258,
            "current_ratio": 197.29,
            "debt_ratio": 62.63,
            "inventory_turnover_ratio": 0.82,
            "account_receivable_turnover_ratio": 0.83,
            "reinvestment_rate": null,
            "research_to_sale_ratio": 0.1,
            "price_fair": 51.2,
            "eps_avg_yearly": 1.46,
            "eps_latest_yearly": 2.04,
            "eps_growth_yearly": 309.15
        },
        "20172": {
            "year_quarter": 20172,
            "year": 2017,
            "quarter": 2,
            "eps": 0.18,
            "eps_growth_year": -75.34,
            "eps_4q": 0.62,
            "eps_4q_growth_year": -62.36,
            "roe": 1.38,
            "roe_4q": 5.99,
            "gross_profit": 77034,
            "gross_margin": 24.23,
            "gross_margin_4q_avg": 25.21,
            "net_income": 10923,
            "net_income_4q": null,
            "revenue": 317928,
            "revenue_4q": null,
            "common_shares": 534801,
            "book_valuer_per_share": 12.53,
            "book_valuer_per_share_4q_avg": 13.15,
            "equity": 766286,
            "current_ratio": 189.1,
            "debt_ratio": 67.64,
            "inventory_turnover_ratio": 0.84,
            "account_receivable_turnover_ratio": 0.86,
            "reinvestment_rate": null,
            "research_to_sale_ratio": 1.59,
            "price_fair": 51.2,
            "eps_avg_yearly": 1.46,
            "eps_latest_yearly": 2.04,
            "eps_growth_yearly": 309.15
        },
        "20173": {
            "year_quarter": 20173,
            "year": 2017,
            "quarter": 3,
            "eps": 0.12,
            "eps_growth_year": -36.84,
            "eps_4q": 0.58,
            "eps_4q_growth_year": -60.58,
            "roe": 1.43,
            "roe_4q": 5.819999999999999,
            "gross_profit": 73043,
            "gross_margin": 21.86,
            "gross_margin_4q_avg": 24.26,
            "net_income": 11255,
            "net_income_4q": null,
            "revenue": 334156,
            "revenue_4q": null,
            "common_shares": 534801,
            "book_valuer_per_share": 12.55,
            "book_valuer_per_share_4q_avg": 13.05,
            "equity": 807383,
            "current_ratio": 189.35,
            "debt_ratio": 67.83,
            "inventory_turnover_ratio": 0.86,
            "account_receivable_turnover_ratio": 0.87,
            "reinvestment_rate": null,
            "research_to_sale_ratio": 0.92,
            "price_fair": 46.9,
            "eps_avg_yearly": 1.34,
            "eps_latest_yearly": 0.48,
            "eps_growth_yearly": 253.84
        },
        "20174": {
            "year_quarter": 20174,
            "year": 2017,
            "quarter": 4,
            "eps": 0.01,
            "eps_growth_year": -98.21,
            "eps_4q": 0.15,
            "eps_4q_growth_year": -91.76,
            "roe": 0.45,
            "roe_4q": 2.6399999999999997,
            "gross_profit": 82363,
            "gross_margin": 25.57,
            "gross_margin_4q_avg": 25.44,
            "net_income": 3624,
            "net_income_4q": null,
            "revenue": 322130,
            "revenue_4q": null,
            "common_shares": 534801,
            "book_valuer_per_share": 12.5,
            "book_valuer_per_share_4q_avg": 12.79,
            "equity": 806028,
            "current_ratio": 176.23,
            "debt_ratio": 69.08,
            "inventory_turnover_ratio": 0.78,
            "account_receivable_turnover_ratio": 0.8,
            "reinvestment_rate": 289.81,
            "research_to_sale_ratio": 0.81,
            "price_fair": 41.84,
            "eps_avg_yearly": 1.2,
            "eps_latest_yearly": 0.04,
            "eps_growth_yearly": 184.9
        },
        "20181": {
            "year_quarter": 20181,
            "year": 2018,
            "quarter": 1,
            "eps": 0.02,
            "eps_growth_year": null,
            "eps_4q": 0.32,
            "eps_4q_growth_year": -69.41,
            "roe": 0.76,
            "roe_4q": 4.02,
            "gross_profit": 76383,
            "gross_margin": 24.43,
            "gross_margin_4q_avg": 24.02,
            "net_income": 6063,
            "net_income_4q": null,
            "revenue": 312605,
            "revenue_4q": null,
            "common_shares": 534801,
            "book_valuer_per_share": 12.25,
            "book_valuer_per_share_4q_avg": 12.46,
            "equity": 790149,
            "current_ratio": 187.09,
            "debt_ratio": 69.62,
            "inventory_turnover_ratio": 0.77,
            "account_receivable_turnover_ratio": 0.79,
            "reinvestment_rate": -27.99,
            "research_to_sale_ratio": 0.83,
            "price_fair": 37.94,
            "eps_avg_yearly": 1.08,
            "eps_latest_yearly": 0.08,
            "eps_growth_yearly": 206.41
        },
        "20182": {
            "year_quarter": 20182,
            "year": 2018,
            "quarter": 2,
            "eps": 0.5,
            "eps_growth_year": 177.78,
            "eps_4q": 0.64,
            "eps_4q_growth_year": 3.11,
            "roe": 1.68,
            "roe_4q": 4.32,
            "gross_profit": 43832,
            "gross_margin": 15.89,
            "gross_margin_4q_avg": 21.94,
            "net_income": 13186,
            "net_income_4q": null,
            "revenue": 275810,
            "revenue_4q": null,
            "common_shares": 534801,
            "book_valuer_per_share": 12.4,
            "book_valuer_per_share_4q_avg": 12.43,
            "equity": 781728,
            "current_ratio": 186.4,
            "debt_ratio": 68.93,
            "inventory_turnover_ratio": 0.74,
            "account_receivable_turnover_ratio": 0.76,
            "reinvestment_rate": -31.83,
            "research_to_sale_ratio": 1.95,
            "price_fair": 40.85,
            "eps_avg_yearly": 1.17,
            "eps_latest_yearly": 2,
            "eps_growth_yearly": 1060.37
        },
        "20183": {
            "year_quarter": 20183,
            "year": 2018,
            "quarter": 3,
            "eps": 0.08,
            "eps_growth_year": -33.33,
            "eps_4q": 0.61,
            "eps_4q_growth_year": 3.86,
            "roe": 0.23,
            "roe_4q": 3.12,
            "gross_profit": 60200,
            "gross_margin": 17.53,
            "gross_margin_4q_avg": 20.86,
            "net_income": 1803,
            "net_income_4q": null,
            "revenue": 343436,
            "revenue_4q": null,
            "common_shares": 534801,
            "book_valuer_per_share": 12.38,
            "book_valuer_per_share_4q_avg": 12.38,
            "equity": 774726,
            "current_ratio": 202.08,
            "debt_ratio": 69.32,
            "inventory_turnover_ratio": 0.89,
            "account_receivable_turnover_ratio": 0.95,
            "reinvestment_rate": 42.8,
            "research_to_sale_ratio": 0.74,
            "price_fair": 38.38,
            "eps_avg_yearly": 1.1,
            "eps_latest_yearly": 0.32,
            "eps_growth_yearly": 944
        },
        "20184": {
            "year_quarter": 20184,
            "year": 2018,
            "quarter": 4,
            "eps": 0.09,
            "eps_growth_year": 921.17,
            "eps_4q": 0.69,
            "eps_4q_growth_year": 372.14,
            "roe": 0.97,
            "roe_4q": 3.6399999999999997,
            "gross_profit": 52925,
            "gross_margin": 15.96,
            "gross_margin_4q_avg": 18.45,
            "net_income": 7572,
            "net_income_4q": null,
            "revenue": 331670,
            "revenue_4q": null,
            "common_shares": 534801,
            "book_valuer_per_share": 12.59,
            "book_valuer_per_share_4q_avg": 12.41,
            "equity": 791472,
            "current_ratio": 162.39,
            "debt_ratio": 68.41,
            "inventory_turnover_ratio": 0.88,
            "account_receivable_turnover_ratio": 0.88,
            "reinvestment_rate": 59.01,
            "research_to_sale_ratio": 1.19,
            "price_fair": 36.4,
            "eps_avg_yearly": 1.04,
            "eps_latest_yearly": 0.36,
            "eps_growth_yearly": 875.24
        },
        "20191": {
            "year_quarter": 20191,
            "year": 2019,
            "quarter": 1,
            "eps": 0.08,
            "eps_growth_year": 300,
            "eps_4q": 0.75,
            "eps_4q_growth_year": 130.73,
            "roe": 0.51,
            "roe_4q": 3.3899999999999997,
            "gross_profit": 60977,
            "gross_margin": 18.38,
            "gross_margin_4q_avg": 16.94,
            "net_income": 4077,
            "net_income_4q": null,
            "revenue": 331730,
            "revenue_4q": null,
            "common_shares": 534801,
            "book_valuer_per_share": 12.75,
            "book_valuer_per_share_4q_avg": 12.53,
            "equity": 802706,
            "current_ratio": 161.75,
            "debt_ratio": 68.01,
            "inventory_turnover_ratio": 0.85,
            "account_receivable_turnover_ratio": 0.88,
            "reinvestment_rate": 129.18,
            "research_to_sale_ratio": 1.78,
            "price_fair": 34.6,
            "eps_avg_yearly": 0.99,
            "eps_latest_yearly": 0.32,
            "eps_growth_yearly": 809.54
        },
        "20192": {
            "year_quarter": 20192,
            "year": 2019,
            "quarter": 2,
            "eps": 0.09,
            "eps_growth_year": -82,
            "eps_4q": 0.33,
            "eps_4q_growth_year": -48.36,
            "roe": 0.68,
            "roe_4q": 2.39,
            "gross_profit": 52097,
            "gross_margin": 16.03,
            "gross_margin_4q_avg": 16.98,
            "net_income": 5434,
            "net_income_4q": null,
            "revenue": 324908,
            "revenue_4q": null,
            "common_shares": 534801,
            "book_valuer_per_share": 12.6,
            "book_valuer_per_share_4q_avg": 12.58,
            "equity": 798115,
            "current_ratio": 147.91,
            "debt_ratio": 68.64,
            "inventory_turnover_ratio": 0.83,
            "account_receivable_turnover_ratio": 0.87,
            "reinvestment_rate": 161.42,
            "research_to_sale_ratio": 1.43,
            "price_fair": 34.4,
            "eps_avg_yearly": 0.98,
            "eps_latest_yearly": 0.36,
            "eps_growth_yearly": 796.79
        },
        "20193": {
            "year_quarter": 20193,
            "year": 2019,
            "quarter": 3,
            "eps": 0,
            "eps_growth_year": -100,
            "eps_4q": 0.26,
            "eps_4q_growth_year": -57.94,
            "roe": -0.99,
            "roe_4q": 1.17,
            "gross_profit": 55965,
            "gross_margin": 17.1,
            "gross_margin_4q_avg": 16.87,
            "net_income": -7813,
            "net_income_4q": null,
            "revenue": 327331,
            "revenue_4q": null,
            "common_shares": 548171,
            "book_valuer_per_share": 12.27,
            "book_valuer_per_share_4q_avg": 12.55,
            "equity": 787017,
            "current_ratio": 148.37,
            "debt_ratio": 68.75,
            "inventory_turnover_ratio": 0.81,
            "account_receivable_turnover_ratio": 0.89,
            "reinvestment_rate": 224.04,
            "research_to_sale_ratio": 1.3,
            "price_fair": 32.74,
            "eps_avg_yearly": 0.94,
            "eps_latest_yearly": 0.36,
            "eps_growth_yearly": 776.96
        },
        "20194": {
            "year_quarter": 20194,
            "year": 2019,
            "quarter": 4,
            "eps": -0.38,
            "eps_growth_year": -506.49,
            "eps_4q": -0.22,
            "eps_4q_growth_year": -131.38,
            "roe": -1.72,
            "roe_4q": -1.5199999999999998,
            "gross_profit": 69663,
            "gross_margin": 20.86,
            "gross_margin_4q_avg": 18.09,
            "net_income": -13305,
            "net_income_4q": null,
            "revenue": 333964,
            "revenue_4q": null,
            "common_shares": 548171,
            "book_valuer_per_share": 11.69,
            "book_valuer_per_share_4q_avg": 12.33,
            "equity": 760966,
            "current_ratio": 200.33,
            "debt_ratio": 69.48,
            "inventory_turnover_ratio": 0.79,
            "account_receivable_turnover_ratio": 0.94,
            "reinvestment_rate": 257.87,
            "research_to_sale_ratio": 1.47,
            "price_fair": 33.02,
            "eps_avg_yearly": 0.94,
            "eps_latest_yearly": 0.36,
            "eps_growth_yearly": 857.54
        },
        "20201": {
            "year_quarter": 20201,
            "year": 2020,
            "quarter": 1,
            "eps": -0.56,
            "eps_growth_year": -800,
            "eps_4q": -0.85,
            "eps_4q_growth_year": -213.26,
            "roe": -5.81,
            "roe_4q": -7.84,
            "gross_profit": 32495,
            "gross_margin": 12.1,
            "gross_margin_4q_avg": 16.52,
            "net_income": -41698,
            "net_income_4q": null,
            "revenue": 268566,
            "revenue_4q": null,
            "common_shares": 548171,
            "book_valuer_per_share": 10.59,
            "book_valuer_per_share_4q_avg": 11.79,
            "equity": 674119,
            "current_ratio": 233.94,
            "debt_ratio": 71.95,
            "inventory_turnover_ratio": 0.69,
            "account_receivable_turnover_ratio": 0.84,
            "reinvestment_rate": 348.18,
            "research_to_sale_ratio": 1.58,
            "price_fair": 30.8,
            "eps_avg_yearly": 0.88,
            "eps_latest_yearly": 0.36,
            "eps_growth_yearly": 900.87
        },
        "20202": {
            "year_quarter": 20202,
            "year": 2020,
            "quarter": 2,
            "eps": -0.37,
            "eps_growth_year": -511.11,
            "eps_4q": -1.3,
            "eps_4q_growth_year": -491.84,
            "roe": -2.93,
            "roe_4q": -11.450000000000001,
            "gross_profit": 51543,
            "gross_margin": 17.08,
            "gross_margin_4q_avg": 16.79,
            "net_income": -19799,
            "net_income_4q": null,
            "revenue": 301813,
            "revenue_4q": null,
            "common_shares": 548171,
            "book_valuer_per_share": 10.55,
            "book_valuer_per_share_4q_avg": 11.28,
            "equity": 679352,
            "current_ratio": 201.28,
            "debt_ratio": 72.49,
            "inventory_turnover_ratio": 0.69,
            "account_receivable_turnover_ratio": 0.95,
            "reinvestment_rate": 1588.12,
            "research_to_sale_ratio": 1.44,
            "price_fair": 23.66,
            "eps_avg_yearly": 0.68,
            "eps_latest_yearly": 0.36,
            "eps_growth_yearly": 959.73
        },
        "20203": {
            "year_quarter": 20203,
            "year": 2020,
            "quarter": 3,
            "eps": -0.45,
            "eps_growth_year": null,
            "eps_4q": -1.75,
            "eps_4q_growth_year": -785.36,
            "roe": -4.1,
            "roe_4q": -14.56,
            "gross_profit": 53000,
            "gross_margin": 17.73,
            "gross_margin_4q_avg": 16.94,
            "net_income": -26980,
            "net_income_4q": null,
            "revenue": 298956,
            "revenue_4q": null,
            "common_shares": 548171,
            "book_valuer_per_share": 9.88,
            "book_valuer_per_share_4q_avg": 10.68,
            "equity": 635597,
            "current_ratio": 203.36,
            "debt_ratio": 73.78,
            "inventory_turnover_ratio": 0.67,
            "account_receivable_turnover_ratio": 0.89,
            "reinvestment_rate": null,
            "research_to_sale_ratio": 1.47,
            "price_fair": 23.33,
            "eps_avg_yearly": 0.67,
            "eps_latest_yearly": 0.36,
            "eps_growth_yearly": 1099.25
        },
        "20204": {
            "year_quarter": 20204,
            "year": 2020,
            "quarter": 4,
            "eps": -0.5,
            "eps_growth_year": null,
            "eps_4q": -1.87,
            "eps_4q_growth_year": null,
            "roe": -3.66,
            "roe_4q": -16.5,
            "gross_profit": 48895,
            "gross_margin": 15.85,
            "gross_margin_4q_avg": 15.69,
            "net_income": -22948,
            "net_income_4q": null,
            "revenue": 308545,
            "revenue_4q": null,
            "common_shares": 548171,
            "book_valuer_per_share": 9.46,
            "book_valuer_per_share_4q_avg": 10.12,
            "equity": 618855,
            "current_ratio": 58.66,
            "debt_ratio": 74.05,
            "inventory_turnover_ratio": 0.71,
            "account_receivable_turnover_ratio": 0.92,
            "reinvestment_rate": null,
            "research_to_sale_ratio": 1.7,
            "price_fair": 17.33,
            "eps_avg_yearly": 0.5,
            "eps_latest_yearly": 0.36,
            "eps_growth_yearly": 1152.44
        },
        "20211": {
            "year_quarter": 20211,
            "year": 2021,
            "quarter": 1,
            "eps": -0.41,
            "eps_growth_year": null,
            "eps_4q": -1.72,
            "eps_4q_growth_year": null,
            "roe": -4.67,
            "roe_4q": -15.36,
            "gross_profit": 42407,
            "gross_margin": 14.32,
            "gross_margin_4q_avg": 16.25,
            "net_income": -28053,
            "net_income_4q": null,
            "revenue": 296087,
            "revenue_4q": null,
            "common_shares": 548171,
            "book_valuer_per_share": 8.95,
            "book_valuer_per_share_4q_avg": 9.71,
            "equity": 582241,
            "current_ratio": 211.18,
            "debt_ratio": 75.08,
            "inventory_turnover_ratio": 0.71,
            "account_receivable_turnover_ratio": 0.92,
            "reinvestment_rate": null,
            "research_to_sale_ratio": 2.07,
            "price_fair": 17.33,
            "eps_avg_yearly": 0.5,
            "eps_latest_yearly": 0.36,
            "eps_growth_yearly": 1152.44
        },
        "20212": {
            "year_quarter": 20212,
            "year": 2021,
            "quarter": 2,
            "eps": -0.45,
            "eps_growth_year": null,
            "eps_4q": -1.8,
            "eps_4q_growth_year": null,
            "roe": -2.73,
            "roe_4q": -15.16,
            "gross_profit": 36588,
            "gross_margin": 12.31,
            "gross_margin_4q_avg": 15.05,
            "net_income": -15539,
            "net_income_4q": null,
            "revenue": 297116,
            "revenue_4q": null,
            "common_shares": 548171,
            "book_valuer_per_share": 8.32,
            "book_valuer_per_share_4q_avg": 9.15,
            "equity": 554628,
            "current_ratio": 191.41,
            "debt_ratio": 75.83,
            "inventory_turnover_ratio": 0.72,
            "account_receivable_turnover_ratio": 0.94,
            "reinvestment_rate": null,
            "research_to_sale_ratio": 1.76,
            "price_fair": 17.33,
            "eps_avg_yearly": 0.5,
            "eps_latest_yearly": 0.36,
            "eps_growth_yearly": 1152.44
        },
        "20213": {
            "year_quarter": 20213,
            "year": 2021,
            "quarter": 3,
            "eps": 0.06,
            "eps_growth_year": null,
            "eps_4q": -1.3,
            "eps_4q_growth_year": null,
            "roe": -0.26,
            "roe_4q": -11.32,
            "gross_profit": 54177,
            "gross_margin": 15.78,
            "gross_margin_4q_avg": 14.57,
            "net_income": -1475,
            "net_income_4q": null,
            "revenue": 343388,
            "revenue_4q": null,
            "common_shares": 548171,
            "book_valuer_per_share": 8.48,
            "book_valuer_per_share_4q_avg": 8.8,
            "equity": 561302,
            "current_ratio": 187.99,
            "debt_ratio": 75.91,
            "inventory_turnover_ratio": 0.77,
            "account_receivable_turnover_ratio": 1.02,
            "reinvestment_rate": null,
            "research_to_sale_ratio": 0.79,
            "price_fair": 17.4,
            "eps_avg_yearly": 0.5,
            "eps_latest_yearly": 0.36,
            "eps_growth_yearly": 1336.13
        },
        "20214": {
            "year_quarter": 20214,
            "year": 2021,
            "quarter": 4,
            "eps": -1.27,
            "eps_growth_year": null,
            "eps_4q": -2.07,
            "eps_4q_growth_year": null,
            "roe": -13.52,
            "roe_4q": -21.18,
            "gross_profit": 36069,
            "gross_margin": 10.27,
            "gross_margin_4q_avg": 13.17,
            "net_income": -71086,
            "net_income_4q": null,
            "revenue": 351164,
            "revenue_4q": null,
            "common_shares": 548171,
            "book_valuer_per_share": 7.21,
            "book_valuer_per_share_4q_avg": 8.24,
            "equity": 490032,
            "current_ratio": 73.65,
            "debt_ratio": 78.31,
            "inventory_turnover_ratio": 0.88,
            "account_receivable_turnover_ratio": 1.01,
            "reinvestment_rate": null,
            "research_to_sale_ratio": 0.62,
            "price_fair": 20.07,
            "eps_avg_yearly": 0.57,
            "eps_latest_yearly": 0.36,
            "eps_growth_yearly": 1619.93
        },
        "20221": {
            "year_quarter": 20221,
            "year": 2022,
            "quarter": 1,
            "eps": 9.26,
            "eps_growth_year": null,
            "eps_4q": 7.6,
            "eps_4q_growth_year": null,
            "roe": 69.12,
            "roe_4q": 52.610000000000014,
            "gross_profit": 46286,
            "gross_margin": 14.25,
            "gross_margin_4q_avg": 13.15,
            "net_income": 518493,
            "net_income_4q": null,
            "revenue": 324881,
            "revenue_4q": null,
            "common_shares": 548171,
            "book_valuer_per_share": 16.5,
            "book_valuer_per_share_4q_avg": 10.13,
            "equity": 1010212,
            "current_ratio": 201.86,
            "debt_ratio": 50.6,
            "inventory_turnover_ratio": 0.82,
            "account_receivable_turnover_ratio": 0.98,
            "reinvestment_rate": -58.77,
            "research_to_sale_ratio": 0.6,
            "price_fair": 23.52,
            "eps_avg_yearly": 0.67,
            "eps_latest_yearly": 0.36,
            "eps_growth_yearly": 1863.91
        },
        "20222": {
            "year_quarter": 20222,
            "year": 2022,
            "quarter": 2,
            "eps": 0.01,
            "eps_growth_year": null,
            "eps_4q": 8.06,
            "eps_4q_growth_year": null,
            "roe": -0.05,
            "roe_4q": 55.29000000000001,
            "gross_profit": 48029,
            "gross_margin": 15.38,
            "gross_margin_4q_avg": 13.92,
            "net_income": -498,
            "net_income_4q": null,
            "revenue": 312192,
            "revenue_4q": null,
            "common_shares": 548171,
            "book_valuer_per_share": 16.55,
            "book_valuer_per_share_4q_avg": 12.19,
            "equity": 1012564,
            "current_ratio": 216.37,
            "debt_ratio": 48.4,
            "inventory_turnover_ratio": 0.76,
            "account_receivable_turnover_ratio": 1.01,
            "reinvestment_rate": -72.21,
            "research_to_sale_ratio": 0.61,
            "price_fair": 0.84,
            "eps_avg_yearly": 0.28,
            "eps_latest_yearly": 0.04,
            "eps_growth_yearly": -136
        },
        "20223": {
            "year_quarter": 20223,
            "year": 2022,
            "quarter": 3,
            "eps": 0.18,
            "eps_growth_year": 200,
            "eps_4q": 8.18,
            "eps_4q_growth_year": null,
            "roe": 0.63,
            "roe_4q": 56.18000000000001,
            "gross_profit": 38787,
            "gross_margin": 11.87,
            "gross_margin_4q_avg": 12.94,
            "net_income": 6459,
            "net_income_4q": null,
            "revenue": 326697,
            "revenue_4q": null,
            "common_shares": 548171,
            "book_valuer_per_share": 16.98,
            "book_valuer_per_share_4q_avg": 14.31,
            "equity": 1037390,
            "current_ratio": 226.8,
            "debt_ratio": 46.61,
            "inventory_turnover_ratio": 0.83,
            "account_receivable_turnover_ratio": 1.06,
            "reinvestment_rate": -61.25,
            "research_to_sale_ratio": 0.7,
            "price_fair": 12.6,
            "eps_avg_yearly": 0.36,
            "eps_latest_yearly": 0.72,
            "eps_growth_yearly": 1291.2
        },
        "20224": {
            "year_quarter": 20224,
            "year": 2022,
            "quarter": 4,
            "eps": -0.79,
            "eps_growth_year": null,
            "eps_4q": 8.67,
            "eps_4q_growth_year": null,
            "roe": -3.27,
            "roe_4q": 66.43,
            "gross_profit": 11885,
            "gross_margin": 3.88,
            "gross_margin_4q_avg": 11.35,
            "net_income": -33047,
            "net_income_4q": null,
            "revenue": 306093,
            "revenue_4q": null,
            "common_shares": 548171,
            "book_valuer_per_share": 15.96,
            "book_valuer_per_share_4q_avg": 16.5,
            "equity": 986477,
            "current_ratio": 187.87,
            "debt_ratio": 50.13,
            "inventory_turnover_ratio": 0.89,
            "account_receivable_turnover_ratio": 0.99,
            "reinvestment_rate": -94.24,
            "research_to_sale_ratio": 0.65,
            "price_fair": 12.6,
            "eps_avg_yearly": 0.36,
            "eps_latest_yearly": 0.72,
            "eps_growth_yearly": 1601.5
        },
        "20231": {
            "year_quarter": 20231,
            "year": 2023,
            "quarter": 1,
            "eps": -0.31,
            "eps_growth_year": -103.35,
            "eps_4q": -0.91,
            "eps_4q_growth_year": -112.04,
            "roe": -1.17,
            "roe_4q": -3.8599999999999994,
            "gross_profit": 40450,
            "gross_margin": 14.34,
            "gross_margin_4q_avg": 11.37,
            "net_income": -11480,
            "net_income_4q": null,
            "revenue": 282152,
            "revenue_4q": null,
            "common_shares": 548171,
            "book_valuer_per_share": 15.74,
            "book_valuer_per_share_4q_avg": 16.31,
            "equity": 973702,
            "current_ratio": 173.77,
            "debt_ratio": 51.46,
            "inventory_turnover_ratio": 0.75,
            "account_receivable_turnover_ratio": 0.95,
            "reinvestment_rate": -81.87,
            "research_to_sale_ratio": 0.83,
            "price_fair": 13.07,
            "eps_avg_yearly": 0.37,
            "eps_latest_yearly": 0.72,
            "eps_growth_yearly": 2150.14
        },
        "20232": {
            "year_quarter": 20232,
            "year": 2023,
            "quarter": 2,
            "eps": 0.14,
            "eps_growth_year": 1300,
            "eps_4q": -0.78,
            "eps_4q_growth_year": -109.71,
            "roe": 1.31,
            "roe_4q": -2.5,
            "gross_profit": 52344,
            "gross_margin": 17.2,
            "gross_margin_4q_avg": 11.82,
            "net_income": 12555,
            "net_income_4q": null,
            "revenue": 304359,
            "revenue_4q": null,
            "common_shares": 548171,
            "book_valuer_per_share": 14.96,
            "book_valuer_per_share_4q_avg": 15.91,
            "equity": 938809,
            "current_ratio": 159.06,
            "debt_ratio": 54.2,
            "inventory_turnover_ratio": 0.79,
            "account_receivable_turnover_ratio": 1,
            "reinvestment_rate": -112.6,
            "research_to_sale_ratio": 0.64,
            "price_fair": 13.3,
            "eps_avg_yearly": 0.38,
            "eps_latest_yearly": 0.72,
            "eps_growth_yearly": 3200.22
        },
        "20233": {
            "year_quarter": 20233,
            "year": 2023,
            "quarter": 3,
            "eps": 0.02,
            "eps_growth_year": -88.89,
            "eps_4q": -0.94,
            "eps_4q_growth_year": -111.5,
            "roe": 0.13,
            "roe_4q": -3,
            "gross_profit": 49374,
            "gross_margin": 17.24,
            "gross_margin_4q_avg": 13.17,
            "net_income": 1180,
            "net_income_4q": null,
            "revenue": 286388,
            "revenue_4q": null,
            "common_shares": 548171,
            "book_valuer_per_share": 15.02,
            "book_valuer_per_share_4q_avg": 15.42,
            "equity": 943016,
            "current_ratio": 163.63,
            "debt_ratio": 52.89,
            "inventory_turnover_ratio": 0.74,
            "account_receivable_turnover_ratio": 0.89,
            "reinvestment_rate": -134.93,
            "research_to_sale_ratio": 0.77,
            "price_fair": 9.8,
            "eps_avg_yearly": 0.28,
            "eps_latest_yearly": 0.08,
            "eps_growth_yearly": 2019.19
        },
        "20234": {
            "year_quarter": 20234,
            "year": 2023,
            "quarter": 4,
            "eps": -0.31,
            "eps_growth_year": null,
            "eps_4q": -0.45,
            "eps_4q_growth_year": -105.24,
            "roe": -1.57,
            "roe_4q": -1.2999999999999998,
            "gross_profit": 57863,
            "gross_margin": 18.88,
            "gross_margin_4q_avg": 16.92,
            "net_income": -14555,
            "net_income_4q": null,
            "revenue": 306494,
            "revenue_4q": null,
            "common_shares": 548171,
            "book_valuer_per_share": 14.49,
            "book_valuer_per_share_4q_avg": 15.05,
            "equity": 912361,
            "current_ratio": 97.09,
            "debt_ratio": 53.77,
            "inventory_turnover_ratio": 0.78,
            "account_receivable_turnover_ratio": 0.98,
            "reinvestment_rate": -153.79,
            "research_to_sale_ratio": 0.63,
            "price_fair": 9.8,
            "eps_avg_yearly": 0.28,
            "eps_latest_yearly": 0.08,
            "eps_growth_yearly": 2019.19
        }
    },
    "months": {
        "2010-10": {
            "month": "2010-10",
            "price": "39.04",
            "revenue": 56454
        },
        "2010-11": {
            "month": "2010-11",
            "price": "35.60",
            "revenue": 55671
        },
        "2010-12": {
            "month": "2010-12",
            "price": "38.22",
            "revenue": 64480
        },
        "2011-01": {
            "month": "2011-01",
            "price": "40.23",
            "revenue": 57341
        },
        "2011-02": {
            "month": "2011-02",
            "price": "40.91",
            "revenue": 40396
        },
        "2011-03": {
            "month": "2011-03",
            "price": "40.03",
            "revenue": 77343
        },
        "2011-04": {
            "month": "2011-04",
            "price": "39.54",
            "revenue": 56734
        },
        "2011-05": {
            "month": "2011-05",
            "price": "40.83",
            "revenue": 60493
        },
        "2011-06": {
            "month": "2011-06",
            "price": "37.50",
            "revenue": 72036
        },
        "2011-07": {
            "month": "2011-07",
            "price": "34.09",
            "revenue": 53066
        },
        "2011-08": {
            "month": "2011-08",
            "price": "31.53",
            "revenue": 72005
        },
        "2011-09": {
            "month": "2011-09",
            "price": "29.16",
            "revenue": 76258
        },
        "2011-10": {
            "month": "2011-10",
            "price": "25.86",
            "revenue": 47326
        },
        "2011-11": {
            "month": "2011-11",
            "price": "28.55",
            "revenue": 72190
        },
        "2011-12": {
            "month": "2011-12",
            "price": "30.74",
            "revenue": 65780
        },
        "2012-01": {
            "month": "2012-01",
            "price": "30.28",
            "revenue": 60973
        },
        "2012-02": {
            "month": "2012-02",
            "price": "29.40",
            "revenue": 95114
        },
        "2012-03": {
            "month": "2012-03",
            "price": "30.28",
            "revenue": 72160
        },
        "2012-04": {
            "month": "2012-04",
            "price": "30.94",
            "revenue": 71049
        },
        "2012-05": {
            "month": "2012-05",
            "price": "30.69",
            "revenue": 87792
        },
        "2012-06": {
            "month": "2012-06",
            "price": "29.28",
            "revenue": 81783
        },
        "2012-07": {
            "month": "2012-07",
            "price": "29.03",
            "revenue": 96021
        },
        "2012-08": {
            "month": "2012-08",
            "price": "25.91",
            "revenue": 62156
        },
        "2012-09": {
            "month": "2012-09",
            "price": "26.48",
            "revenue": 64106
        },
        "2012-10": {
            "month": "2012-10",
            "price": "26.58",
            "revenue": 72628
        },
        "2012-11": {
            "month": "2012-11",
            "price": "22.03",
            "revenue": 84333
        },
        "2012-12": {
            "month": "2012-12",
            "price": "20.81",
            "revenue": 50631
        },
        "2013-01": {
            "month": "2013-01",
            "price": "19.49",
            "revenue": 76733
        },
        "2013-02": {
            "month": "2013-02",
            "price": "19.28",
            "revenue": 68917
        },
        "2013-03": {
            "month": "2013-03",
            "price": "20.21",
            "revenue": 67557
        },
        "2013-04": {
            "month": "2013-04",
            "price": "19.12",
            "revenue": 84724
        },
        "2013-05": {
            "month": "2013-05",
            "price": "18.25",
            "revenue": 71503
        },
        "2013-06": {
            "month": "2013-06",
            "price": "17.14",
            "revenue": 65107
        },
        "2013-07": {
            "month": "2013-07",
            "price": "16.12",
            "revenue": 101378
        },
        "2013-08": {
            "month": "2013-08",
            "price": "15.41",
            "revenue": 101787
        },
        "2013-09": {
            "month": "2013-09",
            "price": "15.68",
            "revenue": 77794
        },
        "2013-10": {
            "month": "2013-10",
            "price": "15.71",
            "revenue": 77811
        },
        "2013-11": {
            "month": "2013-11",
            "price": "15.27",
            "revenue": 67096
        },
        "2013-12": {
            "month": "2013-12",
            "price": "15.07",
            "revenue": 91278
        },
        "2014-01": {
            "month": "2014-01",
            "price": "15.64",
            "revenue": 73675
        },
        "2014-02": {
            "month": "2014-02",
            "price": "15.67",
            "revenue": 49898
        },
        "2014-03": {
            "month": "2014-03",
            "price": "18.05",
            "revenue": 91370
        },
        "2014-04": {
            "month": "2014-04",
            "price": "17.29",
            "revenue": 87142
        },
        "2014-05": {
            "month": "2014-05",
            "price": "16.33",
            "revenue": 89196
        },
        "2014-06": {
            "month": "2014-06",
            "price": "15.83",
            "revenue": 79579
        },
        "2014-07": {
            "month": "2014-07",
            "price": "15.45",
            "revenue": 110241
        },
        "2014-08": {
            "month": "2014-08",
            "price": "14.70",
            "revenue": 72664
        },
        "2014-09": {
            "month": "2014-09",
            "price": "14.89",
            "revenue": 87015
        },
        "2014-10": {
            "month": "2014-10",
            "price": "13.58",
            "revenue": 79086
        },
        "2014-11": {
            "month": "2014-11",
            "price": "12.83",
            "revenue": 72673
        },
        "2014-12": {
            "month": "2014-12",
            "price": "12.27",
            "revenue": 86866
        },
        "2015-01": {
            "month": "2015-01",
            "price": "12.18",
            "revenue": 84016
        },
        "2015-02": {
            "month": "2015-02",
            "price": "12.22",
            "revenue": 62786
        },
        "2015-03": {
            "month": "2015-03",
            "price": "12.35",
            "revenue": 102351
        },
        "2015-04": {
            "month": "2015-04",
            "price": "12.63",
            "revenue": 84801
        },
        "2015-05": {
            "month": "2015-05",
            "price": "11.84",
            "revenue": 82261
        },
        "2015-06": {
            "month": "2015-06",
            "price": "10.29",
            "revenue": 96532
        },
        "2015-07": {
            "month": "2015-07",
            "price": "10.23",
            "revenue": 93878
        },
        "2015-08": {
            "month": "2015-08",
            "price": "10.89",
            "revenue": 109604
        },
        "2015-09": {
            "month": "2015-09",
            "price": "11.39",
            "revenue": 81813
        },
        "2015-10": {
            "month": "2015-10",
            "price": "12.39",
            "revenue": 87987
        },
        "2015-11": {
            "month": "2015-11",
            "price": "12.84",
            "revenue": 116895
        },
        "2015-12": {
            "month": "2015-12",
            "price": "12.39",
            "revenue": 110617
        },
        "2016-01": {
            "month": "2016-01",
            "price": "12.31",
            "revenue": 97611
        },
        "2016-02": {
            "month": "2016-02",
            "price": "13.15",
            "revenue": 88326
        },
        "2016-03": {
            "month": "2016-03",
            "price": "13.15",
            "revenue": 118165
        },
        "2016-04": {
            "month": "2016-04",
            "price": "12.90",
            "revenue": 97368
        },
        "2016-05": {
            "month": "2016-05",
            "price": "14.56",
            "revenue": 120018
        },
        "2016-06": {
            "month": "2016-06",
            "price": "23.01",
            "revenue": 115637
        },
        "2016-07": {
            "month": "2016-07",
            "price": "21.66",
            "revenue": 112411
        },
        "2016-08": {
            "month": "2016-08",
            "price": "23.31",
            "revenue": 121555
        },
        "2016-09": {
            "month": "2016-09",
            "price": "23.04",
            "revenue": 104780
        },
        "2016-10": {
            "month": "2016-10",
            "price": "20.42",
            "revenue": 105861
        },
        "2016-11": {
            "month": "2016-11",
            "price": "18.67",
            "revenue": 111179
        },
        "2016-12": {
            "month": "2016-12",
            "price": "18.51",
            "revenue": 108383
        },
        "2017-01": {
            "month": "2017-01",
            "price": "19.48",
            "revenue": 100189
        },
        "2017-02": {
            "month": "2017-02",
            "price": "19.94",
            "revenue": 90162
        },
        "2017-03": {
            "month": "2017-03",
            "price": "20.18",
            "revenue": 120259
        },
        "2017-04": {
            "month": "2017-04",
            "price": "19.69",
            "revenue": 91129
        },
        "2017-05": {
            "month": "2017-05",
            "price": "19.04",
            "revenue": 116594
        },
        "2017-06": {
            "month": "2017-06",
            "price": "19.21",
            "revenue": 110205
        },
        "2017-07": {
            "month": "2017-07",
            "price": "18.05",
            "revenue": 117016
        },
        "2017-08": {
            "month": "2017-08",
            "price": "16.88",
            "revenue": 110061
        },
        "2017-09": {
            "month": "2017-09",
            "price": "16.58",
            "revenue": 107079
        },
        "2017-10": {
            "month": "2017-10",
            "price": "16.67",
            "revenue": 105581
        },
        "2017-11": {
            "month": "2017-11",
            "price": "16.84",
            "revenue": 113649
        },
        "2017-12": {
            "month": "2017-12",
            "price": "16.97",
            "revenue": 102900
        },
        "2018-01": {
            "month": "2018-01",
            "price": "16.17",
            "revenue": 110717
        },
        "2018-02": {
            "month": "2018-02",
            "price": "15.10",
            "revenue": 92355
        },
        "2018-03": {
            "month": "2018-03",
            "price": "16.37",
            "revenue": 109533
        },
        "2018-04": {
            "month": "2018-04",
            "price": "16.38",
            "revenue": 81929
        },
        "2018-05": {
            "month": "2018-05",
            "price": "15.27",
            "revenue": 92108
        },
        "2018-06": {
            "month": "2018-06",
            "price": "14.01",
            "revenue": 101773
        },
        "2018-07": {
            "month": "2018-07",
            "price": "13.49",
            "revenue": 111711
        },
        "2018-08": {
            "month": "2018-08",
            "price": "15.15",
            "revenue": 123835
        },
        "2018-09": {
            "month": "2018-09",
            "price": "16.76",
            "revenue": 107890
        },
        "2018-10": {
            "month": "2018-10",
            "price": "17.25",
            "revenue": 118732
        },
        "2018-11": {
            "month": "2018-11",
            "price": "17.21",
            "revenue": 109067
        },
        "2018-12": {
            "month": "2018-12",
            "price": "18.11",
            "revenue": 103871
        },
        "2019-01": {
            "month": "2019-01",
            "price": "17.54",
            "revenue": 124615
        },
        "2019-02": {
            "month": "2019-02",
            "price": "18.31",
            "revenue": 90054
        },
        "2019-03": {
            "month": "2019-03",
            "price": "17.39",
            "revenue": 115811
        },
        "2019-04": {
            "month": "2019-04",
            "price": "15.92",
            "revenue": 119532
        },
        "2019-05": {
            "month": "2019-05",
            "price": "15.84",
            "revenue": 118726
        },
        "2019-06": {
            "month": "2019-06",
            "price": "15.82",
            "revenue": 87900
        },
        "2019-07": {
            "month": "2019-07",
            "price": "15.68",
            "revenue": 120671
        },
        "2019-08": {
            "month": "2019-08",
            "price": "15.14",
            "revenue": 102011
        },
        "2019-09": {
            "month": "2019-09",
            "price": "14.13",
            "revenue": 104649
        },
        "2019-10": {
            "month": "2019-10",
            "price": "13.41",
            "revenue": 112224
        },
        "2019-11": {
            "month": "2019-11",
            "price": "12.89",
            "revenue": 103882
        },
        "2019-12": {
            "month": "2019-12",
            "price": "12.70",
            "revenue": 117858
        },
        "2020-01": {
            "month": "2020-01",
            "price": "11.95",
            "revenue": 83624
        },
        "2020-02": {
            "month": "2020-02",
            "price": "10.15",
            "revenue": 79593
        },
        "2020-03": {
            "month": "2020-03",
            "price": "9.63",
            "revenue": 105349
        },
        "2020-04": {
            "month": "2020-04",
            "price": "9.57",
            "revenue": 115307
        },
        "2020-05": {
            "month": "2020-05",
            "price": "9.85",
            "revenue": 90537
        },
        "2020-06": {
            "month": "2020-06",
            "price": "10.06",
            "revenue": 95969
        },
        "2020-07": {
            "month": "2020-07",
            "price": "10.15",
            "revenue": 101545
        },
        "2020-08": {
            "month": "2020-08",
            "price": "9.72",
            "revenue": 95550
        },
        "2020-09": {
            "month": "2020-09",
            "price": "9.61",
            "revenue": 101861
        },
        "2020-10": {
            "month": "2020-10",
            "price": "9.95",
            "revenue": 102534
        },
        "2020-11": {
            "month": "2020-11",
            "price": "9.85",
            "revenue": 94246
        },
        "2020-12": {
            "month": "2020-12",
            "price": "9.61",
            "revenue": 111765
        },
        "2021-01": {
            "month": "2021-01",
            "price": "9.36",
            "revenue": 103871
        },
        "2021-02": {
            "month": "2021-02",
            "price": "9.22",
            "revenue": 62358
        },
        "2021-03": {
            "month": "2021-03",
            "price": "9.59",
            "revenue": 129858
        },
        "2021-04": {
            "month": "2021-04",
            "price": "9.95",
            "revenue": 98350
        },
        "2021-05": {
            "month": "2021-05",
            "price": "9.60",
            "revenue": 93329
        },
        "2021-06": {
            "month": "2021-06",
            "price": "9.82",
            "revenue": 105437
        },
        "2021-07": {
            "month": "2021-07",
            "price": "10.31",
            "revenue": 117350
        },
        "2021-08": {
            "month": "2021-08",
            "price": "9.71",
            "revenue": 114407
        },
        "2021-09": {
            "month": "2021-09",
            "price": "9.72",
            "revenue": 111631
        },
        "2021-10": {
            "month": "2021-10",
            "price": "9.95",
            "revenue": 110851
        },
        "2021-11": {
            "month": "2021-11",
            "price": "10.05",
            "revenue": 122491
        },
        "2021-12": {
            "month": "2021-12",
            "price": "12.32",
            "revenue": 117822
        },
        "2022-01": {
            "month": "2022-01",
            "price": "13.20",
            "revenue": 120779
        },
        "2022-02": {
            "month": "2022-02",
            "price": "13.73",
            "revenue": 89222
        },
        "2022-03": {
            "month": "2022-03",
            "price": "13.77",
            "revenue": 114880
        },
        "2022-04": {
            "month": "2022-04",
            "price": "14.11",
            "revenue": 98124
        },
        "2022-05": {
            "month": "2022-05",
            "price": "14.85",
            "revenue": 107032
        },
        "2022-06": {
            "month": "2022-06",
            "price": "17.93",
            "revenue": 107036
        },
        "2022-07": {
            "month": "2022-07",
            "price": "16.19",
            "revenue": 104620
        },
        "2022-08": {
            "month": "2022-08",
            "price": "17.77",
            "revenue": 117399
        },
        "2022-09": {
            "month": "2022-09",
            "price": "16.96",
            "revenue": 104678
        },
        "2022-10": {
            "month": "2022-10",
            "price": "13.60",
            "revenue": 93086
        },
        "2022-11": {
            "month": "2022-11",
            "price": "14.96",
            "revenue": 104010
        },
        "2022-12": {
            "month": "2022-12",
            "price": "15.40",
            "revenue": 108997
        },
        "2023-01": {
            "month": "2023-01",
            "price": "15.30",
            "revenue": 77868
        },
        "2023-02": {
            "month": "2023-02",
            "price": "16.87",
            "revenue": 95930
        },
        "2023-03": {
            "month": "2023-03",
            "price": "17.45",
            "revenue": 108354
        },
        "2023-04": {
            "month": "2023-04",
            "price": "16.34",
            "revenue": 90120
        },
        "2023-05": {
            "month": "2023-05",
            "price": "14.77",
            "revenue": 108043
        },
        "2023-06": {
            "month": "2023-06",
            "price": "15.03",
            "revenue": 107054
        },
        "2023-07": {
            "month": "2023-07",
            "price": "14.28",
            "revenue": 91117
        },
        "2023-08": {
            "month": "2023-08",
            "price": "12.96",
            "revenue": 107718
        },
        "2023-09": {
            "month": "2023-09",
            "price": "13.00",
            "revenue": 87553
        },
        "2023-10": {
            "month": "2023-10",
            "price": "12.54",
            "revenue": 106889
        },
        "2023-11": {
            "month": "2023-11",
            "price": "12.70",
            "revenue": 101859
        },
        "2023-12": {
            "month": "2023-12",
            "price": "13.26",
            "revenue": 97746
        },
        "2024-01": {
            "month": "2024-01",
            "price": "13.66",
            "revenue": 114209
        },
        "2024-02": {
            "month": "2024-02",
            "price": "14.23",
            "revenue": 81202
        }
    }
}
