{
    "summary": {
        "stock_name": "可寧衛",
        "stock_id": "8422",
        "category": "綠能環保",
        "main_business": "有害事業廢棄物清除處理業務",
        "website_url": "http://www.cleanaway.tw",
        "ceo": "楊永發",
        "pe_ratio": 17,
        "report_year_from": 2009,
        "report_year_to": 2023,
        "age": 15,
        "eps_negative_percentage": 0,
        "eps_growth_avg": {
            "last_all": -3.1,
            "last_2y": -9.43,
            "last_4y": -7.82,
            "last_8y": -1.2,
            "last_12y": null,
            "last_16y": null,
            "last_20y": null,
            "at_2006_last_3y": null,
            "at_2007_last_3y": null,
            "at_2008_last_3y": null,
            "at_2009_last_3y": null,
            "at_2010_last_3y": null,
            "at_2011_last_3y": null,
            "at_2012_last_3y": null,
            "at_2013_last_3y": null,
            "at_2014_last_3y": null,
            "at_2015_last_3y": -1.61,
            "at_2016_last_3y": 1.23,
            "at_2017_last_3y": 3.46,
            "at_2018_last_3y": 7.09,
            "at_2019_last_3y": -0.58,
            "at_2020_last_3y": -4.85,
            "at_2021_last_3y": -4.01,
            "at_2022_last_3y": 0.89,
            "at_2023_last_3y": -7.12,
            "at_2024_last_3y": -7.12,
            "at_2006_last_all": null,
            "at_2007_last_all": null,
            "at_2008_last_all": null,
            "at_2009_last_all": null,
            "at_2010_last_all": null,
            "at_2011_last_all": null,
            "at_2012_last_all": null,
            "at_2013_last_all": -4.34,
            "at_2014_last_all": -8.82,
            "at_2015_last_all": -1.61,
            "at_2016_last_all": 2.09,
            "at_2017_last_all": 0.86,
            "at_2018_last_all": 0.27,
            "at_2019_last_all": -1.1,
            "at_2020_last_all": -0.99,
            "at_2021_last_all": -1.09,
            "at_2022_last_all": 0.49,
            "at_2023_last_all": -3.1,
            "at_2024_last_all": -3.1
        },
        "latest_eps": 10.59,
        "latest_price": 180,
        "latest_roe": 18.1,
        "latest_gross_margin": 49.1,
        "latest_equity": 6576518,
        "latest_revenue": 678851,
        "latest_gross_profit": 333316,
        "latest_net_income": 136563,
        "latest_debt_ratio": 53.57,
        "latest_current_ratio": 116.83,
        "latest_account_receivable_turnover_ratio": 1.04,
        "latest_inventory_turnover_ratio": 5.38,
        "latest_reinvestment_rate": 95.57,
        "latest_research_to_sale_ratio": 1.03
    },
    "eps_dividends": {
        "2001": {
            "cash": 0,
            "stock": 0,
            "eps": 0
        },
        "2002": {
            "cash": 0,
            "stock": 0,
            "eps": 0
        },
        "2003": {
            "cash": 0,
            "stock": 0,
            "eps": 0
        },
        "2004": {
            "cash": 0,
            "stock": 0,
            "eps": 0
        },
        "2005": {
            "cash": 0,
            "stock": 0,
            "eps": 0
        },
        "2006": {
            "cash": 0,
            "stock": 0,
            "eps": 0
        },
        "2007": {
            "cash": 0,
            "stock": 0,
            "eps": 0
        },
        "2008": {
            "cash": 0,
            "stock": 0,
            "eps": 0
        },
        "2009": {
            "cash": 0,
            "stock": 0,
            "eps": 0
        },
        "2010": {
            "cash": 0,
            "stock": 0,
            "eps": 0
        },
        "2011": {
            "cash": 15.540000000000001,
            "stock": 0,
            "eps": 12.67
        },
        "2012": {
            "cash": 0,
            "stock": 0,
            "eps": 13.37
        },
        "2013": {
            "cash": 12.03,
            "stock": 0,
            "eps": 11.47
        },
        "2014": {
            "cash": 8,
            "stock": 0,
            "eps": 9.43
        },
        "2015": {
            "cash": 8,
            "stock": 0,
            "eps": 11.32
        },
        "2016": {
            "cash": 10,
            "stock": 0,
            "eps": 13.23
        },
        "2017": {
            "cash": 11.5,
            "stock": 0,
            "eps": 12.53
        },
        "2018": {
            "cash": 11,
            "stock": 0,
            "eps": 12.12
        },
        "2019": {
            "cash": 10,
            "stock": 0,
            "eps": 10.83
        },
        "2020": {
            "cash": 10,
            "stock": 0,
            "eps": 10.81
        },
        "2021": {
            "cash": 10,
            "stock": 0,
            "eps": 10.6
        },
        "2022": {
            "cash": 10,
            "stock": 0,
            "eps": 12.33
        },
        "2023": {
            "cash": 20,
            "stock": 0,
            "eps": 7.07
        }
    },
    "dividends": {
        "2011-01-01": {
            "cash": 10.88,
            "stock": 0
        },
        "2011-03-17": {
            "cash": 4.66,
            "stock": 0
        },
        "2013-03-20": {
            "cash": 12.03,
            "stock": 0
        },
        "2014-06-19": {
            "cash": 8,
            "stock": 0
        },
        "2015-07-28": {
            "cash": 8,
            "stock": 0
        },
        "2016-07-28": {
            "cash": 10,
            "stock": 0
        },
        "2017-08-08": {
            "cash": 11.5,
            "stock": 0
        },
        "2018-08-06": {
            "cash": 11,
            "stock": 0
        },
        "2019-07-19": {
            "cash": 10,
            "stock": 0
        },
        "2020-07-28": {
            "cash": 10,
            "stock": 0
        },
        "2021-07-20": {
            "cash": 10,
            "stock": 0
        },
        "2022-06-30": {
            "cash": 10,
            "stock": 0
        },
        "2023-02-24": {
            "cash": 10,
            "stock": 0
        },
        "2023-07-28": {
            "cash": 10,
            "stock": 0
        }
    },
    "prices": {
        "200101": "無",
        "200102": "無",
        "200103": "無",
        "200104": "無",
        "200105": "無",
        "200106": "無",
        "200107": "無",
        "200108": "無",
        "200109": "無",
        "200110": "無",
        "200111": "無",
        "200112": "無",
        "200201": "無",
        "200202": "無",
        "200203": "無",
        "200204": "無",
        "200205": "無",
        "200206": "無",
        "200207": "無",
        "200208": "無",
        "200209": "無",
        "200210": "無",
        "200211": "無",
        "200212": "無",
        "200301": "無",
        "200302": "無",
        "200303": "無",
        "200304": "無",
        "200305": "無",
        "200306": "無",
        "200307": "無",
        "200308": "無",
        "200309": "無",
        "200310": "無",
        "200311": "無",
        "200312": "無",
        "200401": "無",
        "200402": "無",
        "200403": "無",
        "200404": "無",
        "200405": "無",
        "200406": "無",
        "200407": "無",
        "200408": "無",
        "200409": "無",
        "200410": "無",
        "200411": "無",
        "200412": "無",
        "200501": "無",
        "200502": "無",
        "200503": "無",
        "200504": "無",
        "200505": "無",
        "200506": "無",
        "200507": "無",
        "200508": "無",
        "200509": "無",
        "200510": "無",
        "200511": "無",
        "200512": "無",
        "200601": "無",
        "200602": "無",
        "200603": "無",
        "200604": "無",
        "200605": "無",
        "200606": "無",
        "200607": "無",
        "200608": "無",
        "200609": "無",
        "200610": "無",
        "200611": "無",
        "200612": "無",
        "200701": "無",
        "200702": "無",
        "200703": "無",
        "200704": "無",
        "200705": "無",
        "200706": "無",
        "200707": "無",
        "200708": "無",
        "200709": "無",
        "200710": "無",
        "200711": "無",
        "200712": "無",
        "200801": "無",
        "200802": "無",
        "200803": "無",
        "200804": "無",
        "200805": "無",
        "200806": "無",
        "200807": "無",
        "200808": "無",
        "200809": "無",
        "200810": "無",
        "200811": "無",
        "200812": "無",
        "200901": "無",
        "200902": "無",
        "200903": "無",
        "200904": "無",
        "200905": "無",
        "200906": "無",
        "200907": "無",
        "200908": "無",
        "200909": "無",
        "200910": "無",
        "200911": "無",
        "200912": "無",
        "201001": "無",
        "201002": "無",
        "201003": "無",
        "201004": "無",
        "201005": "無",
        "201006": "無",
        "201007": "無",
        "201008": "無",
        "201009": "無",
        "201010": "104.94",
        "201011": "101.36",
        "201012": "136.09",
        "201101": "164.09",
        "201102": "196.91",
        "201103": "202.86",
        "201104": "202.37",
        "201105": "213.07",
        "201106": "215.68",
        "201107": "213.04",
        "201108": "205.21",
        "201109": "217.95",
        "201110": "165.47",
        "201111": "184.32",
        "201112": "175.57",
        "201201": "170.83",
        "201202": "193.90",
        "201203": "210.72",
        "201204": "216.58",
        "201205": "206.86",
        "201206": "204.21",
        "201207": "200.41",
        "201208": "207.59",
        "201209": "207.35",
        "201210": "204.77",
        "201211": "203.73",
        "201212": "197.60",
        "201301": "193.55",
        "201302": "201.62",
        "201303": "212.00",
        "201304": "232.40",
        "201305": "244.11",
        "201306": "226.39",
        "201307": "218.78",
        "201308": "181.21",
        "201309": "172.55",
        "201310": "182.32",
        "201311": "182.14",
        "201312": "189.16",
        "201401": "189.28",
        "201402": "186.53",
        "201403": "188.74",
        "201404": "179.38",
        "201405": "175.74",
        "201406": "175.18",
        "201407": "175.80",
        "201408": "167.40",
        "201409": "156.86",
        "201410": "142.45",
        "201411": "131.85",
        "201412": "140.54",
        "201501": "151.28",
        "201502": "160.81",
        "201503": "164.34",
        "201504": "182.35",
        "201505": "185.40",
        "201506": "185.83",
        "201507": "168.07",
        "201508": "141.98",
        "201509": "147.25",
        "201510": "154.57",
        "201511": "173.24",
        "201512": "179.52",
        "201601": "163.95",
        "201602": "170.38",
        "201603": "178.48",
        "201604": "179.58",
        "201605": "174.79",
        "201606": "172.57",
        "201607": "170.28",
        "201608": "173.07",
        "201609": "174.11",
        "201610": "171.58",
        "201611": "165.59",
        "201612": "164.31",
        "201701": "162.72",
        "201702": "168.75",
        "201703": "173.00",
        "201704": "171.97",
        "201705": "174.10",
        "201706": "180.85",
        "201707": "174.14",
        "201708": "169.50",
        "201709": "168.34",
        "201710": "171.13",
        "201711": "172.34",
        "201712": "174.07",
        "201801": "174.41",
        "201802": "174.58",
        "201803": "181.87",
        "201804": "191.33",
        "201805": "190.82",
        "201806": "190.02",
        "201807": "185.89",
        "201808": "181.50",
        "201809": "176.45",
        "201810": "171.43",
        "201811": "169.05",
        "201812": "167.57",
        "201901": "169.07",
        "201902": "172.00",
        "201903": "172.80",
        "201904": "170.50",
        "201905": "169.30",
        "201906": "168.32",
        "201907": "160.70",
        "201908": "153.71",
        "201909": "155.24",
        "201910": "154.67",
        "201911": "157.76",
        "201912": "156.59",
        "202001": "156.40",
        "202002": "158.37",
        "202003": "143.86",
        "202004": "148.52",
        "202005": "154.62",
        "202006": "165.18",
        "202007": "157.67",
        "202008": "159.43",
        "202009": "159.14",
        "202010": "158.32",
        "202011": "161.62",
        "202012": "163.30",
        "202101": "161.95",
        "202102": "160.69",
        "202103": "171.00",
        "202104": "174.84",
        "202105": "172.19",
        "202106": "172.60",
        "202107": "167.52",
        "202108": "168.39",
        "202109": "175.58",
        "202110": "204.35",
        "202111": "231.16",
        "202112": "235.64",
        "202201": "211.67",
        "202202": "212.70",
        "202203": "202.35",
        "202204": "199.58",
        "202205": "194.07",
        "202206": "177.38",
        "202207": "170.69",
        "202208": "175.13",
        "202209": "178.05",
        "202210": "170.42",
        "202211": "169.95",
        "202212": "178.59",
        "202301": "179.73",
        "202302": "185.36",
        "202303": "187.30",
        "202304": "187.50",
        "202305": "200.91",
        "202306": "210.72",
        "202307": "195.67",
        "202308": "183.50",
        "202309": "180.08",
        "202310": "175.18",
        "202311": "177.80",
        "202312": "179.31"
    },
    "quarters": {
        "20011": {
            "year_quarter": 20011,
            "year": 2001,
            "quarter": 1,
            "eps": null,
            "eps_growth_year": null,
            "eps_4q": null,
            "eps_4q_growth_year": null,
            "roe": null,
            "roe_4q": 0,
            "gross_profit": null,
            "gross_margin": null,
            "gross_margin_4q_avg": 0,
            "net_income": null,
            "net_income_4q": null,
            "revenue": null,
            "revenue_4q": null,
            "common_shares": null,
            "book_valuer_per_share": null,
            "book_valuer_per_share_4q_avg": 0,
            "equity": null,
            "current_ratio": null,
            "debt_ratio": null,
            "inventory_turnover_ratio": null,
            "account_receivable_turnover_ratio": null,
            "reinvestment_rate": null,
            "research_to_sale_ratio": null,
            "price_fair": 0,
            "eps_avg_yearly": 0,
            "eps_latest_yearly": 0,
            "eps_growth_yearly": 0
        },
        "20012": {
            "year_quarter": 20012,
            "year": 2001,
            "quarter": 2,
            "eps": null,
            "eps_growth_year": null,
            "eps_4q": null,
            "eps_4q_growth_year": null,
            "roe": null,
            "roe_4q": 0,
            "gross_profit": null,
            "gross_margin": null,
            "gross_margin_4q_avg": 0,
            "net_income": null,
            "net_income_4q": null,
            "revenue": null,
            "revenue_4q": null,
            "common_shares": null,
            "book_valuer_per_share": null,
            "book_valuer_per_share_4q_avg": 0,
            "equity": null,
            "current_ratio": null,
            "debt_ratio": null,
            "inventory_turnover_ratio": null,
            "account_receivable_turnover_ratio": null,
            "reinvestment_rate": null,
            "research_to_sale_ratio": null,
            "price_fair": 0,
            "eps_avg_yearly": 0,
            "eps_latest_yearly": 0,
            "eps_growth_yearly": 0
        },
        "20013": {
            "year_quarter": 20013,
            "year": 2001,
            "quarter": 3,
            "eps": null,
            "eps_growth_year": null,
            "eps_4q": null,
            "eps_4q_growth_year": null,
            "roe": null,
            "roe_4q": 0,
            "gross_profit": null,
            "gross_margin": null,
            "gross_margin_4q_avg": 0,
            "net_income": null,
            "net_income_4q": null,
            "revenue": null,
            "revenue_4q": null,
            "common_shares": null,
            "book_valuer_per_share": null,
            "book_valuer_per_share_4q_avg": 0,
            "equity": null,
            "current_ratio": null,
            "debt_ratio": null,
            "inventory_turnover_ratio": null,
            "account_receivable_turnover_ratio": null,
            "reinvestment_rate": null,
            "research_to_sale_ratio": null,
            "price_fair": 0,
            "eps_avg_yearly": 0,
            "eps_latest_yearly": 0,
            "eps_growth_yearly": 0
        },
        "20014": {
            "year_quarter": 20014,
            "year": 2001,
            "quarter": 4,
            "eps": null,
            "eps_growth_year": null,
            "eps_4q": null,
            "eps_4q_growth_year": null,
            "roe": null,
            "roe_4q": 0,
            "gross_profit": null,
            "gross_margin": null,
            "gross_margin_4q_avg": 0,
            "net_income": null,
            "net_income_4q": null,
            "revenue": null,
            "revenue_4q": null,
            "common_shares": null,
            "book_valuer_per_share": null,
            "book_valuer_per_share_4q_avg": 0,
            "equity": null,
            "current_ratio": null,
            "debt_ratio": null,
            "inventory_turnover_ratio": null,
            "account_receivable_turnover_ratio": null,
            "reinvestment_rate": null,
            "research_to_sale_ratio": null,
            "price_fair": 0,
            "eps_avg_yearly": 0,
            "eps_latest_yearly": 0,
            "eps_growth_yearly": 0
        },
        "20021": {
            "year_quarter": 20021,
            "year": 2002,
            "quarter": 1,
            "eps": null,
            "eps_growth_year": null,
            "eps_4q": null,
            "eps_4q_growth_year": null,
            "roe": null,
            "roe_4q": 0,
            "gross_profit": null,
            "gross_margin": null,
            "gross_margin_4q_avg": 0,
            "net_income": null,
            "net_income_4q": null,
            "revenue": null,
            "revenue_4q": null,
            "common_shares": null,
            "book_valuer_per_share": null,
            "book_valuer_per_share_4q_avg": 0,
            "equity": null,
            "current_ratio": null,
            "debt_ratio": null,
            "inventory_turnover_ratio": null,
            "account_receivable_turnover_ratio": null,
            "reinvestment_rate": null,
            "research_to_sale_ratio": null,
            "price_fair": 0,
            "eps_avg_yearly": 0,
            "eps_latest_yearly": 0,
            "eps_growth_yearly": 0
        },
        "20022": {
            "year_quarter": 20022,
            "year": 2002,
            "quarter": 2,
            "eps": null,
            "eps_growth_year": null,
            "eps_4q": null,
            "eps_4q_growth_year": null,
            "roe": null,
            "roe_4q": 0,
            "gross_profit": null,
            "gross_margin": null,
            "gross_margin_4q_avg": 0,
            "net_income": null,
            "net_income_4q": null,
            "revenue": null,
            "revenue_4q": null,
            "common_shares": null,
            "book_valuer_per_share": null,
            "book_valuer_per_share_4q_avg": 0,
            "equity": null,
            "current_ratio": null,
            "debt_ratio": null,
            "inventory_turnover_ratio": null,
            "account_receivable_turnover_ratio": null,
            "reinvestment_rate": null,
            "research_to_sale_ratio": null,
            "price_fair": 0,
            "eps_avg_yearly": 0,
            "eps_latest_yearly": 0,
            "eps_growth_yearly": 0
        },
        "20023": {
            "year_quarter": 20023,
            "year": 2002,
            "quarter": 3,
            "eps": null,
            "eps_growth_year": null,
            "eps_4q": null,
            "eps_4q_growth_year": null,
            "roe": null,
            "roe_4q": 0,
            "gross_profit": null,
            "gross_margin": null,
            "gross_margin_4q_avg": 0,
            "net_income": null,
            "net_income_4q": null,
            "revenue": null,
            "revenue_4q": null,
            "common_shares": null,
            "book_valuer_per_share": null,
            "book_valuer_per_share_4q_avg": 0,
            "equity": null,
            "current_ratio": null,
            "debt_ratio": null,
            "inventory_turnover_ratio": null,
            "account_receivable_turnover_ratio": null,
            "reinvestment_rate": null,
            "research_to_sale_ratio": null,
            "price_fair": 0,
            "eps_avg_yearly": 0,
            "eps_latest_yearly": 0,
            "eps_growth_yearly": 0
        },
        "20024": {
            "year_quarter": 20024,
            "year": 2002,
            "quarter": 4,
            "eps": null,
            "eps_growth_year": null,
            "eps_4q": null,
            "eps_4q_growth_year": null,
            "roe": null,
            "roe_4q": 0,
            "gross_profit": null,
            "gross_margin": null,
            "gross_margin_4q_avg": 0,
            "net_income": null,
            "net_income_4q": null,
            "revenue": null,
            "revenue_4q": null,
            "common_shares": null,
            "book_valuer_per_share": null,
            "book_valuer_per_share_4q_avg": 0,
            "equity": null,
            "current_ratio": null,
            "debt_ratio": null,
            "inventory_turnover_ratio": null,
            "account_receivable_turnover_ratio": null,
            "reinvestment_rate": null,
            "research_to_sale_ratio": null,
            "price_fair": 0,
            "eps_avg_yearly": 0,
            "eps_latest_yearly": 0,
            "eps_growth_yearly": 0
        },
        "20031": {
            "year_quarter": 20031,
            "year": 2003,
            "quarter": 1,
            "eps": null,
            "eps_growth_year": null,
            "eps_4q": null,
            "eps_4q_growth_year": null,
            "roe": null,
            "roe_4q": 0,
            "gross_profit": null,
            "gross_margin": null,
            "gross_margin_4q_avg": 0,
            "net_income": null,
            "net_income_4q": null,
            "revenue": null,
            "revenue_4q": null,
            "common_shares": null,
            "book_valuer_per_share": null,
            "book_valuer_per_share_4q_avg": 0,
            "equity": null,
            "current_ratio": null,
            "debt_ratio": null,
            "inventory_turnover_ratio": null,
            "account_receivable_turnover_ratio": null,
            "reinvestment_rate": null,
            "research_to_sale_ratio": null,
            "price_fair": 0,
            "eps_avg_yearly": 0,
            "eps_latest_yearly": 0,
            "eps_growth_yearly": 0
        },
        "20032": {
            "year_quarter": 20032,
            "year": 2003,
            "quarter": 2,
            "eps": null,
            "eps_growth_year": null,
            "eps_4q": null,
            "eps_4q_growth_year": null,
            "roe": null,
            "roe_4q": 0,
            "gross_profit": null,
            "gross_margin": null,
            "gross_margin_4q_avg": 0,
            "net_income": null,
            "net_income_4q": null,
            "revenue": null,
            "revenue_4q": null,
            "common_shares": null,
            "book_valuer_per_share": null,
            "book_valuer_per_share_4q_avg": 0,
            "equity": null,
            "current_ratio": null,
            "debt_ratio": null,
            "inventory_turnover_ratio": null,
            "account_receivable_turnover_ratio": null,
            "reinvestment_rate": null,
            "research_to_sale_ratio": null,
            "price_fair": 0,
            "eps_avg_yearly": 0,
            "eps_latest_yearly": 0,
            "eps_growth_yearly": 0
        },
        "20033": {
            "year_quarter": 20033,
            "year": 2003,
            "quarter": 3,
            "eps": null,
            "eps_growth_year": null,
            "eps_4q": null,
            "eps_4q_growth_year": null,
            "roe": null,
            "roe_4q": 0,
            "gross_profit": null,
            "gross_margin": null,
            "gross_margin_4q_avg": 0,
            "net_income": null,
            "net_income_4q": null,
            "revenue": null,
            "revenue_4q": null,
            "common_shares": null,
            "book_valuer_per_share": null,
            "book_valuer_per_share_4q_avg": 0,
            "equity": null,
            "current_ratio": null,
            "debt_ratio": null,
            "inventory_turnover_ratio": null,
            "account_receivable_turnover_ratio": null,
            "reinvestment_rate": null,
            "research_to_sale_ratio": null,
            "price_fair": 0,
            "eps_avg_yearly": 0,
            "eps_latest_yearly": 0,
            "eps_growth_yearly": 0
        },
        "20034": {
            "year_quarter": 20034,
            "year": 2003,
            "quarter": 4,
            "eps": null,
            "eps_growth_year": null,
            "eps_4q": null,
            "eps_4q_growth_year": null,
            "roe": null,
            "roe_4q": 0,
            "gross_profit": null,
            "gross_margin": null,
            "gross_margin_4q_avg": 0,
            "net_income": null,
            "net_income_4q": null,
            "revenue": null,
            "revenue_4q": null,
            "common_shares": null,
            "book_valuer_per_share": null,
            "book_valuer_per_share_4q_avg": 0,
            "equity": null,
            "current_ratio": null,
            "debt_ratio": null,
            "inventory_turnover_ratio": null,
            "account_receivable_turnover_ratio": null,
            "reinvestment_rate": null,
            "research_to_sale_ratio": null,
            "price_fair": 0,
            "eps_avg_yearly": 0,
            "eps_latest_yearly": 0,
            "eps_growth_yearly": 0
        },
        "20041": {
            "year_quarter": 20041,
            "year": 2004,
            "quarter": 1,
            "eps": null,
            "eps_growth_year": null,
            "eps_4q": null,
            "eps_4q_growth_year": null,
            "roe": null,
            "roe_4q": 0,
            "gross_profit": null,
            "gross_margin": null,
            "gross_margin_4q_avg": 0,
            "net_income": null,
            "net_income_4q": null,
            "revenue": null,
            "revenue_4q": null,
            "common_shares": null,
            "book_valuer_per_share": null,
            "book_valuer_per_share_4q_avg": 0,
            "equity": null,
            "current_ratio": null,
            "debt_ratio": null,
            "inventory_turnover_ratio": null,
            "account_receivable_turnover_ratio": null,
            "reinvestment_rate": null,
            "research_to_sale_ratio": null,
            "price_fair": 0,
            "eps_avg_yearly": 0,
            "eps_latest_yearly": 0,
            "eps_growth_yearly": 0
        },
        "20042": {
            "year_quarter": 20042,
            "year": 2004,
            "quarter": 2,
            "eps": null,
            "eps_growth_year": null,
            "eps_4q": null,
            "eps_4q_growth_year": null,
            "roe": null,
            "roe_4q": 0,
            "gross_profit": null,
            "gross_margin": null,
            "gross_margin_4q_avg": 0,
            "net_income": null,
            "net_income_4q": null,
            "revenue": null,
            "revenue_4q": null,
            "common_shares": null,
            "book_valuer_per_share": null,
            "book_valuer_per_share_4q_avg": 0,
            "equity": null,
            "current_ratio": null,
            "debt_ratio": null,
            "inventory_turnover_ratio": null,
            "account_receivable_turnover_ratio": null,
            "reinvestment_rate": null,
            "research_to_sale_ratio": null,
            "price_fair": 0,
            "eps_avg_yearly": 0,
            "eps_latest_yearly": 0,
            "eps_growth_yearly": 0
        },
        "20043": {
            "year_quarter": 20043,
            "year": 2004,
            "quarter": 3,
            "eps": null,
            "eps_growth_year": null,
            "eps_4q": null,
            "eps_4q_growth_year": null,
            "roe": null,
            "roe_4q": 0,
            "gross_profit": null,
            "gross_margin": null,
            "gross_margin_4q_avg": 0,
            "net_income": null,
            "net_income_4q": null,
            "revenue": null,
            "revenue_4q": null,
            "common_shares": null,
            "book_valuer_per_share": null,
            "book_valuer_per_share_4q_avg": 0,
            "equity": null,
            "current_ratio": null,
            "debt_ratio": null,
            "inventory_turnover_ratio": null,
            "account_receivable_turnover_ratio": null,
            "reinvestment_rate": null,
            "research_to_sale_ratio": null,
            "price_fair": 0,
            "eps_avg_yearly": 0,
            "eps_latest_yearly": 0,
            "eps_growth_yearly": 0
        },
        "20044": {
            "year_quarter": 20044,
            "year": 2004,
            "quarter": 4,
            "eps": null,
            "eps_growth_year": null,
            "eps_4q": null,
            "eps_4q_growth_year": null,
            "roe": null,
            "roe_4q": 0,
            "gross_profit": null,
            "gross_margin": null,
            "gross_margin_4q_avg": 0,
            "net_income": null,
            "net_income_4q": null,
            "revenue": null,
            "revenue_4q": null,
            "common_shares": null,
            "book_valuer_per_share": null,
            "book_valuer_per_share_4q_avg": 0,
            "equity": null,
            "current_ratio": null,
            "debt_ratio": null,
            "inventory_turnover_ratio": null,
            "account_receivable_turnover_ratio": null,
            "reinvestment_rate": null,
            "research_to_sale_ratio": null,
            "price_fair": 0,
            "eps_avg_yearly": 0,
            "eps_latest_yearly": 0,
            "eps_growth_yearly": 0
        },
        "20051": {
            "year_quarter": 20051,
            "year": 2005,
            "quarter": 1,
            "eps": null,
            "eps_growth_year": null,
            "eps_4q": null,
            "eps_4q_growth_year": null,
            "roe": null,
            "roe_4q": 0,
            "gross_profit": null,
            "gross_margin": null,
            "gross_margin_4q_avg": 0,
            "net_income": null,
            "net_income_4q": null,
            "revenue": null,
            "revenue_4q": null,
            "common_shares": null,
            "book_valuer_per_share": null,
            "book_valuer_per_share_4q_avg": 0,
            "equity": null,
            "current_ratio": null,
            "debt_ratio": null,
            "inventory_turnover_ratio": null,
            "account_receivable_turnover_ratio": null,
            "reinvestment_rate": null,
            "research_to_sale_ratio": null,
            "price_fair": 0,
            "eps_avg_yearly": 0,
            "eps_latest_yearly": 0,
            "eps_growth_yearly": 0
        },
        "20052": {
            "year_quarter": 20052,
            "year": 2005,
            "quarter": 2,
            "eps": null,
            "eps_growth_year": null,
            "eps_4q": null,
            "eps_4q_growth_year": null,
            "roe": null,
            "roe_4q": 0,
            "gross_profit": null,
            "gross_margin": null,
            "gross_margin_4q_avg": 0,
            "net_income": null,
            "net_income_4q": null,
            "revenue": null,
            "revenue_4q": null,
            "common_shares": null,
            "book_valuer_per_share": null,
            "book_valuer_per_share_4q_avg": 0,
            "equity": null,
            "current_ratio": null,
            "debt_ratio": null,
            "inventory_turnover_ratio": null,
            "account_receivable_turnover_ratio": null,
            "reinvestment_rate": null,
            "research_to_sale_ratio": null,
            "price_fair": 0,
            "eps_avg_yearly": 0,
            "eps_latest_yearly": 0,
            "eps_growth_yearly": 0
        },
        "20053": {
            "year_quarter": 20053,
            "year": 2005,
            "quarter": 3,
            "eps": null,
            "eps_growth_year": null,
            "eps_4q": null,
            "eps_4q_growth_year": null,
            "roe": null,
            "roe_4q": 0,
            "gross_profit": null,
            "gross_margin": null,
            "gross_margin_4q_avg": 0,
            "net_income": null,
            "net_income_4q": null,
            "revenue": null,
            "revenue_4q": null,
            "common_shares": null,
            "book_valuer_per_share": null,
            "book_valuer_per_share_4q_avg": 0,
            "equity": null,
            "current_ratio": null,
            "debt_ratio": null,
            "inventory_turnover_ratio": null,
            "account_receivable_turnover_ratio": null,
            "reinvestment_rate": null,
            "research_to_sale_ratio": null,
            "price_fair": 0,
            "eps_avg_yearly": 0,
            "eps_latest_yearly": 0,
            "eps_growth_yearly": 0
        },
        "20054": {
            "year_quarter": 20054,
            "year": 2005,
            "quarter": 4,
            "eps": null,
            "eps_growth_year": null,
            "eps_4q": null,
            "eps_4q_growth_year": null,
            "roe": null,
            "roe_4q": 0,
            "gross_profit": null,
            "gross_margin": null,
            "gross_margin_4q_avg": 0,
            "net_income": null,
            "net_income_4q": null,
            "revenue": null,
            "revenue_4q": null,
            "common_shares": 190000,
            "book_valuer_per_share": 14.99,
            "book_valuer_per_share_4q_avg": 3.75,
            "equity": 284775,
            "current_ratio": 109.58,
            "debt_ratio": 25.61,
            "inventory_turnover_ratio": null,
            "account_receivable_turnover_ratio": null,
            "reinvestment_rate": null,
            "research_to_sale_ratio": null,
            "price_fair": 0,
            "eps_avg_yearly": 0,
            "eps_latest_yearly": 0,
            "eps_growth_yearly": 0
        },
        "20061": {
            "year_quarter": 20061,
            "year": 2006,
            "quarter": 1,
            "eps": null,
            "eps_growth_year": null,
            "eps_4q": null,
            "eps_4q_growth_year": null,
            "roe": null,
            "roe_4q": 0,
            "gross_profit": null,
            "gross_margin": null,
            "gross_margin_4q_avg": 0,
            "net_income": null,
            "net_income_4q": null,
            "revenue": null,
            "revenue_4q": null,
            "common_shares": null,
            "book_valuer_per_share": null,
            "book_valuer_per_share_4q_avg": 3.75,
            "equity": null,
            "current_ratio": null,
            "debt_ratio": null,
            "inventory_turnover_ratio": null,
            "account_receivable_turnover_ratio": null,
            "reinvestment_rate": null,
            "research_to_sale_ratio": null,
            "price_fair": 0,
            "eps_avg_yearly": 0,
            "eps_latest_yearly": 0,
            "eps_growth_yearly": 0
        },
        "20062": {
            "year_quarter": 20062,
            "year": 2006,
            "quarter": 2,
            "eps": null,
            "eps_growth_year": null,
            "eps_4q": null,
            "eps_4q_growth_year": null,
            "roe": null,
            "roe_4q": 0,
            "gross_profit": null,
            "gross_margin": null,
            "gross_margin_4q_avg": 0,
            "net_income": null,
            "net_income_4q": null,
            "revenue": null,
            "revenue_4q": null,
            "common_shares": null,
            "book_valuer_per_share": null,
            "book_valuer_per_share_4q_avg": 3.75,
            "equity": null,
            "current_ratio": null,
            "debt_ratio": null,
            "inventory_turnover_ratio": null,
            "account_receivable_turnover_ratio": null,
            "reinvestment_rate": null,
            "research_to_sale_ratio": null,
            "price_fair": 0,
            "eps_avg_yearly": 0,
            "eps_latest_yearly": 0,
            "eps_growth_yearly": 0
        },
        "20063": {
            "year_quarter": 20063,
            "year": 2006,
            "quarter": 3,
            "eps": null,
            "eps_growth_year": null,
            "eps_4q": null,
            "eps_4q_growth_year": null,
            "roe": null,
            "roe_4q": 0,
            "gross_profit": null,
            "gross_margin": null,
            "gross_margin_4q_avg": 0,
            "net_income": null,
            "net_income_4q": null,
            "revenue": null,
            "revenue_4q": null,
            "common_shares": null,
            "book_valuer_per_share": null,
            "book_valuer_per_share_4q_avg": 3.75,
            "equity": null,
            "current_ratio": null,
            "debt_ratio": null,
            "inventory_turnover_ratio": null,
            "account_receivable_turnover_ratio": null,
            "reinvestment_rate": null,
            "research_to_sale_ratio": null,
            "price_fair": 0,
            "eps_avg_yearly": 0,
            "eps_latest_yearly": 0,
            "eps_growth_yearly": 0
        },
        "20064": {
            "year_quarter": 20064,
            "year": 2006,
            "quarter": 4,
            "eps": null,
            "eps_growth_year": null,
            "eps_4q": null,
            "eps_4q_growth_year": null,
            "roe": null,
            "roe_4q": 0,
            "gross_profit": null,
            "gross_margin": null,
            "gross_margin_4q_avg": 0,
            "net_income": null,
            "net_income_4q": null,
            "revenue": null,
            "revenue_4q": null,
            "common_shares": 190000,
            "book_valuer_per_share": 16.48,
            "book_valuer_per_share_4q_avg": 4.12,
            "equity": 313192,
            "current_ratio": 158.79,
            "debt_ratio": 22.22,
            "inventory_turnover_ratio": null,
            "account_receivable_turnover_ratio": null,
            "reinvestment_rate": null,
            "research_to_sale_ratio": null,
            "price_fair": 0,
            "eps_avg_yearly": 0,
            "eps_latest_yearly": 0,
            "eps_growth_yearly": 0
        },
        "20071": {
            "year_quarter": 20071,
            "year": 2007,
            "quarter": 1,
            "eps": null,
            "eps_growth_year": null,
            "eps_4q": null,
            "eps_4q_growth_year": null,
            "roe": null,
            "roe_4q": 0,
            "gross_profit": null,
            "gross_margin": null,
            "gross_margin_4q_avg": 0,
            "net_income": null,
            "net_income_4q": null,
            "revenue": null,
            "revenue_4q": null,
            "common_shares": null,
            "book_valuer_per_share": null,
            "book_valuer_per_share_4q_avg": 4.12,
            "equity": null,
            "current_ratio": null,
            "debt_ratio": null,
            "inventory_turnover_ratio": null,
            "account_receivable_turnover_ratio": null,
            "reinvestment_rate": null,
            "research_to_sale_ratio": null,
            "price_fair": 0,
            "eps_avg_yearly": 0,
            "eps_latest_yearly": 0,
            "eps_growth_yearly": 0
        },
        "20072": {
            "year_quarter": 20072,
            "year": 2007,
            "quarter": 2,
            "eps": null,
            "eps_growth_year": null,
            "eps_4q": null,
            "eps_4q_growth_year": null,
            "roe": null,
            "roe_4q": 0,
            "gross_profit": null,
            "gross_margin": null,
            "gross_margin_4q_avg": 0,
            "net_income": null,
            "net_income_4q": null,
            "revenue": null,
            "revenue_4q": null,
            "common_shares": null,
            "book_valuer_per_share": null,
            "book_valuer_per_share_4q_avg": 4.12,
            "equity": null,
            "current_ratio": null,
            "debt_ratio": null,
            "inventory_turnover_ratio": null,
            "account_receivable_turnover_ratio": null,
            "reinvestment_rate": null,
            "research_to_sale_ratio": null,
            "price_fair": 0,
            "eps_avg_yearly": 0,
            "eps_latest_yearly": 0,
            "eps_growth_yearly": 0
        },
        "20073": {
            "year_quarter": 20073,
            "year": 2007,
            "quarter": 3,
            "eps": null,
            "eps_growth_year": null,
            "eps_4q": null,
            "eps_4q_growth_year": null,
            "roe": null,
            "roe_4q": 0,
            "gross_profit": null,
            "gross_margin": null,
            "gross_margin_4q_avg": 0,
            "net_income": null,
            "net_income_4q": null,
            "revenue": null,
            "revenue_4q": null,
            "common_shares": null,
            "book_valuer_per_share": null,
            "book_valuer_per_share_4q_avg": 4.12,
            "equity": null,
            "current_ratio": null,
            "debt_ratio": null,
            "inventory_turnover_ratio": null,
            "account_receivable_turnover_ratio": null,
            "reinvestment_rate": null,
            "research_to_sale_ratio": null,
            "price_fair": 0,
            "eps_avg_yearly": 0,
            "eps_latest_yearly": 0,
            "eps_growth_yearly": 0
        },
        "20074": {
            "year_quarter": 20074,
            "year": 2007,
            "quarter": 4,
            "eps": null,
            "eps_growth_year": null,
            "eps_4q": null,
            "eps_4q_growth_year": null,
            "roe": null,
            "roe_4q": 0,
            "gross_profit": null,
            "gross_margin": null,
            "gross_margin_4q_avg": 0,
            "net_income": null,
            "net_income_4q": null,
            "revenue": null,
            "revenue_4q": null,
            "common_shares": 190000,
            "book_valuer_per_share": 13.05,
            "book_valuer_per_share_4q_avg": 3.26,
            "equity": 247993,
            "current_ratio": 95.16,
            "debt_ratio": 32.68,
            "inventory_turnover_ratio": null,
            "account_receivable_turnover_ratio": null,
            "reinvestment_rate": null,
            "research_to_sale_ratio": null,
            "price_fair": 0,
            "eps_avg_yearly": 0,
            "eps_latest_yearly": 0,
            "eps_growth_yearly": 0
        },
        "20081": {
            "year_quarter": 20081,
            "year": 2008,
            "quarter": 1,
            "eps": null,
            "eps_growth_year": null,
            "eps_4q": null,
            "eps_4q_growth_year": null,
            "roe": null,
            "roe_4q": 0,
            "gross_profit": null,
            "gross_margin": null,
            "gross_margin_4q_avg": 0,
            "net_income": null,
            "net_income_4q": null,
            "revenue": null,
            "revenue_4q": null,
            "common_shares": null,
            "book_valuer_per_share": null,
            "book_valuer_per_share_4q_avg": 3.26,
            "equity": null,
            "current_ratio": null,
            "debt_ratio": null,
            "inventory_turnover_ratio": null,
            "account_receivable_turnover_ratio": null,
            "reinvestment_rate": null,
            "research_to_sale_ratio": null,
            "price_fair": 0,
            "eps_avg_yearly": 0,
            "eps_latest_yearly": 0,
            "eps_growth_yearly": 0
        },
        "20082": {
            "year_quarter": 20082,
            "year": 2008,
            "quarter": 2,
            "eps": null,
            "eps_growth_year": null,
            "eps_4q": null,
            "eps_4q_growth_year": null,
            "roe": null,
            "roe_4q": 0,
            "gross_profit": null,
            "gross_margin": null,
            "gross_margin_4q_avg": 0,
            "net_income": null,
            "net_income_4q": null,
            "revenue": null,
            "revenue_4q": null,
            "common_shares": null,
            "book_valuer_per_share": null,
            "book_valuer_per_share_4q_avg": 3.26,
            "equity": null,
            "current_ratio": null,
            "debt_ratio": null,
            "inventory_turnover_ratio": null,
            "account_receivable_turnover_ratio": null,
            "reinvestment_rate": null,
            "research_to_sale_ratio": null,
            "price_fair": 0,
            "eps_avg_yearly": 0,
            "eps_latest_yearly": 0,
            "eps_growth_yearly": 0
        },
        "20083": {
            "year_quarter": 20083,
            "year": 2008,
            "quarter": 3,
            "eps": null,
            "eps_growth_year": null,
            "eps_4q": null,
            "eps_4q_growth_year": null,
            "roe": null,
            "roe_4q": 0,
            "gross_profit": null,
            "gross_margin": null,
            "gross_margin_4q_avg": 0,
            "net_income": null,
            "net_income_4q": null,
            "revenue": null,
            "revenue_4q": null,
            "common_shares": null,
            "book_valuer_per_share": null,
            "book_valuer_per_share_4q_avg": 3.26,
            "equity": null,
            "current_ratio": null,
            "debt_ratio": null,
            "inventory_turnover_ratio": null,
            "account_receivable_turnover_ratio": null,
            "reinvestment_rate": null,
            "research_to_sale_ratio": null,
            "price_fair": 0,
            "eps_avg_yearly": 0,
            "eps_latest_yearly": 0,
            "eps_growth_yearly": 0
        },
        "20084": {
            "year_quarter": 20084,
            "year": 2008,
            "quarter": 4,
            "eps": null,
            "eps_growth_year": null,
            "eps_4q": null,
            "eps_4q_growth_year": null,
            "roe": null,
            "roe_4q": 0,
            "gross_profit": null,
            "gross_margin": null,
            "gross_margin_4q_avg": 0,
            "net_income": null,
            "net_income_4q": null,
            "revenue": null,
            "revenue_4q": null,
            "common_shares": 190000,
            "book_valuer_per_share": 13.3,
            "book_valuer_per_share_4q_avg": 3.33,
            "equity": 252652,
            "current_ratio": 100.42,
            "debt_ratio": 24.12,
            "inventory_turnover_ratio": null,
            "account_receivable_turnover_ratio": null,
            "reinvestment_rate": null,
            "research_to_sale_ratio": null,
            "price_fair": 0,
            "eps_avg_yearly": 0,
            "eps_latest_yearly": 0,
            "eps_growth_yearly": 0
        },
        "20091": {
            "year_quarter": 20091,
            "year": 2009,
            "quarter": 1,
            "eps": null,
            "eps_growth_year": null,
            "eps_4q": null,
            "eps_4q_growth_year": null,
            "roe": null,
            "roe_4q": 0,
            "gross_profit": null,
            "gross_margin": null,
            "gross_margin_4q_avg": 0,
            "net_income": null,
            "net_income_4q": null,
            "revenue": null,
            "revenue_4q": null,
            "common_shares": null,
            "book_valuer_per_share": null,
            "book_valuer_per_share_4q_avg": 3.33,
            "equity": null,
            "current_ratio": null,
            "debt_ratio": null,
            "inventory_turnover_ratio": null,
            "account_receivable_turnover_ratio": null,
            "reinvestment_rate": null,
            "research_to_sale_ratio": null,
            "price_fair": 0,
            "eps_avg_yearly": 0,
            "eps_latest_yearly": 0,
            "eps_growth_yearly": 0
        },
        "20092": {
            "year_quarter": 20092,
            "year": 2009,
            "quarter": 2,
            "eps": null,
            "eps_growth_year": null,
            "eps_4q": null,
            "eps_4q_growth_year": null,
            "roe": null,
            "roe_4q": 0,
            "gross_profit": null,
            "gross_margin": null,
            "gross_margin_4q_avg": 0,
            "net_income": null,
            "net_income_4q": null,
            "revenue": null,
            "revenue_4q": null,
            "common_shares": null,
            "book_valuer_per_share": null,
            "book_valuer_per_share_4q_avg": 3.33,
            "equity": null,
            "current_ratio": null,
            "debt_ratio": null,
            "inventory_turnover_ratio": null,
            "account_receivable_turnover_ratio": null,
            "reinvestment_rate": null,
            "research_to_sale_ratio": null,
            "price_fair": 0,
            "eps_avg_yearly": 0,
            "eps_latest_yearly": 0,
            "eps_growth_yearly": 0
        },
        "20093": {
            "year_quarter": 20093,
            "year": 2009,
            "quarter": 3,
            "eps": null,
            "eps_growth_year": null,
            "eps_4q": null,
            "eps_4q_growth_year": null,
            "roe": null,
            "roe_4q": 0,
            "gross_profit": null,
            "gross_margin": null,
            "gross_margin_4q_avg": 0,
            "net_income": null,
            "net_income_4q": null,
            "revenue": null,
            "revenue_4q": null,
            "common_shares": null,
            "book_valuer_per_share": null,
            "book_valuer_per_share_4q_avg": 3.33,
            "equity": null,
            "current_ratio": null,
            "debt_ratio": null,
            "inventory_turnover_ratio": null,
            "account_receivable_turnover_ratio": null,
            "reinvestment_rate": null,
            "research_to_sale_ratio": null,
            "price_fair": 0,
            "eps_avg_yearly": 0,
            "eps_latest_yearly": 0,
            "eps_growth_yearly": 0
        },
        "20094": {
            "year_quarter": 20094,
            "year": 2009,
            "quarter": 4,
            "eps": null,
            "eps_growth_year": null,
            "eps_4q": null,
            "eps_4q_growth_year": null,
            "roe": null,
            "roe_4q": 0,
            "gross_profit": null,
            "gross_margin": null,
            "gross_margin_4q_avg": 0,
            "net_income": null,
            "net_income_4q": null,
            "revenue": null,
            "revenue_4q": null,
            "common_shares": 190400,
            "book_valuer_per_share": 27.21,
            "book_valuer_per_share_4q_avg": 6.8,
            "equity": 518128,
            "current_ratio": 295.01,
            "debt_ratio": 22.74,
            "inventory_turnover_ratio": null,
            "account_receivable_turnover_ratio": null,
            "reinvestment_rate": null,
            "research_to_sale_ratio": null,
            "price_fair": 0,
            "eps_avg_yearly": 0,
            "eps_latest_yearly": 0,
            "eps_growth_yearly": 0
        },
        "20101": {
            "year_quarter": 20101,
            "year": 2010,
            "quarter": 1,
            "eps": null,
            "eps_growth_year": null,
            "eps_4q": null,
            "eps_4q_growth_year": null,
            "roe": null,
            "roe_4q": 0,
            "gross_profit": 73388,
            "gross_margin": null,
            "gross_margin_4q_avg": 0,
            "net_income": 57675,
            "net_income_4q": null,
            "revenue": 172183,
            "revenue_4q": null,
            "common_shares": 190400,
            "book_valuer_per_share": 17.42,
            "book_valuer_per_share_4q_avg": 11.16,
            "equity": 331738,
            "current_ratio": 157.99,
            "debt_ratio": 30.06,
            "inventory_turnover_ratio": null,
            "account_receivable_turnover_ratio": null,
            "reinvestment_rate": null,
            "research_to_sale_ratio": null,
            "price_fair": 0,
            "eps_avg_yearly": 0,
            "eps_latest_yearly": 0,
            "eps_growth_yearly": 0
        },
        "20102": {
            "year_quarter": 20102,
            "year": 2010,
            "quarter": 2,
            "eps": null,
            "eps_growth_year": null,
            "eps_4q": null,
            "eps_4q_growth_year": null,
            "roe": null,
            "roe_4q": 0,
            "gross_profit": 78127,
            "gross_margin": null,
            "gross_margin_4q_avg": 0,
            "net_income": 58666,
            "net_income_4q": null,
            "revenue": 197122,
            "revenue_4q": null,
            "common_shares": 614536,
            "book_valuer_per_share": 18.79,
            "book_valuer_per_share_4q_avg": 15.86,
            "equity": 1154930,
            "current_ratio": 227.64,
            "debt_ratio": 9.53,
            "inventory_turnover_ratio": null,
            "account_receivable_turnover_ratio": null,
            "reinvestment_rate": null,
            "research_to_sale_ratio": null,
            "price_fair": 0,
            "eps_avg_yearly": 0,
            "eps_latest_yearly": 0,
            "eps_growth_yearly": 0
        },
        "20103": {
            "year_quarter": 20103,
            "year": 2010,
            "quarter": 3,
            "eps": null,
            "eps_growth_year": null,
            "eps_4q": null,
            "eps_4q_growth_year": null,
            "roe": null,
            "roe_4q": 0,
            "gross_profit": 134403,
            "gross_margin": null,
            "gross_margin_4q_avg": 0,
            "net_income": 166904,
            "net_income_4q": null,
            "revenue": 256673,
            "revenue_4q": null,
            "common_shares": 984536,
            "book_valuer_per_share": 14.04,
            "book_valuer_per_share_4q_avg": 19.37,
            "equity": 1381834,
            "current_ratio": 370.32,
            "debt_ratio": 8.38,
            "inventory_turnover_ratio": null,
            "account_receivable_turnover_ratio": null,
            "reinvestment_rate": null,
            "research_to_sale_ratio": null,
            "price_fair": 0,
            "eps_avg_yearly": 0,
            "eps_latest_yearly": 0,
            "eps_growth_yearly": 0
        },
        "20104": {
            "year_quarter": 20104,
            "year": 2010,
            "quarter": 4,
            "eps": null,
            "eps_growth_year": null,
            "eps_4q": null,
            "eps_4q_growth_year": null,
            "roe": null,
            "roe_4q": 0,
            "gross_profit": 198125,
            "gross_margin": null,
            "gross_margin_4q_avg": 0,
            "net_income": 226108,
            "net_income_4q": null,
            "revenue": 407350,
            "revenue_4q": null,
            "common_shares": 984536,
            "book_valuer_per_share": 16.35,
            "book_valuer_per_share_4q_avg": 16.65,
            "equity": 1609820,
            "current_ratio": 278.05,
            "debt_ratio": 17.82,
            "inventory_turnover_ratio": null,
            "account_receivable_turnover_ratio": null,
            "reinvestment_rate": null,
            "research_to_sale_ratio": null,
            "price_fair": 0,
            "eps_avg_yearly": 0,
            "eps_latest_yearly": 0,
            "eps_growth_yearly": 0
        },
        "20111": {
            "year_quarter": 20111,
            "year": 2011,
            "quarter": 1,
            "eps": 2.43,
            "eps_growth_year": null,
            "eps_4q": 2.43,
            "eps_4q_growth_year": null,
            "roe": 13.86,
            "roe_4q": 13.86,
            "gross_profit": 310911,
            "gross_margin": 67.83,
            "gross_margin_4q_avg": 16.96,
            "net_income": 239683,
            "net_income_4q": null,
            "revenue": 458370,
            "revenue_4q": null,
            "common_shares": 984536,
            "book_valuer_per_share": 18.79,
            "book_valuer_per_share_4q_avg": 16.99,
            "equity": 1849503,
            "current_ratio": 503.24,
            "debt_ratio": 10.58,
            "inventory_turnover_ratio": 5.28,
            "account_receivable_turnover_ratio": 1.3,
            "reinvestment_rate": null,
            "research_to_sale_ratio": 0.48,
            "price_fair": 0,
            "eps_avg_yearly": 0,
            "eps_latest_yearly": 0,
            "eps_growth_yearly": 0
        },
        "20112": {
            "year_quarter": 20112,
            "year": 2011,
            "quarter": 2,
            "eps": 3.47,
            "eps_growth_year": null,
            "eps_4q": 5.9,
            "eps_4q_growth_year": null,
            "roe": 19.05,
            "roe_4q": 32.91,
            "gross_profit": 415067,
            "gross_margin": 71.78,
            "gross_margin_4q_avg": 34.9,
            "net_income": 341183,
            "net_income_4q": null,
            "revenue": 578213,
            "revenue_4q": null,
            "common_shares": 984536,
            "book_valuer_per_share": 17.59,
            "book_valuer_per_share_4q_avg": 16.69,
            "equity": 1732268,
            "current_ratio": 379.76,
            "debt_ratio": 13.11,
            "inventory_turnover_ratio": 16.06,
            "account_receivable_turnover_ratio": 1.5,
            "reinvestment_rate": null,
            "research_to_sale_ratio": 0.35,
            "price_fair": 485.8,
            "eps_avg_yearly": 13.88,
            "eps_latest_yearly": 13.88,
            "eps_growth_yearly": 171.19
        },
        "20113": {
            "year_quarter": 20113,
            "year": 2011,
            "quarter": 3,
            "eps": 3.94,
            "eps_growth_year": null,
            "eps_4q": 9.29,
            "eps_4q_growth_year": null,
            "roe": 21.39,
            "roe_4q": 54.3,
            "gross_profit": 518258,
            "gross_margin": 74.56,
            "gross_margin_4q_avg": 53.54,
            "net_income": 426989,
            "net_income_4q": null,
            "revenue": 695110,
            "revenue_4q": null,
            "common_shares": 984536,
            "book_valuer_per_share": 22.81,
            "book_valuer_per_share_4q_avg": 18.89,
            "equity": 2259458,
            "current_ratio": 530.69,
            "debt_ratio": 11.53,
            "inventory_turnover_ratio": 4.71,
            "account_receivable_turnover_ratio": 1.68,
            "reinvestment_rate": null,
            "research_to_sale_ratio": 0.36,
            "price_fair": 518.7,
            "eps_avg_yearly": 14.82,
            "eps_latest_yearly": 15.76,
            "eps_growth_yearly": 112.69
        },
        "20114": {
            "year_quarter": 20114,
            "year": 2011,
            "quarter": 4,
            "eps": 2.83,
            "eps_growth_year": null,
            "eps_4q": 12.09,
            "eps_4q_growth_year": null,
            "roe": 9.5,
            "roe_4q": 63.8,
            "gross_profit": 403372,
            "gross_margin": 68.22,
            "gross_margin_4q_avg": 70.6,
            "net_income": 308646,
            "net_income_4q": null,
            "revenue": 591304,
            "revenue_4q": null,
            "common_shares": 1088880,
            "book_valuer_per_share": 38.96,
            "book_valuer_per_share_4q_avg": 24.54,
            "equity": 4241754,
            "current_ratio": 868.44,
            "debt_ratio": 8.4,
            "inventory_turnover_ratio": 2.98,
            "account_receivable_turnover_ratio": 1.26,
            "reinvestment_rate": null,
            "research_to_sale_ratio": 0.34,
            "price_fair": 477.87,
            "eps_avg_yearly": 13.65,
            "eps_latest_yearly": 11.32,
            "eps_growth_yearly": 37.56
        },
        "20121": {
            "year_quarter": 20121,
            "year": 2012,
            "quarter": 1,
            "eps": 3.42,
            "eps_growth_year": 40.74,
            "eps_4q": 13.31,
            "eps_4q_growth_year": 446.77,
            "roe": 8.41,
            "roe_4q": 58.349999999999994,
            "gross_profit": 456400,
            "gross_margin": 67.14,
            "gross_margin_4q_avg": 70.43,
            "net_income": 372586,
            "net_income_4q": null,
            "revenue": 679750,
            "revenue_4q": null,
            "common_shares": 1088880,
            "book_valuer_per_share": 42.38,
            "book_valuer_per_share_4q_avg": 30.44,
            "equity": 4614340,
            "current_ratio": 836.08,
            "debt_ratio": 8.53,
            "inventory_turnover_ratio": 3.26,
            "account_receivable_turnover_ratio": 1.26,
            "reinvestment_rate": null,
            "research_to_sale_ratio": 0.36,
            "price_fair": 478.1,
            "eps_avg_yearly": 13.66,
            "eps_latest_yearly": 13.68,
            "eps_growth_yearly": 49.02
        },
        "20122": {
            "year_quarter": 20122,
            "year": 2012,
            "quarter": 2,
            "eps": 3.82,
            "eps_growth_year": 10.33,
            "eps_4q": 14,
            "eps_4q_growth_year": 137.31,
            "roe": 9.84,
            "roe_4q": 49.14,
            "gross_profit": 498144,
            "gross_margin": 72.5,
            "gross_margin_4q_avg": 70.61,
            "net_income": 416329,
            "net_income_4q": null,
            "revenue": 687115,
            "revenue_4q": null,
            "common_shares": 1088880,
            "book_valuer_per_share": 35.32,
            "book_valuer_per_share_4q_avg": 34.87,
            "equity": 3845818,
            "current_ratio": 790.76,
            "debt_ratio": 8.19,
            "inventory_turnover_ratio": 3.06,
            "account_receivable_turnover_ratio": 1.13,
            "reinvestment_rate": null,
            "research_to_sale_ratio": 0.37,
            "price_fair": 489.44,
            "eps_avg_yearly": 13.98,
            "eps_latest_yearly": 15.28,
            "eps_growth_yearly": 48.57
        },
        "20123": {
            "year_quarter": 20123,
            "year": 2012,
            "quarter": 3,
            "eps": 3.28,
            "eps_growth_year": -16.76,
            "eps_4q": 13.36,
            "eps_4q_growth_year": 43.75,
            "roe": 8.87,
            "roe_4q": 36.620000000000005,
            "gross_profit": 446943,
            "gross_margin": 66.25,
            "gross_margin_4q_avg": 68.53,
            "net_income": 356796,
            "net_income_4q": null,
            "revenue": 674598,
            "revenue_4q": null,
            "common_shares": 1088880,
            "book_valuer_per_share": 38.6,
            "book_valuer_per_share_4q_avg": 38.82,
            "equity": 4202614,
            "current_ratio": 926.01,
            "debt_ratio": 7.35,
            "inventory_turnover_ratio": 3.4,
            "account_receivable_turnover_ratio": 1.1,
            "reinvestment_rate": null,
            "research_to_sale_ratio": 0.38,
            "price_fair": 484.4,
            "eps_avg_yearly": 13.84,
            "eps_latest_yearly": 13.12,
            "eps_growth_yearly": 31.05
        },
        "20124": {
            "year_quarter": 20124,
            "year": 2012,
            "quarter": 4,
            "eps": 2.85,
            "eps_growth_year": 0.4,
            "eps_4q": 13.37,
            "eps_4q_growth_year": 10.57,
            "roe": 7.11,
            "roe_4q": 34.230000000000004,
            "gross_profit": 400946,
            "gross_margin": 69.55,
            "gross_margin_4q_avg": 68.86,
            "net_income": 309896,
            "net_income_4q": null,
            "revenue": 576445,
            "revenue_4q": null,
            "common_shares": 1088880,
            "book_valuer_per_share": 41.44,
            "book_valuer_per_share_4q_avg": 39.44,
            "equity": 4512469,
            "current_ratio": 918.57,
            "debt_ratio": 7.72,
            "inventory_turnover_ratio": 2.22,
            "account_receivable_turnover_ratio": 0.89,
            "reinvestment_rate": null,
            "research_to_sale_ratio": 0.45,
            "price_fair": 392.94,
            "eps_avg_yearly": 13.49,
            "eps_latest_yearly": 11.4,
            "eps_growth_yearly": 19.12
        },
        "20131": {
            "year_quarter": 20131,
            "year": 2013,
            "quarter": 1,
            "eps": 2.33,
            "eps_growth_year": -31.87,
            "eps_4q": 12.28,
            "eps_4q_growth_year": -7.78,
            "roe": 5.47,
            "roe_4q": 31.29,
            "gross_profit": 344515,
            "gross_margin": 66.55,
            "gross_margin_4q_avg": 68.71,
            "net_income": 253590,
            "net_income_4q": null,
            "revenue": 517652,
            "revenue_4q": null,
            "common_shares": 1088880,
            "book_valuer_per_share": 43.64,
            "book_valuer_per_share_4q_avg": 39.75,
            "equity": 4752225,
            "current_ratio": 944.97,
            "debt_ratio": 8.3,
            "inventory_turnover_ratio": 4.31,
            "account_receivable_turnover_ratio": 0.59,
            "reinvestment_rate": null,
            "research_to_sale_ratio": 0.57,
            "price_fair": 228.42,
            "eps_avg_yearly": 12.97,
            "eps_latest_yearly": 9.32,
            "eps_growth_yearly": 7.61
        },
        "20132": {
            "year_quarter": 20132,
            "year": 2013,
            "quarter": 2,
            "eps": 2.45,
            "eps_growth_year": -35.92,
            "eps_4q": 10.9,
            "eps_4q_growth_year": -22.17,
            "roe": 6.3,
            "roe_4q": 27.75,
            "gross_profit": 366031,
            "gross_margin": 66.38,
            "gross_margin_4q_avg": 67.18,
            "net_income": 266333,
            "net_income_4q": null,
            "revenue": 551381,
            "revenue_4q": null,
            "common_shares": 1088880,
            "book_valuer_per_share": 34.06,
            "book_valuer_per_share_4q_avg": 39.44,
            "equity": 3708864,
            "current_ratio": 218.07,
            "debt_ratio": 31.2,
            "inventory_turnover_ratio": 30.03,
            "account_receivable_turnover_ratio": 0.53,
            "reinvestment_rate": null,
            "research_to_sale_ratio": 0.52,
            "price_fair": 240.43,
            "eps_avg_yearly": 12.62,
            "eps_latest_yearly": 9.8,
            "eps_growth_yearly": 9.05
        },
        "20133": {
            "year_quarter": 20133,
            "year": 2013,
            "quarter": 3,
            "eps": 3.63,
            "eps_growth_year": 10.78,
            "eps_4q": 11.25,
            "eps_4q_growth_year": -15.79,
            "roe": 10.11,
            "roe_4q": 28.99,
            "gross_profit": 510222,
            "gross_margin": 75.32,
            "gross_margin_4q_avg": 69.45,
            "net_income": 394932,
            "net_income_4q": null,
            "revenue": 677408,
            "revenue_4q": null,
            "common_shares": 1088880,
            "book_valuer_per_share": 37.69,
            "book_valuer_per_share_4q_avg": 39.21,
            "equity": 4103601,
            "current_ratio": 955.03,
            "debt_ratio": 8.02,
            "inventory_turnover_ratio": 28.1,
            "account_receivable_turnover_ratio": 0.57,
            "reinvestment_rate": null,
            "research_to_sale_ratio": 0.39,
            "price_fair": 448.28,
            "eps_avg_yearly": 12.81,
            "eps_latest_yearly": 14.52,
            "eps_growth_yearly": 27.41
        },
        "20134": {
            "year_quarter": 20134,
            "year": 2013,
            "quarter": 4,
            "eps": 3.06,
            "eps_growth_year": 7.57,
            "eps_4q": 11.46,
            "eps_4q_growth_year": -14.25,
            "roe": 7.81,
            "roe_4q": 29.689999999999998,
            "gross_profit": 439057,
            "gross_margin": 73.59,
            "gross_margin_4q_avg": 70.46,
            "net_income": 333366,
            "net_income_4q": null,
            "revenue": 596616,
            "revenue_4q": null,
            "common_shares": 1088880,
            "book_valuer_per_share": 40.76,
            "book_valuer_per_share_4q_avg": 39.04,
            "equity": 4438362,
            "current_ratio": 640.4,
            "debt_ratio": 11.81,
            "inventory_turnover_ratio": 32.25,
            "account_receivable_turnover_ratio": 0.48,
            "reinvestment_rate": 13.33,
            "research_to_sale_ratio": 0.44,
            "price_fair": 372.64,
            "eps_avg_yearly": 12.76,
            "eps_latest_yearly": 12.24,
            "eps_growth_yearly": 19.21
        },
        "20141": {
            "year_quarter": 20141,
            "year": 2014,
            "quarter": 1,
            "eps": 2.56,
            "eps_growth_year": 9.87,
            "eps_4q": 11.69,
            "eps_4q_growth_year": -4.75,
            "roe": 6.08,
            "roe_4q": 30.3,
            "gross_profit": 375038,
            "gross_margin": 70.09,
            "gross_margin_4q_avg": 71.35,
            "net_income": 278489,
            "net_income_4q": null,
            "revenue": 535097,
            "revenue_4q": null,
            "common_shares": 1088880,
            "book_valuer_per_share": 43.32,
            "book_valuer_per_share_4q_avg": 38.96,
            "equity": 4716705,
            "current_ratio": 695.41,
            "debt_ratio": 10.65,
            "inventory_turnover_ratio": 62.36,
            "account_receivable_turnover_ratio": 0.47,
            "reinvestment_rate": 15.17,
            "research_to_sale_ratio": 0.52,
            "price_fair": 278.09,
            "eps_avg_yearly": 12.55,
            "eps_latest_yearly": 10.24,
            "eps_growth_yearly": 12.16
        },
        "20142": {
            "year_quarter": 20142,
            "year": 2014,
            "quarter": 2,
            "eps": 2.14,
            "eps_growth_year": -12.65,
            "eps_4q": 11.39,
            "eps_4q_growth_year": 4.48,
            "roe": 5.3,
            "roe_4q": 29.299999999999997,
            "gross_profit": 373817,
            "gross_margin": 68.01,
            "gross_margin_4q_avg": 71.75,
            "net_income": 232933,
            "net_income_4q": null,
            "revenue": 549624,
            "revenue_4q": null,
            "common_shares": 1088880,
            "book_valuer_per_share": 37.45,
            "book_valuer_per_share_4q_avg": 39.81,
            "equity": 4078022,
            "current_ratio": 239.61,
            "debt_ratio": 27.04,
            "inventory_turnover_ratio": 59.67,
            "account_receivable_turnover_ratio": 0.51,
            "reinvestment_rate": 16.54,
            "research_to_sale_ratio": 0.52,
            "price_fair": 198.05,
            "eps_avg_yearly": 12.24,
            "eps_latest_yearly": 8.56,
            "eps_growth_yearly": 6.18
        },
        "20143": {
            "year_quarter": 20143,
            "year": 2014,
            "quarter": 3,
            "eps": 2.13,
            "eps_growth_year": -41.32,
            "eps_4q": 9.89,
            "eps_4q_growth_year": -12.07,
            "roe": 5.53,
            "roe_4q": 24.72,
            "gross_profit": 329485,
            "gross_margin": 65.93,
            "gross_margin_4q_avg": 69.41,
            "net_income": 231949,
            "net_income_4q": null,
            "revenue": 499756,
            "revenue_4q": null,
            "common_shares": 1088880,
            "book_valuer_per_share": 39.59,
            "book_valuer_per_share_4q_avg": 40.28,
            "equity": 4312971,
            "current_ratio": 556.6,
            "debt_ratio": 11.29,
            "inventory_turnover_ratio": 55.13,
            "account_receivable_turnover_ratio": 0.5,
            "reinvestment_rate": 26.41,
            "research_to_sale_ratio": 0.5,
            "price_fair": 186.87,
            "eps_avg_yearly": 11.97,
            "eps_latest_yearly": 8.52,
            "eps_growth_yearly": 5.61
        },
        "20144": {
            "year_quarter": 20144,
            "year": 2014,
            "quarter": 4,
            "eps": 2.6,
            "eps_growth_year": -15.13,
            "eps_4q": 9.43,
            "eps_4q_growth_year": -17.76,
            "roe": 6.35,
            "roe_4q": 23.259999999999998,
            "gross_profit": 388366,
            "gross_margin": 71.39,
            "gross_margin_4q_avg": 68.86,
            "net_income": 282704,
            "net_income_4q": null,
            "revenue": 543998,
            "revenue_4q": null,
            "common_shares": 1088880,
            "book_valuer_per_share": 42.17,
            "book_valuer_per_share_4q_avg": 40.63,
            "equity": 4593762,
            "current_ratio": 577.43,
            "debt_ratio": 11.81,
            "inventory_turnover_ratio": 52.37,
            "account_receivable_turnover_ratio": 0.57,
            "reinvestment_rate": -8.04,
            "research_to_sale_ratio": 1.69,
            "price_fair": 250.64,
            "eps_avg_yearly": 11.87,
            "eps_latest_yearly": 10.4,
            "eps_growth_yearly": 11.12
        },
        "20151": {
            "year_quarter": 20151,
            "year": 2015,
            "quarter": 1,
            "eps": 2.74,
            "eps_growth_year": 7.03,
            "eps_4q": 9.61,
            "eps_4q_growth_year": -17.84,
            "roe": 6.28,
            "roe_4q": 23.46,
            "gross_profit": 412474,
            "gross_margin": 74.94,
            "gross_margin_4q_avg": 70.07,
            "net_income": 297762,
            "net_income_4q": null,
            "revenue": 550406,
            "revenue_4q": null,
            "common_shares": 1088880,
            "book_valuer_per_share": 44.91,
            "book_valuer_per_share_4q_avg": 41.03,
            "equity": 4891431,
            "current_ratio": 569.82,
            "debt_ratio": 11.53,
            "inventory_turnover_ratio": 43.89,
            "account_receivable_turnover_ratio": 0.55,
            "reinvestment_rate": -9.96,
            "research_to_sale_ratio": 0.42,
            "price_fair": 257.13,
            "eps_avg_yearly": 11.81,
            "eps_latest_yearly": 10.96,
            "eps_growth_yearly": 11.77
        },
        "20152": {
            "year_quarter": 20152,
            "year": 2015,
            "quarter": 2,
            "eps": 2.58,
            "eps_growth_year": 20.56,
            "eps_4q": 10.05,
            "eps_4q_growth_year": -11.77,
            "roe": 6.11,
            "roe_4q": 24.270000000000003,
            "gross_profit": 398738,
            "gross_margin": 61.09,
            "gross_margin_4q_avg": 68.34,
            "net_income": 280591,
            "net_income_4q": null,
            "revenue": 652676,
            "revenue_4q": null,
            "common_shares": 1088880,
            "book_valuer_per_share": 39.48,
            "book_valuer_per_share_4q_avg": 41.54,
            "equity": 4300587,
            "current_ratio": 228.52,
            "debt_ratio": 26.48,
            "inventory_turnover_ratio": 118.97,
            "account_receivable_turnover_ratio": 0.75,
            "reinvestment_rate": -10.93,
            "research_to_sale_ratio": 0.35,
            "price_fair": 34.77,
            "eps_avg_yearly": 11.59,
            "eps_latest_yearly": 10.32,
            "eps_growth_yearly": -0.39
        },
        "20153": {
            "year_quarter": 20153,
            "year": 2015,
            "quarter": 3,
            "eps": 2.99,
            "eps_growth_year": 40.38,
            "eps_4q": 10.9,
            "eps_4q_growth_year": 10.21,
            "roe": 7.28,
            "roe_4q": 26.020000000000003,
            "gross_profit": 423855,
            "gross_margin": 56.32,
            "gross_margin_4q_avg": 65.94,
            "net_income": 325123,
            "net_income_4q": null,
            "revenue": 752608,
            "revenue_4q": null,
            "common_shares": 1088880,
            "book_valuer_per_share": 42.48,
            "book_valuer_per_share_4q_avg": 42.26,
            "equity": 4626911,
            "current_ratio": 401.92,
            "debt_ratio": 14.85,
            "inventory_turnover_ratio": 210.94,
            "account_receivable_turnover_ratio": 1.09,
            "reinvestment_rate": -17.48,
            "research_to_sale_ratio": 0.18,
            "price_fair": 113.53,
            "eps_avg_yearly": 11.35,
            "eps_latest_yearly": 11.96,
            "eps_growth_yearly": 0.19
        },
        "20154": {
            "year_quarter": 20154,
            "year": 2015,
            "quarter": 4,
            "eps": 3.01,
            "eps_growth_year": 15.99,
            "eps_4q": 11.32,
            "eps_4q_growth_year": 20.03,
            "roe": 6.85,
            "roe_4q": 26.52,
            "gross_profit": 460868,
            "gross_margin": 57.99,
            "gross_margin_4q_avg": 62.59,
            "net_income": 327998,
            "net_income_4q": null,
            "revenue": 794780,
            "revenue_4q": null,
            "common_shares": 1088880,
            "book_valuer_per_share": 45.47,
            "book_valuer_per_share_4q_avg": 43.09,
            "equity": 4952818,
            "current_ratio": 427.51,
            "debt_ratio": 14.68,
            "inventory_turnover_ratio": 141.79,
            "account_receivable_turnover_ratio": 1.07,
            "reinvestment_rate": -60.1,
            "research_to_sale_ratio": 0.44,
            "price_fair": 198.38,
            "eps_avg_yearly": 11.4,
            "eps_latest_yearly": 12.04,
            "eps_growth_yearly": 7.41
        },
        "20161": {
            "year_quarter": 20161,
            "year": 2016,
            "quarter": 1,
            "eps": 3.55,
            "eps_growth_year": 29.56,
            "eps_4q": 12.13,
            "eps_4q_growth_year": 26.28,
            "roe": 7.52,
            "roe_4q": 27.759999999999998,
            "gross_profit": 511529,
            "gross_margin": 63,
            "gross_margin_4q_avg": 59.6,
            "net_income": 386740,
            "net_income_4q": null,
            "revenue": 811916,
            "revenue_4q": null,
            "common_shares": 1088880,
            "book_valuer_per_share": 49.02,
            "book_valuer_per_share_4q_avg": 44.11,
            "equity": 5339259,
            "current_ratio": 473.16,
            "debt_ratio": 14.15,
            "inventory_turnover_ratio": 87.17,
            "account_receivable_turnover_ratio": 1.02,
            "reinvestment_rate": -67.18,
            "research_to_sale_ratio": 0.31,
            "price_fair": 190.63,
            "eps_avg_yearly": 11.43,
            "eps_latest_yearly": 14.2,
            "eps_growth_yearly": 6.68
        },
        "20162": {
            "year_quarter": 20162,
            "year": 2016,
            "quarter": 2,
            "eps": 3.4,
            "eps_growth_year": 31.78,
            "eps_4q": 12.95,
            "eps_4q_growth_year": 28.92,
            "roe": 7.43,
            "roe_4q": 29.08,
            "gross_profit": 496535,
            "gross_margin": 59.56,
            "gross_margin_4q_avg": 59.22,
            "net_income": 369872,
            "net_income_4q": null,
            "revenue": 833654,
            "revenue_4q": null,
            "common_shares": 1088880,
            "book_valuer_per_share": 42.42,
            "book_valuer_per_share_4q_avg": 44.85,
            "equity": 4619518,
            "current_ratio": 223.54,
            "debt_ratio": 29.75,
            "inventory_turnover_ratio": 113.3,
            "account_receivable_turnover_ratio": 1,
            "reinvestment_rate": -53.75,
            "research_to_sale_ratio": 0.29,
            "price_fair": 143.81,
            "eps_avg_yearly": 11.33,
            "eps_latest_yearly": 13.6,
            "eps_growth_yearly": 2.7
        },
        "20163": {
            "year_quarter": 20163,
            "year": 2016,
            "quarter": 3,
            "eps": 3.43,
            "eps_growth_year": 14.72,
            "eps_4q": 13.4,
            "eps_4q_growth_year": 22.9,
            "roe": 7.77,
            "roe_4q": 29.57,
            "gross_profit": 526617,
            "gross_margin": 65.29,
            "gross_margin_4q_avg": 61.46,
            "net_income": 373489,
            "net_income_4q": null,
            "revenue": 806552,
            "revenue_4q": null,
            "common_shares": 1088880,
            "book_valuer_per_share": 45.84,
            "book_valuer_per_share_4q_avg": 45.69,
            "equity": 4991398,
            "current_ratio": 509.58,
            "debt_ratio": 13.66,
            "inventory_turnover_ratio": 71.13,
            "account_receivable_turnover_ratio": 0.93,
            "reinvestment_rate": -62.07,
            "research_to_sale_ratio": 0.44,
            "price_fair": 186.94,
            "eps_avg_yearly": 11.36,
            "eps_latest_yearly": 13.72,
            "eps_growth_yearly": 6.45
        },
        "20164": {
            "year_quarter": 20164,
            "year": 2016,
            "quarter": 4,
            "eps": 2.85,
            "eps_growth_year": -5.36,
            "eps_4q": 13.23,
            "eps_4q_growth_year": 16.96,
            "roe": 6.02,
            "roe_4q": 28.74,
            "gross_profit": 458383,
            "gross_margin": 68.37,
            "gross_margin_4q_avg": 64.06,
            "net_income": 309954,
            "net_income_4q": null,
            "revenue": 670411,
            "revenue_4q": null,
            "common_shares": 1088880,
            "book_valuer_per_share": 48.67,
            "book_valuer_per_share_4q_avg": 46.49,
            "equity": 5299842,
            "current_ratio": 683.09,
            "debt_ratio": 11.35,
            "inventory_turnover_ratio": 51.3,
            "account_receivable_turnover_ratio": 0.84,
            "reinvestment_rate": -65.5,
            "research_to_sale_ratio": 0.13,
            "price_fair": 176.15,
            "eps_avg_yearly": 11.36,
            "eps_latest_yearly": 11.4,
            "eps_growth_yearly": 5.5
        },
        "20171": {
            "year_quarter": 20171,
            "year": 2017,
            "quarter": 1,
            "eps": 3.1,
            "eps_growth_year": -12.68,
            "eps_4q": 12.78,
            "eps_4q_growth_year": 5.36,
            "roe": 6.17,
            "roe_4q": 27.39,
            "gross_profit": 484447,
            "gross_margin": 73.71,
            "gross_margin_4q_avg": 66.73,
            "net_income": 337483,
            "net_income_4q": null,
            "revenue": 657273,
            "revenue_4q": null,
            "common_shares": 1088880,
            "book_valuer_per_share": 51.76,
            "book_valuer_per_share_4q_avg": 47.17,
            "equity": 5636268,
            "current_ratio": 701.21,
            "debt_ratio": 10.83,
            "inventory_turnover_ratio": 54.86,
            "account_receivable_turnover_ratio": 1.09,
            "reinvestment_rate": 25,
            "research_to_sale_ratio": 0.29,
            "price_fair": 257.18,
            "eps_avg_yearly": 11.56,
            "eps_latest_yearly": 12.4,
            "eps_growth_yearly": 12.26
        },
        "20172": {
            "year_quarter": 20172,
            "year": 2017,
            "quarter": 2,
            "eps": 3.18,
            "eps_growth_year": -6.47,
            "eps_4q": 12.56,
            "eps_4q_growth_year": -3.02,
            "roe": 6.67,
            "roe_4q": 26.63,
            "gross_profit": 494287,
            "gross_margin": 75.94,
            "gross_margin_4q_avg": 70.83,
            "net_income": 345922,
            "net_income_4q": null,
            "revenue": 650886,
            "revenue_4q": null,
            "common_shares": 1088880,
            "book_valuer_per_share": 43.45,
            "book_valuer_per_share_4q_avg": 47.43,
            "equity": 4730683,
            "current_ratio": 216.49,
            "debt_ratio": 27.34,
            "inventory_turnover_ratio": 51.72,
            "account_receivable_turnover_ratio": 1.39,
            "reinvestment_rate": 30.93,
            "research_to_sale_ratio": 0.88,
            "price_fair": 253.7,
            "eps_avg_yearly": 11.74,
            "eps_latest_yearly": 12.72,
            "eps_growth_yearly": 11.61
        },
        "20173": {
            "year_quarter": 20173,
            "year": 2017,
            "quarter": 3,
            "eps": 2.98,
            "eps_growth_year": -13.12,
            "eps_4q": 12.11,
            "eps_4q_growth_year": -9.62,
            "roe": 6.63,
            "roe_4q": 25.49,
            "gross_profit": 486484,
            "gross_margin": 72.4,
            "gross_margin_4q_avg": 72.61,
            "net_income": 324309,
            "net_income_4q": null,
            "revenue": 671900,
            "revenue_4q": null,
            "common_shares": 1088880,
            "book_valuer_per_share": 46.43,
            "book_valuer_per_share_4q_avg": 47.58,
            "equity": 5055261,
            "current_ratio": 634.5,
            "debt_ratio": 10.32,
            "inventory_turnover_ratio": 78.2,
            "account_receivable_turnover_ratio": 1.37,
            "reinvestment_rate": 43.79,
            "research_to_sale_ratio": 0.52,
            "price_fair": 34.73,
            "eps_avg_yearly": 11.58,
            "eps_latest_yearly": 11.92,
            "eps_growth_yearly": -2
        },
        "20174": {
            "year_quarter": 20174,
            "year": 2017,
            "quarter": 4,
            "eps": 3.27,
            "eps_growth_year": 14.56,
            "eps_4q": 12.52,
            "eps_4q_growth_year": -5.38,
            "roe": 6.8,
            "roe_4q": 26.270000000000003,
            "gross_profit": 519598,
            "gross_margin": 64.53,
            "gross_margin_4q_avg": 71.65,
            "net_income": 355784,
            "net_income_4q": null,
            "revenue": 805207,
            "revenue_4q": null,
            "common_shares": 1088880,
            "book_valuer_per_share": 49.69,
            "book_valuer_per_share_4q_avg": 47.83,
            "equity": 5411174,
            "current_ratio": 655.73,
            "debt_ratio": 10.73,
            "inventory_turnover_ratio": 74.98,
            "account_receivable_turnover_ratio": 1.52,
            "reinvestment_rate": 41.3,
            "research_to_sale_ratio": 0.49,
            "price_fair": 166.97,
            "eps_avg_yearly": 11.63,
            "eps_latest_yearly": 13.08,
            "eps_growth_yearly": 4.36
        },
        "20181": {
            "year_quarter": 20181,
            "year": 2018,
            "quarter": 1,
            "eps": 3.71,
            "eps_growth_year": 19.68,
            "eps_4q": 13.13,
            "eps_4q_growth_year": 2.76,
            "roe": 7.2,
            "roe_4q": 27.299999999999997,
            "gross_profit": 621526,
            "gross_margin": 68.95,
            "gross_margin_4q_avg": 70.46,
            "net_income": 404111,
            "net_income_4q": null,
            "revenue": 901422,
            "revenue_4q": null,
            "common_shares": 1088880,
            "book_valuer_per_share": 53.41,
            "book_valuer_per_share_4q_avg": 48.25,
            "equity": 5815926,
            "current_ratio": 574.61,
            "debt_ratio": 11.82,
            "inventory_turnover_ratio": 93.22,
            "account_receivable_turnover_ratio": 1.46,
            "reinvestment_rate": 35.65,
            "research_to_sale_ratio": 0.33,
            "price_fair": 259.85,
            "eps_avg_yearly": 11.92,
            "eps_latest_yearly": 14.84,
            "eps_growth_yearly": 11.81
        },
        "20182": {
            "year_quarter": 20182,
            "year": 2018,
            "quarter": 2,
            "eps": 3.09,
            "eps_growth_year": -2.83,
            "eps_4q": 13.05,
            "eps_4q_growth_year": 3.88,
            "roe": 6.25,
            "roe_4q": 26.88,
            "gross_profit": 553592,
            "gross_margin": 63.03,
            "gross_margin_4q_avg": 67.23,
            "net_income": 336508,
            "net_income_4q": null,
            "revenue": 878314,
            "revenue_4q": null,
            "common_shares": 1088880,
            "book_valuer_per_share": 45.5,
            "book_valuer_per_share_4q_avg": 48.76,
            "equity": 4954227,
            "current_ratio": 169.29,
            "debt_ratio": 28.23,
            "inventory_turnover_ratio": 334.59,
            "account_receivable_turnover_ratio": 1.26,
            "reinvestment_rate": 32.35,
            "research_to_sale_ratio": 0.47,
            "price_fair": 264.11,
            "eps_avg_yearly": 12.15,
            "eps_latest_yearly": 12.36,
            "eps_growth_yearly": 11.73
        },
        "20183": {
            "year_quarter": 20183,
            "year": 2018,
            "quarter": 3,
            "eps": 2.7,
            "eps_growth_year": -9.4,
            "eps_4q": 12.77,
            "eps_4q_growth_year": 5.51,
            "roe": 5.77,
            "roe_4q": 26.02,
            "gross_profit": 508832,
            "gross_margin": 62.3,
            "gross_margin_4q_avg": 64.7,
            "net_income": 294485,
            "net_income_4q": null,
            "revenue": 816790,
            "revenue_4q": null,
            "common_shares": 1088880,
            "book_valuer_per_share": 48.19,
            "book_valuer_per_share_4q_avg": 49.2,
            "equity": 5247629,
            "current_ratio": 239.62,
            "debt_ratio": 18.49,
            "inventory_turnover_ratio": 315.05,
            "account_receivable_turnover_ratio": 1.18,
            "reinvestment_rate": 48.95,
            "research_to_sale_ratio": 0.2,
            "price_fair": 229.84,
            "eps_avg_yearly": 12.3,
            "eps_latest_yearly": 10.8,
            "eps_growth_yearly": 8.69
        },
        "20184": {
            "year_quarter": 20184,
            "year": 2018,
            "quarter": 4,
            "eps": 2.62,
            "eps_growth_year": -19.75,
            "eps_4q": 12.13,
            "eps_4q_growth_year": -3.15,
            "roe": 5.3,
            "roe_4q": 24.52,
            "gross_profit": 463167,
            "gross_margin": 57.95,
            "gross_margin_4q_avg": 63.06,
            "net_income": 285506,
            "net_income_4q": null,
            "revenue": 799281,
            "revenue_4q": null,
            "common_shares": 1088880,
            "book_valuer_per_share": 50.82,
            "book_valuer_per_share_4q_avg": 49.48,
            "equity": 5533812,
            "current_ratio": 249.84,
            "debt_ratio": 18.82,
            "inventory_turnover_ratio": 239.82,
            "account_receivable_turnover_ratio": 1.22,
            "reinvestment_rate": 48.62,
            "research_to_sale_ratio": 0.21,
            "price_fair": 152.97,
            "eps_avg_yearly": 12.3,
            "eps_latest_yearly": 10.48,
            "eps_growth_yearly": 2.44
        },
        "20191": {
            "year_quarter": 20191,
            "year": 2019,
            "quarter": 1,
            "eps": 2.74,
            "eps_growth_year": -26.15,
            "eps_4q": 11.16,
            "eps_4q_growth_year": -15.04,
            "roe": 5.25,
            "roe_4q": 22.57,
            "gross_profit": 480670,
            "gross_margin": 70.64,
            "gross_margin_4q_avg": 63.48,
            "net_income": 298595,
            "net_income_4q": null,
            "revenue": 680434,
            "revenue_4q": null,
            "common_shares": 1088880,
            "book_valuer_per_share": 53.57,
            "book_valuer_per_share_4q_avg": 49.52,
            "equity": 5833044,
            "current_ratio": 259.87,
            "debt_ratio": 20.8,
            "inventory_turnover_ratio": 123.35,
            "account_receivable_turnover_ratio": 1.27,
            "reinvestment_rate": 46.31,
            "research_to_sale_ratio": 0.6,
            "price_fair": 150.5,
            "eps_avg_yearly": 12.3,
            "eps_latest_yearly": 10.96,
            "eps_growth_yearly": 2.24
        },
        "20192": {
            "year_quarter": 20192,
            "year": 2019,
            "quarter": 2,
            "eps": 2.77,
            "eps_growth_year": -10.36,
            "eps_4q": 10.83,
            "eps_4q_growth_year": -16.96,
            "roe": 5.5,
            "roe_4q": 21.82,
            "gross_profit": 472388,
            "gross_margin": 72.2,
            "gross_margin_4q_avg": 65.77,
            "net_income": 300534,
            "net_income_4q": null,
            "revenue": 654244,
            "revenue_4q": null,
            "common_shares": 1088880,
            "book_valuer_per_share": 46.33,
            "book_valuer_per_share_4q_avg": 49.73,
            "equity": 5089385,
            "current_ratio": 123.5,
            "debt_ratio": 30.54,
            "inventory_turnover_ratio": 172.29,
            "account_receivable_turnover_ratio": 1.4,
            "reinvestment_rate": 52.36,
            "research_to_sale_ratio": 0.63,
            "price_fair": 172.49,
            "eps_avg_yearly": 12.35,
            "eps_latest_yearly": 11.08,
            "eps_growth_yearly": 3.97
        },
        "20193": {
            "year_quarter": 20193,
            "year": 2019,
            "quarter": 3,
            "eps": 2.25,
            "eps_growth_year": -16.67,
            "eps_4q": 10.38,
            "eps_4q_growth_year": -18.75,
            "roe": 4.68,
            "roe_4q": 20.73,
            "gross_profit": 417739,
            "gross_margin": 64.92,
            "gross_margin_4q_avg": 66.43,
            "net_income": 243663,
            "net_income_4q": null,
            "revenue": 643462,
            "revenue_4q": null,
            "common_shares": 1088880,
            "book_valuer_per_share": 48.57,
            "book_valuer_per_share_4q_avg": 49.82,
            "equity": 5332207,
            "current_ratio": 204.38,
            "debt_ratio": 23.66,
            "inventory_turnover_ratio": 296.22,
            "account_receivable_turnover_ratio": 1.39,
            "reinvestment_rate": 53.2,
            "research_to_sale_ratio": 0.75,
            "price_fair": 36.49,
            "eps_avg_yearly": 12.16,
            "eps_latest_yearly": 9,
            "eps_growth_yearly": -4.7
        },
        "20194": {
            "year_quarter": 20194,
            "year": 2019,
            "quarter": 4,
            "eps": 3.07,
            "eps_growth_year": 17.12,
            "eps_4q": 10.83,
            "eps_4q_growth_year": -10.72,
            "roe": 6.06,
            "roe_4q": 21.49,
            "gross_profit": 455566,
            "gross_margin": 62.54,
            "gross_margin_4q_avg": 67.58,
            "net_income": 333434,
            "net_income_4q": null,
            "revenue": 728434,
            "revenue_4q": null,
            "common_shares": 1088880,
            "book_valuer_per_share": 51.69,
            "book_valuer_per_share_4q_avg": 50.04,
            "equity": 5670066,
            "current_ratio": 355.55,
            "debt_ratio": 20.09,
            "inventory_turnover_ratio": 202.05,
            "account_receivable_turnover_ratio": 1.39,
            "reinvestment_rate": 52.81,
            "research_to_sale_ratio": 0.54,
            "price_fair": 173.5,
            "eps_avg_yearly": 12.18,
            "eps_latest_yearly": 12.28,
            "eps_growth_yearly": 4.25
        },
        "20201": {
            "year_quarter": 20201,
            "year": 2020,
            "quarter": 1,
            "eps": 2.54,
            "eps_growth_year": -7.3,
            "eps_4q": 10.63,
            "eps_4q_growth_year": -4.77,
            "roe": 4.75,
            "roe_4q": 20.99,
            "gross_profit": 445395,
            "gross_margin": 68.3,
            "gross_margin_4q_avg": 66.99,
            "net_income": 275900,
            "net_income_4q": null,
            "revenue": 652095,
            "revenue_4q": null,
            "common_shares": 1088880,
            "book_valuer_per_share": 54.22,
            "book_valuer_per_share_4q_avg": 50.2,
            "equity": 5945491,
            "current_ratio": 347.29,
            "debt_ratio": 17.36,
            "inventory_turnover_ratio": 128.15,
            "account_receivable_turnover_ratio": 1.15,
            "reinvestment_rate": 51.77,
            "research_to_sale_ratio": 0.64,
            "price_fair": 35.78,
            "eps_avg_yearly": 11.93,
            "eps_latest_yearly": 10.16,
            "eps_growth_yearly": -4.55
        },
        "20202": {
            "year_quarter": 20202,
            "year": 2020,
            "quarter": 2,
            "eps": 2.29,
            "eps_growth_year": -17.33,
            "eps_4q": 10.15,
            "eps_4q_growth_year": -6.32,
            "roe": 4.49,
            "roe_4q": 19.98,
            "gross_profit": 423005,
            "gross_margin": 65.37,
            "gross_margin_4q_avg": 65.28,
            "net_income": 248327,
            "net_income_4q": null,
            "revenue": 647082,
            "revenue_4q": null,
            "common_shares": 1088880,
            "book_valuer_per_share": 46.51,
            "book_valuer_per_share_4q_avg": 50.25,
            "equity": 5104483,
            "current_ratio": 140.77,
            "debt_ratio": 30.44,
            "inventory_turnover_ratio": 138.06,
            "account_receivable_turnover_ratio": 1.23,
            "reinvestment_rate": 52.89,
            "research_to_sale_ratio": 0.7,
            "price_fair": 34.94,
            "eps_avg_yearly": 11.65,
            "eps_latest_yearly": 9.16,
            "eps_growth_yearly": -5.96
        },
        "20203": {
            "year_quarter": 20203,
            "year": 2020,
            "quarter": 3,
            "eps": 3.01,
            "eps_growth_year": 33.78,
            "eps_4q": 10.91,
            "eps_4q_growth_year": 5.15,
            "roe": 6.21,
            "roe_4q": 21.509999999999998,
            "gross_profit": 533717,
            "gross_margin": 75,
            "gross_margin_4q_avg": 67.8,
            "net_income": 327000,
            "net_income_4q": null,
            "revenue": 711596,
            "revenue_4q": null,
            "common_shares": 1088880,
            "book_valuer_per_share": 49.52,
            "book_valuer_per_share_4q_avg": 50.49,
            "equity": 5432027,
            "current_ratio": 286.72,
            "debt_ratio": 18.32,
            "inventory_turnover_ratio": 92.91,
            "account_receivable_turnover_ratio": 1.32,
            "reinvestment_rate": 53.29,
            "research_to_sale_ratio": 0.76,
            "price_fair": 134.84,
            "eps_avg_yearly": 11.54,
            "eps_latest_yearly": 12.04,
            "eps_growth_yearly": 1.68
        },
        "20204": {
            "year_quarter": 20204,
            "year": 2020,
            "quarter": 4,
            "eps": 2.97,
            "eps_growth_year": -3.33,
            "eps_4q": 10.81,
            "eps_4q_growth_year": -0.15,
            "roe": 5.77,
            "roe_4q": 21.22,
            "gross_profit": 479995,
            "gross_margin": 71.67,
            "gross_margin_4q_avg": 70.09,
            "net_income": 322571,
            "net_income_4q": null,
            "revenue": 669766,
            "revenue_4q": null,
            "common_shares": 1088880,
            "book_valuer_per_share": 52.49,
            "book_valuer_per_share_4q_avg": 50.69,
            "equity": 5754163,
            "current_ratio": 308.45,
            "debt_ratio": 19.4,
            "inventory_turnover_ratio": 93.35,
            "account_receivable_turnover_ratio": 1.32,
            "reinvestment_rate": 52.94,
            "research_to_sale_ratio": 0.88,
            "price_fair": 180.26,
            "eps_avg_yearly": 11.57,
            "eps_latest_yearly": 11.88,
            "eps_growth_yearly": 5.58
        },
        "20211": {
            "year_quarter": 20211,
            "year": 2021,
            "quarter": 1,
            "eps": 3.42,
            "eps_growth_year": 34.65,
            "eps_4q": 11.69,
            "eps_4q_growth_year": 10.03,
            "roe": 6.26,
            "roe_4q": 22.729999999999997,
            "gross_profit": 577842,
            "gross_margin": 70.73,
            "gross_margin_4q_avg": 70.69,
            "net_income": 372017,
            "net_income_4q": null,
            "revenue": 816970,
            "revenue_4q": null,
            "common_shares": 1088880,
            "book_valuer_per_share": 55.91,
            "book_valuer_per_share_4q_avg": 51.11,
            "equity": 6125991,
            "current_ratio": 318.9,
            "debt_ratio": 19.59,
            "inventory_turnover_ratio": 115.66,
            "account_receivable_turnover_ratio": 1.37,
            "reinvestment_rate": 47.07,
            "research_to_sale_ratio": 0.79,
            "price_fair": 200.09,
            "eps_avg_yearly": 11.65,
            "eps_latest_yearly": 13.68,
            "eps_growth_yearly": 7.17
        },
        "20212": {
            "year_quarter": 20212,
            "year": 2021,
            "quarter": 2,
            "eps": 2.43,
            "eps_growth_year": 6.11,
            "eps_4q": 11.83,
            "eps_4q_growth_year": 16.54,
            "roe": 4.62,
            "roe_4q": 22.86,
            "gross_profit": 417390,
            "gross_margin": 70.27,
            "gross_margin_4q_avg": 71.92,
            "net_income": 263731,
            "net_income_4q": null,
            "revenue": 593990,
            "revenue_4q": null,
            "common_shares": 1088880,
            "book_valuer_per_share": 48.3,
            "book_valuer_per_share_4q_avg": 51.56,
            "equity": 5280449,
            "current_ratio": 154.8,
            "debt_ratio": 30.86,
            "inventory_turnover_ratio": 85.71,
            "account_receivable_turnover_ratio": 0.98,
            "reinvestment_rate": 41.34,
            "research_to_sale_ratio": 1.13,
            "price_fair": 34.4,
            "eps_avg_yearly": 11.47,
            "eps_latest_yearly": 9.72,
            "eps_growth_yearly": -0.71
        },
        "20213": {
            "year_quarter": 20213,
            "year": 2021,
            "quarter": 3,
            "eps": 2.59,
            "eps_growth_year": -13.95,
            "eps_4q": 11.4,
            "eps_4q_growth_year": 4.49,
            "roe": 5.08,
            "roe_4q": 21.729999999999997,
            "gross_profit": 503586,
            "gross_margin": 66.04,
            "gross_margin_4q_avg": 69.68,
            "net_income": 283024,
            "net_income_4q": null,
            "revenue": 762532,
            "revenue_4q": null,
            "common_shares": 1088880,
            "book_valuer_per_share": 50.93,
            "book_valuer_per_share_4q_avg": 51.91,
            "equity": 5862902,
            "current_ratio": 241.75,
            "debt_ratio": 21.24,
            "inventory_turnover_ratio": 6.95,
            "account_receivable_turnover_ratio": 1.48,
            "reinvestment_rate": 29.38,
            "research_to_sale_ratio": 0.86,
            "price_fair": 142.19,
            "eps_avg_yearly": 11.37,
            "eps_latest_yearly": 10.36,
            "eps_growth_yearly": 2.51
        },
        "20214": {
            "year_quarter": 20214,
            "year": 2021,
            "quarter": 4,
            "eps": 2.16,
            "eps_growth_year": -27.37,
            "eps_4q": 10.59,
            "eps_4q_growth_year": -2.04,
            "roe": 3.94,
            "roe_4q": 19.9,
            "gross_profit": 419734,
            "gross_margin": 49.41,
            "gross_margin_4q_avg": 64.11,
            "net_income": 235922,
            "net_income_4q": null,
            "revenue": 849459,
            "revenue_4q": null,
            "common_shares": 1088880,
            "book_valuer_per_share": 53.09,
            "book_valuer_per_share_4q_avg": 52.06,
            "equity": 6099031,
            "current_ratio": 236.57,
            "debt_ratio": 21.29,
            "inventory_turnover_ratio": 5.83,
            "account_receivable_turnover_ratio": 1.52,
            "reinvestment_rate": 31.6,
            "research_to_sale_ratio": 0.94,
            "price_fair": 33.27,
            "eps_avg_yearly": 11.09,
            "eps_latest_yearly": 8.64,
            "eps_growth_yearly": -4.08
        },
        "20221": {
            "year_quarter": 20221,
            "year": 2022,
            "quarter": 1,
            "eps": 2.41,
            "eps_growth_year": -29.53,
            "eps_4q": 9.58,
            "eps_4q_growth_year": -18.09,
            "roe": 4.16,
            "roe_4q": 17.8,
            "gross_profit": 454142,
            "gross_margin": 40.5,
            "gross_margin_4q_avg": 56.56,
            "net_income": 259382,
            "net_income_4q": null,
            "revenue": 1121234,
            "revenue_4q": null,
            "common_shares": 1088880,
            "book_valuer_per_share": 55.5,
            "book_valuer_per_share_4q_avg": 51.96,
            "equity": 6358788,
            "current_ratio": 160.43,
            "debt_ratio": 33.7,
            "inventory_turnover_ratio": 8.47,
            "account_receivable_turnover_ratio": 1.99,
            "reinvestment_rate": 83.41,
            "research_to_sale_ratio": 0.63,
            "price_fair": 32.3,
            "eps_avg_yearly": 10.77,
            "eps_latest_yearly": 9.64,
            "eps_growth_yearly": -4.55
        },
        "20222": {
            "year_quarter": 20222,
            "year": 2022,
            "quarter": 2,
            "eps": 3.29,
            "eps_growth_year": 35.39,
            "eps_4q": 10.45,
            "eps_4q_growth_year": -11.69,
            "roe": 6.01,
            "roe_4q": 19.189999999999998,
            "gross_profit": 580690,
            "gross_margin": 45.8,
            "gross_margin_4q_avg": 50.44,
            "net_income": 359805,
            "net_income_4q": null,
            "revenue": 1267873,
            "revenue_4q": null,
            "common_shares": 1088880,
            "book_valuer_per_share": 48.75,
            "book_valuer_per_share_4q_avg": 52.07,
            "equity": 5624563,
            "current_ratio": 107.26,
            "debt_ratio": 38.08,
            "inventory_turnover_ratio": 8.47,
            "account_receivable_turnover_ratio": 2.08,
            "reinvestment_rate": 84.43,
            "research_to_sale_ratio": 0.57,
            "price_fair": 202.9,
            "eps_avg_yearly": 10.82,
            "eps_latest_yearly": 13.16,
            "eps_growth_yearly": 8.76
        },
        "20223": {
            "year_quarter": 20223,
            "year": 2022,
            "quarter": 3,
            "eps": 3.09,
            "eps_growth_year": 19.3,
            "eps_4q": 10.95,
            "eps_4q_growth_year": -3.96,
            "roe": 5.79,
            "roe_4q": 19.900000000000002,
            "gross_profit": 565739,
            "gross_margin": 40.3,
            "gross_margin_4q_avg": 44,
            "net_income": 335629,
            "net_income_4q": null,
            "revenue": 1403802,
            "revenue_4q": null,
            "common_shares": 1088880,
            "book_valuer_per_share": 51.84,
            "book_valuer_per_share_4q_avg": 52.3,
            "equity": 5960139,
            "current_ratio": 114.24,
            "debt_ratio": 41.17,
            "inventory_turnover_ratio": 10.75,
            "account_receivable_turnover_ratio": 2.22,
            "reinvestment_rate": 56.09,
            "research_to_sale_ratio": 0.53,
            "price_fair": 222.58,
            "eps_avg_yearly": 10.91,
            "eps_latest_yearly": 12.36,
            "eps_growth_yearly": 10.4
        },
        "20224": {
            "year_quarter": 20224,
            "year": 2022,
            "quarter": 4,
            "eps": 3.54,
            "eps_growth_year": 64.11,
            "eps_4q": 12.33,
            "eps_4q_growth_year": 16.46,
            "roe": 6.12,
            "roe_4q": 22.080000000000002,
            "gross_profit": 606835,
            "gross_margin": 41.82,
            "gross_margin_4q_avg": 42.11,
            "net_income": 384149,
            "net_income_4q": null,
            "revenue": 1451156,
            "revenue_4q": null,
            "common_shares": 1088880,
            "book_valuer_per_share": 57.73,
            "book_valuer_per_share_4q_avg": 53.46,
            "equity": 6600956,
            "current_ratio": 313.26,
            "debt_ratio": 47.49,
            "inventory_turnover_ratio": 12.7,
            "account_receivable_turnover_ratio": 2.62,
            "reinvestment_rate": 59.55,
            "research_to_sale_ratio": 0.64,
            "price_fair": 276.09,
            "eps_avg_yearly": 11.14,
            "eps_latest_yearly": 14.16,
            "eps_growth_yearly": 14.78
        },
        "20231": {
            "year_quarter": 20231,
            "year": 2023,
            "quarter": 1,
            "eps": 2.88,
            "eps_growth_year": 19.5,
            "eps_4q": 12.8,
            "eps_4q_growth_year": 33.68,
            "roe": 4.91,
            "roe_4q": 22.83,
            "gross_profit": 543521,
            "gross_margin": 42.26,
            "gross_margin_4q_avg": 42.55,
            "net_income": 311417,
            "net_income_4q": null,
            "revenue": 1286269,
            "revenue_4q": null,
            "common_shares": 1088880,
            "book_valuer_per_share": 50.78,
            "book_valuer_per_share_4q_avg": 52.28,
            "equity": 6092163,
            "current_ratio": 182.77,
            "debt_ratio": 55.34,
            "inventory_turnover_ratio": 12.48,
            "account_receivable_turnover_ratio": 2.59,
            "reinvestment_rate": 62.66,
            "research_to_sale_ratio": 0.51,
            "price_fair": 212.06,
            "eps_avg_yearly": 11.18,
            "eps_latest_yearly": 11.52,
            "eps_growth_yearly": 8.97
        },
        "20232": {
            "year_quarter": 20232,
            "year": 2023,
            "quarter": 2,
            "eps": 2.83,
            "eps_growth_year": -13.98,
            "eps_4q": 12.32,
            "eps_4q_growth_year": 17.95,
            "roe": 4.84,
            "roe_4q": 21.66,
            "gross_profit": 511725,
            "gross_margin": 41.15,
            "gross_margin_4q_avg": 41.38,
            "net_income": 302593,
            "net_income_4q": null,
            "revenue": 1243455,
            "revenue_4q": null,
            "common_shares": 1088886,
            "book_valuer_per_share": 53.84,
            "book_valuer_per_share_4q_avg": 53.55,
            "equity": 6419472,
            "current_ratio": 163.18,
            "debt_ratio": 53.1,
            "inventory_turnover_ratio": 12.01,
            "account_receivable_turnover_ratio": 2.56,
            "reinvestment_rate": 74.34,
            "research_to_sale_ratio": 0.52,
            "price_fair": 204.42,
            "eps_avg_yearly": 11.19,
            "eps_latest_yearly": 11.32,
            "eps_growth_yearly": 8.26
        },
        "20233": {
            "year_quarter": 20233,
            "year": 2023,
            "quarter": 3,
            "eps": 1.36,
            "eps_growth_year": -55.99,
            "eps_4q": 10.59,
            "eps_4q_growth_year": -3.34,
            "roe": 2.1,
            "roe_4q": 17.97,
            "gross_profit": 333316,
            "gross_margin": 49.1,
            "gross_margin_4q_avg": 43.58,
            "net_income": 136563,
            "net_income_4q": null,
            "revenue": 678851,
            "revenue_4q": null,
            "common_shares": 1091226,
            "book_valuer_per_share": 55.28,
            "book_valuer_per_share_4q_avg": 54.41,
            "equity": 6576518,
            "current_ratio": 116.83,
            "debt_ratio": 53.57,
            "inventory_turnover_ratio": 5.38,
            "account_receivable_turnover_ratio": 1.04,
            "reinvestment_rate": 95.57,
            "research_to_sale_ratio": 1.03,
            "price_fair": 32.91,
            "eps_avg_yearly": 10.97,
            "eps_latest_yearly": 5.44,
            "eps_growth_yearly": -0.03
        }
    },
    "months": {
        "2010-10": {
            "month": "2010-10",
            "price": "104.94",
            "revenue": 158979
        },
        "2010-11": {
            "month": "2010-11",
            "price": "101.36",
            "revenue": 113084
        },
        "2010-12": {
            "month": "2010-12",
            "price": "136.09",
            "revenue": 131663
        },
        "2011-01": {
            "month": "2011-01",
            "price": "164.09",
            "revenue": 69027
        },
        "2011-02": {
            "month": "2011-02",
            "price": "196.91",
            "revenue": 72137
        },
        "2011-03": {
            "month": "2011-03",
            "price": "202.86",
            "revenue": 77086
        },
        "2011-04": {
            "month": "2011-04",
            "price": "202.37",
            "revenue": 87805
        },
        "2011-05": {
            "month": "2011-05",
            "price": "213.07",
            "revenue": 64851
        },
        "2011-06": {
            "month": "2011-06",
            "price": "215.68",
            "revenue": 103843
        },
        "2011-07": {
            "month": "2011-07",
            "price": "213.04",
            "revenue": 229571
        },
        "2011-08": {
            "month": "2011-08",
            "price": "205.21",
            "revenue": 225666
        },
        "2011-09": {
            "month": "2011-09",
            "price": "217.95",
            "revenue": 239872
        },
        "2011-10": {
            "month": "2011-10",
            "price": "165.47",
            "revenue": 201703
        },
        "2011-11": {
            "month": "2011-11",
            "price": "184.32",
            "revenue": 198692
        },
        "2011-12": {
            "month": "2011-12",
            "price": "175.57",
            "revenue": 191210
        },
        "2012-01": {
            "month": "2012-01",
            "price": "170.83",
            "revenue": 188828
        },
        "2012-02": {
            "month": "2012-02",
            "price": "193.90",
            "revenue": 214072
        },
        "2012-03": {
            "month": "2012-03",
            "price": "210.72",
            "revenue": 276851
        },
        "2012-04": {
            "month": "2012-04",
            "price": "216.58",
            "revenue": 230718
        },
        "2012-05": {
            "month": "2012-05",
            "price": "206.86",
            "revenue": 213400
        },
        "2012-06": {
            "month": "2012-06",
            "price": "204.21",
            "revenue": 242997
        },
        "2012-07": {
            "month": "2012-07",
            "price": "200.41",
            "revenue": 232344
        },
        "2012-08": {
            "month": "2012-08",
            "price": "207.59",
            "revenue": 214443
        },
        "2012-09": {
            "month": "2012-09",
            "price": "207.35",
            "revenue": 227811
        },
        "2012-10": {
            "month": "2012-10",
            "price": "204.77",
            "revenue": 210266
        },
        "2012-11": {
            "month": "2012-11",
            "price": "203.73",
            "revenue": 200696
        },
        "2012-12": {
            "month": "2012-12",
            "price": "197.60",
            "revenue": 165483
        },
        "2013-01": {
            "month": "2013-01",
            "price": "193.55",
            "revenue": 182319
        },
        "2013-02": {
            "month": "2013-02",
            "price": "201.62",
            "revenue": 159970
        },
        "2013-03": {
            "month": "2013-03",
            "price": "212.00",
            "revenue": 175363
        },
        "2013-04": {
            "month": "2013-04",
            "price": "232.40",
            "revenue": 176201
        },
        "2013-05": {
            "month": "2013-05",
            "price": "244.11",
            "revenue": 193325
        },
        "2013-06": {
            "month": "2013-06",
            "price": "226.39",
            "revenue": 181856
        },
        "2013-07": {
            "month": "2013-07",
            "price": "218.78",
            "revenue": 222429
        },
        "2013-08": {
            "month": "2013-08",
            "price": "181.21",
            "revenue": 221758
        },
        "2013-09": {
            "month": "2013-09",
            "price": "172.55",
            "revenue": 233221
        },
        "2013-10": {
            "month": "2013-10",
            "price": "182.32",
            "revenue": 202948
        },
        "2013-11": {
            "month": "2013-11",
            "price": "182.14",
            "revenue": 188198
        },
        "2013-12": {
            "month": "2013-12",
            "price": "189.16",
            "revenue": 205470
        },
        "2014-01": {
            "month": "2014-01",
            "price": "189.28",
            "revenue": 187003
        },
        "2014-02": {
            "month": "2014-02",
            "price": "186.53",
            "revenue": 165975
        },
        "2014-03": {
            "month": "2014-03",
            "price": "188.74",
            "revenue": 182284
        },
        "2014-04": {
            "month": "2014-04",
            "price": "179.38",
            "revenue": 191639
        },
        "2014-05": {
            "month": "2014-05",
            "price": "175.74",
            "revenue": 182479
        },
        "2014-06": {
            "month": "2014-06",
            "price": "175.18",
            "revenue": 175342
        },
        "2014-07": {
            "month": "2014-07",
            "price": "175.80",
            "revenue": 169730
        },
        "2014-08": {
            "month": "2014-08",
            "price": "167.40",
            "revenue": 162759
        },
        "2014-09": {
            "month": "2014-09",
            "price": "156.86",
            "revenue": 167267
        },
        "2014-10": {
            "month": "2014-10",
            "price": "142.45",
            "revenue": 170031
        },
        "2014-11": {
            "month": "2014-11",
            "price": "131.85",
            "revenue": 182130
        },
        "2014-12": {
            "month": "2014-12",
            "price": "140.54",
            "revenue": 191836
        },
        "2015-01": {
            "month": "2015-01",
            "price": "151.28",
            "revenue": 168834
        },
        "2015-02": {
            "month": "2015-02",
            "price": "160.81",
            "revenue": 160479
        },
        "2015-03": {
            "month": "2015-03",
            "price": "164.34",
            "revenue": 221098
        },
        "2015-04": {
            "month": "2015-04",
            "price": "182.35",
            "revenue": 186430
        },
        "2015-05": {
            "month": "2015-05",
            "price": "185.40",
            "revenue": 242778
        },
        "2015-06": {
            "month": "2015-06",
            "price": "185.83",
            "revenue": 223463
        },
        "2015-07": {
            "month": "2015-07",
            "price": "168.07",
            "revenue": 250667
        },
        "2015-08": {
            "month": "2015-08",
            "price": "141.98",
            "revenue": 255089
        },
        "2015-09": {
            "month": "2015-09",
            "price": "147.25",
            "revenue": 246852
        },
        "2015-10": {
            "month": "2015-10",
            "price": "154.57",
            "revenue": 261751
        },
        "2015-11": {
            "month": "2015-11",
            "price": "173.24",
            "revenue": 260055
        },
        "2015-12": {
            "month": "2015-12",
            "price": "179.52",
            "revenue": 272974
        },
        "2016-01": {
            "month": "2016-01",
            "price": "163.95",
            "revenue": 260161
        },
        "2016-02": {
            "month": "2016-02",
            "price": "170.38",
            "revenue": 248247
        },
        "2016-03": {
            "month": "2016-03",
            "price": "178.48",
            "revenue": 303508
        },
        "2016-04": {
            "month": "2016-04",
            "price": "179.58",
            "revenue": 286652
        },
        "2016-05": {
            "month": "2016-05",
            "price": "174.79",
            "revenue": 273515
        },
        "2016-06": {
            "month": "2016-06",
            "price": "172.57",
            "revenue": 273487
        },
        "2016-07": {
            "month": "2016-07",
            "price": "170.28",
            "revenue": 254396
        },
        "2016-08": {
            "month": "2016-08",
            "price": "173.07",
            "revenue": 281758
        },
        "2016-09": {
            "month": "2016-09",
            "price": "174.11",
            "revenue": 270920
        },
        "2016-10": {
            "month": "2016-10",
            "price": "171.58",
            "revenue": 239415
        },
        "2016-11": {
            "month": "2016-11",
            "price": "165.59",
            "revenue": 213322
        },
        "2016-12": {
            "month": "2016-12",
            "price": "164.31",
            "revenue": 217151
        },
        "2017-01": {
            "month": "2017-01",
            "price": "162.72",
            "revenue": 207026
        },
        "2017-02": {
            "month": "2017-02",
            "price": "168.75",
            "revenue": 213527
        },
        "2017-03": {
            "month": "2017-03",
            "price": "173.00",
            "revenue": 236720
        },
        "2017-04": {
            "month": "2017-04",
            "price": "171.97",
            "revenue": 195923
        },
        "2017-05": {
            "month": "2017-05",
            "price": "174.10",
            "revenue": 219983
        },
        "2017-06": {
            "month": "2017-06",
            "price": "180.85",
            "revenue": 234980
        },
        "2017-07": {
            "month": "2017-07",
            "price": "174.14",
            "revenue": 216868
        },
        "2017-08": {
            "month": "2017-08",
            "price": "169.50",
            "revenue": 225918
        },
        "2017-09": {
            "month": "2017-09",
            "price": "168.34",
            "revenue": 229114
        },
        "2017-10": {
            "month": "2017-10",
            "price": "171.13",
            "revenue": 205992
        },
        "2017-11": {
            "month": "2017-11",
            "price": "172.34",
            "revenue": 288475
        },
        "2017-12": {
            "month": "2017-12",
            "price": "174.07",
            "revenue": 310740
        },
        "2018-01": {
            "month": "2018-01",
            "price": "174.41",
            "revenue": 289307
        },
        "2018-02": {
            "month": "2018-02",
            "price": "174.58",
            "revenue": 264384
        },
        "2018-03": {
            "month": "2018-03",
            "price": "181.87",
            "revenue": 347732
        },
        "2018-04": {
            "month": "2018-04",
            "price": "191.33",
            "revenue": 308365
        },
        "2018-05": {
            "month": "2018-05",
            "price": "190.82",
            "revenue": 319770
        },
        "2018-06": {
            "month": "2018-06",
            "price": "190.02",
            "revenue": 250179
        },
        "2018-07": {
            "month": "2018-07",
            "price": "185.89",
            "revenue": 296323
        },
        "2018-08": {
            "month": "2018-08",
            "price": "181.50",
            "revenue": 260737
        },
        "2018-09": {
            "month": "2018-09",
            "price": "176.45",
            "revenue": 259731
        },
        "2018-10": {
            "month": "2018-10",
            "price": "171.43",
            "revenue": 274661
        },
        "2018-11": {
            "month": "2018-11",
            "price": "169.05",
            "revenue": 237462
        },
        "2018-12": {
            "month": "2018-12",
            "price": "167.57",
            "revenue": 287159
        },
        "2019-01": {
            "month": "2019-01",
            "price": "169.07",
            "revenue": 254589
        },
        "2019-02": {
            "month": "2019-02",
            "price": "172.00",
            "revenue": 211492
        },
        "2019-03": {
            "month": "2019-03",
            "price": "172.80",
            "revenue": 214353
        },
        "2019-04": {
            "month": "2019-04",
            "price": "170.50",
            "revenue": 240340
        },
        "2019-05": {
            "month": "2019-05",
            "price": "169.30",
            "revenue": 217287
        },
        "2019-06": {
            "month": "2019-06",
            "price": "168.32",
            "revenue": 196617
        },
        "2019-07": {
            "month": "2019-07",
            "price": "160.70",
            "revenue": 200743
        },
        "2019-08": {
            "month": "2019-08",
            "price": "153.71",
            "revenue": 217459
        },
        "2019-09": {
            "month": "2019-09",
            "price": "155.24",
            "revenue": 225260
        },
        "2019-10": {
            "month": "2019-10",
            "price": "154.67",
            "revenue": 260188
        },
        "2019-11": {
            "month": "2019-11",
            "price": "157.76",
            "revenue": 221435
        },
        "2019-12": {
            "month": "2019-12",
            "price": "156.59",
            "revenue": 250331
        },
        "2020-01": {
            "month": "2020-01",
            "price": "156.40",
            "revenue": 195476
        },
        "2020-02": {
            "month": "2020-02",
            "price": "158.37",
            "revenue": 202107
        },
        "2020-03": {
            "month": "2020-03",
            "price": "143.86",
            "revenue": 254512
        },
        "2020-04": {
            "month": "2020-04",
            "price": "148.52",
            "revenue": 201092
        },
        "2020-05": {
            "month": "2020-05",
            "price": "154.62",
            "revenue": 226073
        },
        "2020-06": {
            "month": "2020-06",
            "price": "165.18",
            "revenue": 219917
        },
        "2020-07": {
            "month": "2020-07",
            "price": "157.67",
            "revenue": 250677
        },
        "2020-08": {
            "month": "2020-08",
            "price": "159.43",
            "revenue": 238758
        },
        "2020-09": {
            "month": "2020-09",
            "price": "159.14",
            "revenue": 222162
        },
        "2020-10": {
            "month": "2020-10",
            "price": "158.32",
            "revenue": 225020
        },
        "2020-11": {
            "month": "2020-11",
            "price": "161.62",
            "revenue": 220516
        },
        "2020-12": {
            "month": "2020-12",
            "price": "163.30",
            "revenue": 224169
        },
        "2021-01": {
            "month": "2021-01",
            "price": "161.95",
            "revenue": 233169
        },
        "2021-02": {
            "month": "2021-02",
            "price": "160.69",
            "revenue": 277211
        },
        "2021-03": {
            "month": "2021-03",
            "price": "171.00",
            "revenue": 306590
        },
        "2021-04": {
            "month": "2021-04",
            "price": "174.84",
            "revenue": 232095
        },
        "2021-05": {
            "month": "2021-05",
            "price": "172.19",
            "revenue": 194161
        },
        "2021-06": {
            "month": "2021-06",
            "price": "172.60",
            "revenue": 167734
        },
        "2021-07": {
            "month": "2021-07",
            "price": "167.52",
            "revenue": 222122
        },
        "2021-08": {
            "month": "2021-08",
            "price": "168.39",
            "revenue": 263766
        },
        "2021-09": {
            "month": "2021-09",
            "price": "175.58",
            "revenue": 276644
        },
        "2021-10": {
            "month": "2021-10",
            "price": "204.35",
            "revenue": 266247
        },
        "2021-11": {
            "month": "2021-11",
            "price": "231.16",
            "revenue": 294300
        },
        "2021-12": {
            "month": "2021-12",
            "price": "235.64",
            "revenue": 291211
        },
        "2022-01": {
            "month": "2022-01",
            "price": "211.67",
            "revenue": 392560
        },
        "2022-02": {
            "month": "2022-02",
            "price": "212.70",
            "revenue": 345028
        },
        "2022-03": {
            "month": "2022-03",
            "price": "202.35",
            "revenue": 383646
        },
        "2022-04": {
            "month": "2022-04",
            "price": "199.58",
            "revenue": 423002
        },
        "2022-05": {
            "month": "2022-05",
            "price": "194.07",
            "revenue": 411106
        },
        "2022-06": {
            "month": "2022-06",
            "price": "177.38",
            "revenue": 431881
        },
        "2022-07": {
            "month": "2022-07",
            "price": "170.69",
            "revenue": 398929
        },
        "2022-08": {
            "month": "2022-08",
            "price": "175.13",
            "revenue": 488257
        },
        "2022-09": {
            "month": "2022-09",
            "price": "178.05",
            "revenue": 519688
        },
        "2022-10": {
            "month": "2022-10",
            "price": "170.42",
            "revenue": 447848
        },
        "2022-11": {
            "month": "2022-11",
            "price": "169.95",
            "revenue": 536401
        },
        "2022-12": {
            "month": "2022-12",
            "price": "178.59",
            "revenue": 469958
        },
        "2023-01": {
            "month": "2023-01",
            "price": "179.73",
            "revenue": 463846
        },
        "2023-02": {
            "month": "2023-02",
            "price": "185.36",
            "revenue": 463608
        },
        "2023-03": {
            "month": "2023-03",
            "price": "187.30",
            "revenue": 361618
        },
        "2023-04": {
            "month": "2023-04",
            "price": "187.50",
            "revenue": 365641
        },
        "2023-05": {
            "month": "2023-05",
            "price": "200.91",
            "revenue": 508452
        },
        "2023-06": {
            "month": "2023-06",
            "price": "210.72",
            "revenue": 372105
        },
        "2023-07": {
            "month": "2023-07",
            "price": "195.67",
            "revenue": 158104
        },
        "2023-08": {
            "month": "2023-08",
            "price": "183.50",
            "revenue": 211596
        },
        "2023-09": {
            "month": "2023-09",
            "price": "180.08",
            "revenue": 310817
        },
        "2023-10": {
            "month": "2023-10",
            "price": "175.18",
            "revenue": 333528
        },
        "2023-11": {
            "month": "2023-11",
            "price": "177.80",
            "revenue": 382583
        }
    }
}
