{
    "summary": {
        "stock_name": "保綠-KY",
        "stock_id": "8423",
        "category": "綠能環保",
        "main_business": "再生膠、橡膠粉、橡膠粒等再生橡膠產品之製造及銷售",
        "website_url": "http://www.pgr.com.tw",
        "ceo": "李雲山",
        "pe_ratio": 29,
        "report_year_from": 2010,
        "report_year_to": 2023,
        "age": 14,
        "eps_negative_percentage": 8,
        "eps_growth_avg": {
            "last_all": -4.37,
            "last_2y": 6.48,
            "last_4y": -9.48,
            "last_8y": -11.34,
            "last_12y": null,
            "last_16y": null,
            "last_20y": null,
            "at_2006_last_3y": null,
            "at_2007_last_3y": null,
            "at_2008_last_3y": null,
            "at_2009_last_3y": null,
            "at_2010_last_3y": null,
            "at_2011_last_3y": null,
            "at_2012_last_3y": null,
            "at_2013_last_3y": null,
            "at_2014_last_3y": null,
            "at_2015_last_3y": 12.24,
            "at_2016_last_3y": -33.7,
            "at_2017_last_3y": -41.18,
            "at_2018_last_3y": -14.45,
            "at_2019_last_3y": -27.55,
            "at_2020_last_3y": -5.49,
            "at_2021_last_3y": -8.64,
            "at_2022_last_3y": -7.27,
            "at_2023_last_3y": -3.59,
            "at_2024_last_3y": -3.59,
            "at_2006_last_all": null,
            "at_2007_last_all": null,
            "at_2008_last_all": null,
            "at_2009_last_all": null,
            "at_2010_last_all": null,
            "at_2011_last_all": null,
            "at_2012_last_all": null,
            "at_2013_last_all": 36.25,
            "at_2014_last_all": 14.23,
            "at_2015_last_all": 12.24,
            "at_2016_last_all": -10.21,
            "at_2017_last_all": -10.21,
            "at_2018_last_all": -0.11,
            "at_2019_last_all": -4.81,
            "at_2020_last_all": -8.44,
            "at_2021_last_all": -9.51,
            "at_2022_last_all": -2.97,
            "at_2023_last_all": -4.37,
            "at_2024_last_all": -4.37
        },
        "latest_eps": 0.95,
        "latest_price": 27.35,
        "latest_roe": 6.67,
        "latest_gross_margin": 25.52,
        "latest_equity": 375490,
        "latest_revenue": 78758,
        "latest_gross_profit": 20102,
        "latest_net_income": 5469,
        "latest_debt_ratio": 45.52,
        "latest_current_ratio": 193.21,
        "latest_account_receivable_turnover_ratio": 1.66,
        "latest_inventory_turnover_ratio": 2.37,
        "latest_reinvestment_rate": 128.46,
        "latest_research_to_sale_ratio": null
    },
    "eps_dividends": {
        "2001": {
            "cash": 0,
            "stock": 0,
            "eps": 0
        },
        "2002": {
            "cash": 0,
            "stock": 0,
            "eps": 0
        },
        "2003": {
            "cash": 0,
            "stock": 0,
            "eps": 0
        },
        "2004": {
            "cash": 0,
            "stock": 0,
            "eps": 0
        },
        "2005": {
            "cash": 0,
            "stock": 0,
            "eps": 0
        },
        "2006": {
            "cash": 0,
            "stock": 0,
            "eps": 0
        },
        "2007": {
            "cash": 0,
            "stock": 0,
            "eps": 0
        },
        "2008": {
            "cash": 0,
            "stock": 0,
            "eps": 0
        },
        "2009": {
            "cash": 0,
            "stock": 0,
            "eps": 0
        },
        "2010": {
            "cash": 0,
            "stock": 0,
            "eps": 0
        },
        "2011": {
            "cash": 0,
            "stock": 0,
            "eps": 1.11
        },
        "2012": {
            "cash": 0.42,
            "stock": 0.11,
            "eps": 2.04
        },
        "2013": {
            "cash": 0.5,
            "stock": 0.5,
            "eps": 1.81
        },
        "2014": {
            "cash": 0.5,
            "stock": 0.3,
            "eps": 1.27
        },
        "2015": {
            "cash": 0.5,
            "stock": 0.3,
            "eps": 1.35
        },
        "2016": {
            "cash": 0.5,
            "stock": 0.3,
            "eps": -0.33
        },
        "2017": {
            "cash": 0.25,
            "stock": 0.3,
            "eps": 1.41
        },
        "2018": {
            "cash": 0.5,
            "stock": 0.5,
            "eps": 2.12
        },
        "2019": {
            "cash": 1,
            "stock": 0.5,
            "eps": 1.42
        },
        "2020": {
            "cash": 0.6,
            "stock": 0.4,
            "eps": 0.94
        },
        "2021": {
            "cash": 0.4,
            "stock": 0.5,
            "eps": 0.77
        },
        "2022": {
            "cash": 0.3,
            "stock": 0.3,
            "eps": 1.2
        },
        "2023": {
            "cash": 0.5,
            "stock": 0.5,
            "eps": 0.98
        }
    },
    "dividends": {
        "2012-06-06": {
            "cash": 0.42,
            "stock": 0.11
        },
        "2013-06-18": {
            "cash": 0.5,
            "stock": 0.5
        },
        "2014-09-18": {
            "cash": 0.5,
            "stock": 0.3
        },
        "2015-09-17": {
            "cash": 0.5,
            "stock": 0.3
        },
        "2016-09-14": {
            "cash": 0.5,
            "stock": 0.3
        },
        "2017-09-20": {
            "cash": 0.25,
            "stock": 0.3
        },
        "2018-09-14": {
            "cash": 0.5,
            "stock": 0.5
        },
        "2019-09-19": {
            "cash": 1,
            "stock": 0.5
        },
        "2020-10-21": {
            "cash": 0.6,
            "stock": 0.4
        },
        "2021-10-08": {
            "cash": 0.4,
            "stock": 0.5
        },
        "2022-10-07": {
            "cash": 0.3,
            "stock": 0.3
        },
        "2023-10-05": {
            "cash": 0.5,
            "stock": 0.5
        }
    },
    "prices": {
        "200101": "無",
        "200102": "無",
        "200103": "無",
        "200104": "無",
        "200105": "無",
        "200106": "無",
        "200107": "無",
        "200108": "無",
        "200109": "無",
        "200110": "無",
        "200111": "無",
        "200112": "無",
        "200201": "無",
        "200202": "無",
        "200203": "無",
        "200204": "無",
        "200205": "無",
        "200206": "無",
        "200207": "無",
        "200208": "無",
        "200209": "無",
        "200210": "無",
        "200211": "無",
        "200212": "無",
        "200301": "無",
        "200302": "無",
        "200303": "無",
        "200304": "無",
        "200305": "無",
        "200306": "無",
        "200307": "無",
        "200308": "無",
        "200309": "無",
        "200310": "無",
        "200311": "無",
        "200312": "無",
        "200401": "無",
        "200402": "無",
        "200403": "無",
        "200404": "無",
        "200405": "無",
        "200406": "無",
        "200407": "無",
        "200408": "無",
        "200409": "無",
        "200410": "無",
        "200411": "無",
        "200412": "無",
        "200501": "無",
        "200502": "無",
        "200503": "無",
        "200504": "無",
        "200505": "無",
        "200506": "無",
        "200507": "無",
        "200508": "無",
        "200509": "無",
        "200510": "無",
        "200511": "無",
        "200512": "無",
        "200601": "無",
        "200602": "無",
        "200603": "無",
        "200604": "無",
        "200605": "無",
        "200606": "無",
        "200607": "無",
        "200608": "無",
        "200609": "無",
        "200610": "無",
        "200611": "無",
        "200612": "無",
        "200701": "無",
        "200702": "無",
        "200703": "無",
        "200704": "無",
        "200705": "無",
        "200706": "無",
        "200707": "無",
        "200708": "無",
        "200709": "無",
        "200710": "無",
        "200711": "無",
        "200712": "無",
        "200801": "無",
        "200802": "無",
        "200803": "無",
        "200804": "無",
        "200805": "無",
        "200806": "無",
        "200807": "無",
        "200808": "無",
        "200809": "無",
        "200810": "無",
        "200811": "無",
        "200812": "無",
        "200901": "無",
        "200902": "無",
        "200903": "無",
        "200904": "無",
        "200905": "無",
        "200906": "無",
        "200907": "無",
        "200908": "無",
        "200909": "無",
        "200910": "無",
        "200911": "無",
        "200912": "無",
        "201001": "無",
        "201002": "無",
        "201003": "無",
        "201004": "無",
        "201005": "無",
        "201006": "無",
        "201007": "無",
        "201008": "無",
        "201009": "無",
        "201010": "無",
        "201011": "無",
        "201012": "無",
        "201101": "58.58",
        "201102": "73.40",
        "201103": "68.44",
        "201104": "65.92",
        "201105": "63.50",
        "201106": "65.00",
        "201107": "70.85",
        "201108": "69.50",
        "201109": "60.78",
        "201110": "53.12",
        "201111": "53.57",
        "201112": "54.07",
        "201201": "無",
        "201202": "49.39",
        "201203": "47.55",
        "201204": "38.38",
        "201205": "33.39",
        "201206": "29.50",
        "201207": "29.82",
        "201208": "32.72",
        "201209": "32.75",
        "201210": "32.90",
        "201211": "33.40",
        "201212": "31.42",
        "201301": "29.94",
        "201302": "29.63",
        "201303": "28.82",
        "201304": "29.19",
        "201305": "29.15",
        "201306": "30.59",
        "201307": "30.08",
        "201308": "30.06",
        "201309": "28.58",
        "201310": "28.28",
        "201311": "28.30",
        "201312": "30.02",
        "201401": "30.37",
        "201402": "29.91",
        "201403": "33.04",
        "201404": "32.45",
        "201405": "30.98",
        "201406": "30.04",
        "201407": "29.81",
        "201408": "29.71",
        "201409": "28.71",
        "201410": "27.80",
        "201411": "26.04",
        "201412": "25.62",
        "201501": "25.28",
        "201502": "24.49",
        "201503": "25.84",
        "201504": "24.16",
        "201505": "23.64",
        "201506": "23.27",
        "201507": "25.25",
        "201508": "23.88",
        "201509": "22.37",
        "201510": "23.28",
        "201511": "24.28",
        "201512": "23.85",
        "201601": "22.23",
        "201602": "21.31",
        "201603": "21.24",
        "201604": "20.52",
        "201605": "19.83",
        "201606": "19.15",
        "201607": "18.39",
        "201608": "19.08",
        "201609": "18.09",
        "201610": "16.88",
        "201611": "15.39",
        "201612": "17.57",
        "201701": "18.29",
        "201702": "18.02",
        "201703": "18.06",
        "201704": "18.11",
        "201705": "17.68",
        "201706": "17.98",
        "201707": "18.40",
        "201708": "20.13",
        "201709": "19.96",
        "201710": "19.19",
        "201711": "19.49",
        "201712": "21.09",
        "201801": "21.44",
        "201802": "22.42",
        "201803": "31.24",
        "201804": "29.06",
        "201805": "29.30",
        "201806": "28.40",
        "201807": "27.58",
        "201808": "25.29",
        "201809": "22.71",
        "201810": "21.24",
        "201811": "20.63",
        "201812": "21.25",
        "201901": "22.45",
        "201902": "22.08",
        "201903": "22.53",
        "201904": "23.81",
        "201905": "23.06",
        "201906": "22.65",
        "201907": "22.76",
        "201908": "23.11",
        "201909": "21.96",
        "201910": "22.08",
        "201911": "21.67",
        "201912": "20.79",
        "202001": "21.02",
        "202002": "20.16",
        "202003": "17.98",
        "202004": "16.68",
        "202005": "16.85",
        "202006": "17.03",
        "202007": "17.21",
        "202008": "17.22",
        "202009": "17.47",
        "202010": "16.75",
        "202011": "16.53",
        "202012": "16.45",
        "202101": "16.58",
        "202102": "16.48",
        "202103": "17.10",
        "202104": "17.93",
        "202105": "17.94",
        "202106": "17.95",
        "202107": "17.72",
        "202108": "17.76",
        "202109": "17.85",
        "202110": "17.53",
        "202111": "17.53",
        "202112": "18.16",
        "202201": "18.47",
        "202202": "18.96",
        "202203": "18.75",
        "202204": "18.27",
        "202205": "18.09",
        "202206": "17.99",
        "202207": "17.72",
        "202208": "18.46",
        "202209": "18.32",
        "202210": "17.19",
        "202211": "17.62",
        "202212": "17.89",
        "202301": "18.56",
        "202302": "18.17",
        "202303": "19.13",
        "202304": "20.55",
        "202305": "20.22",
        "202306": "21.04",
        "202307": "22.69",
        "202308": "22.95",
        "202309": "21.40",
        "202310": "20.56",
        "202311": "21.09",
        "202312": "22.09"
    },
    "quarters": {
        "20011": {
            "year_quarter": 20011,
            "year": 2001,
            "quarter": 1,
            "eps": null,
            "eps_growth_year": null,
            "eps_4q": null,
            "eps_4q_growth_year": null,
            "roe": null,
            "roe_4q": 0,
            "gross_profit": null,
            "gross_margin": null,
            "gross_margin_4q_avg": 0,
            "net_income": null,
            "net_income_4q": null,
            "revenue": null,
            "revenue_4q": null,
            "common_shares": null,
            "book_valuer_per_share": null,
            "book_valuer_per_share_4q_avg": 0,
            "equity": null,
            "current_ratio": null,
            "debt_ratio": null,
            "inventory_turnover_ratio": null,
            "account_receivable_turnover_ratio": null,
            "reinvestment_rate": null,
            "research_to_sale_ratio": null,
            "price_fair": 0,
            "eps_avg_yearly": 0,
            "eps_latest_yearly": 0,
            "eps_growth_yearly": 0
        },
        "20012": {
            "year_quarter": 20012,
            "year": 2001,
            "quarter": 2,
            "eps": null,
            "eps_growth_year": null,
            "eps_4q": null,
            "eps_4q_growth_year": null,
            "roe": null,
            "roe_4q": 0,
            "gross_profit": null,
            "gross_margin": null,
            "gross_margin_4q_avg": 0,
            "net_income": null,
            "net_income_4q": null,
            "revenue": null,
            "revenue_4q": null,
            "common_shares": null,
            "book_valuer_per_share": null,
            "book_valuer_per_share_4q_avg": 0,
            "equity": null,
            "current_ratio": null,
            "debt_ratio": null,
            "inventory_turnover_ratio": null,
            "account_receivable_turnover_ratio": null,
            "reinvestment_rate": null,
            "research_to_sale_ratio": null,
            "price_fair": 0,
            "eps_avg_yearly": 0,
            "eps_latest_yearly": 0,
            "eps_growth_yearly": 0
        },
        "20013": {
            "year_quarter": 20013,
            "year": 2001,
            "quarter": 3,
            "eps": null,
            "eps_growth_year": null,
            "eps_4q": null,
            "eps_4q_growth_year": null,
            "roe": null,
            "roe_4q": 0,
            "gross_profit": null,
            "gross_margin": null,
            "gross_margin_4q_avg": 0,
            "net_income": null,
            "net_income_4q": null,
            "revenue": null,
            "revenue_4q": null,
            "common_shares": null,
            "book_valuer_per_share": null,
            "book_valuer_per_share_4q_avg": 0,
            "equity": null,
            "current_ratio": null,
            "debt_ratio": null,
            "inventory_turnover_ratio": null,
            "account_receivable_turnover_ratio": null,
            "reinvestment_rate": null,
            "research_to_sale_ratio": null,
            "price_fair": 0,
            "eps_avg_yearly": 0,
            "eps_latest_yearly": 0,
            "eps_growth_yearly": 0
        },
        "20014": {
            "year_quarter": 20014,
            "year": 2001,
            "quarter": 4,
            "eps": null,
            "eps_growth_year": null,
            "eps_4q": null,
            "eps_4q_growth_year": null,
            "roe": null,
            "roe_4q": 0,
            "gross_profit": null,
            "gross_margin": null,
            "gross_margin_4q_avg": 0,
            "net_income": null,
            "net_income_4q": null,
            "revenue": null,
            "revenue_4q": null,
            "common_shares": null,
            "book_valuer_per_share": null,
            "book_valuer_per_share_4q_avg": 0,
            "equity": null,
            "current_ratio": null,
            "debt_ratio": null,
            "inventory_turnover_ratio": null,
            "account_receivable_turnover_ratio": null,
            "reinvestment_rate": null,
            "research_to_sale_ratio": null,
            "price_fair": 0,
            "eps_avg_yearly": 0,
            "eps_latest_yearly": 0,
            "eps_growth_yearly": 0
        },
        "20021": {
            "year_quarter": 20021,
            "year": 2002,
            "quarter": 1,
            "eps": null,
            "eps_growth_year": null,
            "eps_4q": null,
            "eps_4q_growth_year": null,
            "roe": null,
            "roe_4q": 0,
            "gross_profit": null,
            "gross_margin": null,
            "gross_margin_4q_avg": 0,
            "net_income": null,
            "net_income_4q": null,
            "revenue": null,
            "revenue_4q": null,
            "common_shares": null,
            "book_valuer_per_share": null,
            "book_valuer_per_share_4q_avg": 0,
            "equity": null,
            "current_ratio": null,
            "debt_ratio": null,
            "inventory_turnover_ratio": null,
            "account_receivable_turnover_ratio": null,
            "reinvestment_rate": null,
            "research_to_sale_ratio": null,
            "price_fair": 0,
            "eps_avg_yearly": 0,
            "eps_latest_yearly": 0,
            "eps_growth_yearly": 0
        },
        "20022": {
            "year_quarter": 20022,
            "year": 2002,
            "quarter": 2,
            "eps": null,
            "eps_growth_year": null,
            "eps_4q": null,
            "eps_4q_growth_year": null,
            "roe": null,
            "roe_4q": 0,
            "gross_profit": null,
            "gross_margin": null,
            "gross_margin_4q_avg": 0,
            "net_income": null,
            "net_income_4q": null,
            "revenue": null,
            "revenue_4q": null,
            "common_shares": null,
            "book_valuer_per_share": null,
            "book_valuer_per_share_4q_avg": 0,
            "equity": null,
            "current_ratio": null,
            "debt_ratio": null,
            "inventory_turnover_ratio": null,
            "account_receivable_turnover_ratio": null,
            "reinvestment_rate": null,
            "research_to_sale_ratio": null,
            "price_fair": 0,
            "eps_avg_yearly": 0,
            "eps_latest_yearly": 0,
            "eps_growth_yearly": 0
        },
        "20023": {
            "year_quarter": 20023,
            "year": 2002,
            "quarter": 3,
            "eps": null,
            "eps_growth_year": null,
            "eps_4q": null,
            "eps_4q_growth_year": null,
            "roe": null,
            "roe_4q": 0,
            "gross_profit": null,
            "gross_margin": null,
            "gross_margin_4q_avg": 0,
            "net_income": null,
            "net_income_4q": null,
            "revenue": null,
            "revenue_4q": null,
            "common_shares": null,
            "book_valuer_per_share": null,
            "book_valuer_per_share_4q_avg": 0,
            "equity": null,
            "current_ratio": null,
            "debt_ratio": null,
            "inventory_turnover_ratio": null,
            "account_receivable_turnover_ratio": null,
            "reinvestment_rate": null,
            "research_to_sale_ratio": null,
            "price_fair": 0,
            "eps_avg_yearly": 0,
            "eps_latest_yearly": 0,
            "eps_growth_yearly": 0
        },
        "20024": {
            "year_quarter": 20024,
            "year": 2002,
            "quarter": 4,
            "eps": null,
            "eps_growth_year": null,
            "eps_4q": null,
            "eps_4q_growth_year": null,
            "roe": null,
            "roe_4q": 0,
            "gross_profit": null,
            "gross_margin": null,
            "gross_margin_4q_avg": 0,
            "net_income": null,
            "net_income_4q": null,
            "revenue": null,
            "revenue_4q": null,
            "common_shares": null,
            "book_valuer_per_share": null,
            "book_valuer_per_share_4q_avg": 0,
            "equity": null,
            "current_ratio": null,
            "debt_ratio": null,
            "inventory_turnover_ratio": null,
            "account_receivable_turnover_ratio": null,
            "reinvestment_rate": null,
            "research_to_sale_ratio": null,
            "price_fair": 0,
            "eps_avg_yearly": 0,
            "eps_latest_yearly": 0,
            "eps_growth_yearly": 0
        },
        "20031": {
            "year_quarter": 20031,
            "year": 2003,
            "quarter": 1,
            "eps": null,
            "eps_growth_year": null,
            "eps_4q": null,
            "eps_4q_growth_year": null,
            "roe": null,
            "roe_4q": 0,
            "gross_profit": null,
            "gross_margin": null,
            "gross_margin_4q_avg": 0,
            "net_income": null,
            "net_income_4q": null,
            "revenue": null,
            "revenue_4q": null,
            "common_shares": null,
            "book_valuer_per_share": null,
            "book_valuer_per_share_4q_avg": 0,
            "equity": null,
            "current_ratio": null,
            "debt_ratio": null,
            "inventory_turnover_ratio": null,
            "account_receivable_turnover_ratio": null,
            "reinvestment_rate": null,
            "research_to_sale_ratio": null,
            "price_fair": 0,
            "eps_avg_yearly": 0,
            "eps_latest_yearly": 0,
            "eps_growth_yearly": 0
        },
        "20032": {
            "year_quarter": 20032,
            "year": 2003,
            "quarter": 2,
            "eps": null,
            "eps_growth_year": null,
            "eps_4q": null,
            "eps_4q_growth_year": null,
            "roe": null,
            "roe_4q": 0,
            "gross_profit": null,
            "gross_margin": null,
            "gross_margin_4q_avg": 0,
            "net_income": null,
            "net_income_4q": null,
            "revenue": null,
            "revenue_4q": null,
            "common_shares": null,
            "book_valuer_per_share": null,
            "book_valuer_per_share_4q_avg": 0,
            "equity": null,
            "current_ratio": null,
            "debt_ratio": null,
            "inventory_turnover_ratio": null,
            "account_receivable_turnover_ratio": null,
            "reinvestment_rate": null,
            "research_to_sale_ratio": null,
            "price_fair": 0,
            "eps_avg_yearly": 0,
            "eps_latest_yearly": 0,
            "eps_growth_yearly": 0
        },
        "20033": {
            "year_quarter": 20033,
            "year": 2003,
            "quarter": 3,
            "eps": null,
            "eps_growth_year": null,
            "eps_4q": null,
            "eps_4q_growth_year": null,
            "roe": null,
            "roe_4q": 0,
            "gross_profit": null,
            "gross_margin": null,
            "gross_margin_4q_avg": 0,
            "net_income": null,
            "net_income_4q": null,
            "revenue": null,
            "revenue_4q": null,
            "common_shares": null,
            "book_valuer_per_share": null,
            "book_valuer_per_share_4q_avg": 0,
            "equity": null,
            "current_ratio": null,
            "debt_ratio": null,
            "inventory_turnover_ratio": null,
            "account_receivable_turnover_ratio": null,
            "reinvestment_rate": null,
            "research_to_sale_ratio": null,
            "price_fair": 0,
            "eps_avg_yearly": 0,
            "eps_latest_yearly": 0,
            "eps_growth_yearly": 0
        },
        "20034": {
            "year_quarter": 20034,
            "year": 2003,
            "quarter": 4,
            "eps": null,
            "eps_growth_year": null,
            "eps_4q": null,
            "eps_4q_growth_year": null,
            "roe": null,
            "roe_4q": 0,
            "gross_profit": null,
            "gross_margin": null,
            "gross_margin_4q_avg": 0,
            "net_income": null,
            "net_income_4q": null,
            "revenue": null,
            "revenue_4q": null,
            "common_shares": null,
            "book_valuer_per_share": null,
            "book_valuer_per_share_4q_avg": 0,
            "equity": null,
            "current_ratio": null,
            "debt_ratio": null,
            "inventory_turnover_ratio": null,
            "account_receivable_turnover_ratio": null,
            "reinvestment_rate": null,
            "research_to_sale_ratio": null,
            "price_fair": 0,
            "eps_avg_yearly": 0,
            "eps_latest_yearly": 0,
            "eps_growth_yearly": 0
        },
        "20041": {
            "year_quarter": 20041,
            "year": 2004,
            "quarter": 1,
            "eps": null,
            "eps_growth_year": null,
            "eps_4q": null,
            "eps_4q_growth_year": null,
            "roe": null,
            "roe_4q": 0,
            "gross_profit": null,
            "gross_margin": null,
            "gross_margin_4q_avg": 0,
            "net_income": null,
            "net_income_4q": null,
            "revenue": null,
            "revenue_4q": null,
            "common_shares": null,
            "book_valuer_per_share": null,
            "book_valuer_per_share_4q_avg": 0,
            "equity": null,
            "current_ratio": null,
            "debt_ratio": null,
            "inventory_turnover_ratio": null,
            "account_receivable_turnover_ratio": null,
            "reinvestment_rate": null,
            "research_to_sale_ratio": null,
            "price_fair": 0,
            "eps_avg_yearly": 0,
            "eps_latest_yearly": 0,
            "eps_growth_yearly": 0
        },
        "20042": {
            "year_quarter": 20042,
            "year": 2004,
            "quarter": 2,
            "eps": null,
            "eps_growth_year": null,
            "eps_4q": null,
            "eps_4q_growth_year": null,
            "roe": null,
            "roe_4q": 0,
            "gross_profit": null,
            "gross_margin": null,
            "gross_margin_4q_avg": 0,
            "net_income": null,
            "net_income_4q": null,
            "revenue": null,
            "revenue_4q": null,
            "common_shares": null,
            "book_valuer_per_share": null,
            "book_valuer_per_share_4q_avg": 0,
            "equity": null,
            "current_ratio": null,
            "debt_ratio": null,
            "inventory_turnover_ratio": null,
            "account_receivable_turnover_ratio": null,
            "reinvestment_rate": null,
            "research_to_sale_ratio": null,
            "price_fair": 0,
            "eps_avg_yearly": 0,
            "eps_latest_yearly": 0,
            "eps_growth_yearly": 0
        },
        "20043": {
            "year_quarter": 20043,
            "year": 2004,
            "quarter": 3,
            "eps": null,
            "eps_growth_year": null,
            "eps_4q": null,
            "eps_4q_growth_year": null,
            "roe": null,
            "roe_4q": 0,
            "gross_profit": null,
            "gross_margin": null,
            "gross_margin_4q_avg": 0,
            "net_income": null,
            "net_income_4q": null,
            "revenue": null,
            "revenue_4q": null,
            "common_shares": null,
            "book_valuer_per_share": null,
            "book_valuer_per_share_4q_avg": 0,
            "equity": null,
            "current_ratio": null,
            "debt_ratio": null,
            "inventory_turnover_ratio": null,
            "account_receivable_turnover_ratio": null,
            "reinvestment_rate": null,
            "research_to_sale_ratio": null,
            "price_fair": 0,
            "eps_avg_yearly": 0,
            "eps_latest_yearly": 0,
            "eps_growth_yearly": 0
        },
        "20044": {
            "year_quarter": 20044,
            "year": 2004,
            "quarter": 4,
            "eps": null,
            "eps_growth_year": null,
            "eps_4q": null,
            "eps_4q_growth_year": null,
            "roe": null,
            "roe_4q": 0,
            "gross_profit": null,
            "gross_margin": null,
            "gross_margin_4q_avg": 0,
            "net_income": null,
            "net_income_4q": null,
            "revenue": null,
            "revenue_4q": null,
            "common_shares": null,
            "book_valuer_per_share": null,
            "book_valuer_per_share_4q_avg": 0,
            "equity": null,
            "current_ratio": null,
            "debt_ratio": null,
            "inventory_turnover_ratio": null,
            "account_receivable_turnover_ratio": null,
            "reinvestment_rate": null,
            "research_to_sale_ratio": null,
            "price_fair": 0,
            "eps_avg_yearly": 0,
            "eps_latest_yearly": 0,
            "eps_growth_yearly": 0
        },
        "20051": {
            "year_quarter": 20051,
            "year": 2005,
            "quarter": 1,
            "eps": null,
            "eps_growth_year": null,
            "eps_4q": null,
            "eps_4q_growth_year": null,
            "roe": null,
            "roe_4q": 0,
            "gross_profit": null,
            "gross_margin": null,
            "gross_margin_4q_avg": 0,
            "net_income": null,
            "net_income_4q": null,
            "revenue": null,
            "revenue_4q": null,
            "common_shares": null,
            "book_valuer_per_share": null,
            "book_valuer_per_share_4q_avg": 0,
            "equity": null,
            "current_ratio": null,
            "debt_ratio": null,
            "inventory_turnover_ratio": null,
            "account_receivable_turnover_ratio": null,
            "reinvestment_rate": null,
            "research_to_sale_ratio": null,
            "price_fair": 0,
            "eps_avg_yearly": 0,
            "eps_latest_yearly": 0,
            "eps_growth_yearly": 0
        },
        "20052": {
            "year_quarter": 20052,
            "year": 2005,
            "quarter": 2,
            "eps": null,
            "eps_growth_year": null,
            "eps_4q": null,
            "eps_4q_growth_year": null,
            "roe": null,
            "roe_4q": 0,
            "gross_profit": null,
            "gross_margin": null,
            "gross_margin_4q_avg": 0,
            "net_income": null,
            "net_income_4q": null,
            "revenue": null,
            "revenue_4q": null,
            "common_shares": null,
            "book_valuer_per_share": null,
            "book_valuer_per_share_4q_avg": 0,
            "equity": null,
            "current_ratio": null,
            "debt_ratio": null,
            "inventory_turnover_ratio": null,
            "account_receivable_turnover_ratio": null,
            "reinvestment_rate": null,
            "research_to_sale_ratio": null,
            "price_fair": 0,
            "eps_avg_yearly": 0,
            "eps_latest_yearly": 0,
            "eps_growth_yearly": 0
        },
        "20053": {
            "year_quarter": 20053,
            "year": 2005,
            "quarter": 3,
            "eps": null,
            "eps_growth_year": null,
            "eps_4q": null,
            "eps_4q_growth_year": null,
            "roe": null,
            "roe_4q": 0,
            "gross_profit": null,
            "gross_margin": null,
            "gross_margin_4q_avg": 0,
            "net_income": null,
            "net_income_4q": null,
            "revenue": null,
            "revenue_4q": null,
            "common_shares": null,
            "book_valuer_per_share": null,
            "book_valuer_per_share_4q_avg": 0,
            "equity": null,
            "current_ratio": null,
            "debt_ratio": null,
            "inventory_turnover_ratio": null,
            "account_receivable_turnover_ratio": null,
            "reinvestment_rate": null,
            "research_to_sale_ratio": null,
            "price_fair": 0,
            "eps_avg_yearly": 0,
            "eps_latest_yearly": 0,
            "eps_growth_yearly": 0
        },
        "20054": {
            "year_quarter": 20054,
            "year": 2005,
            "quarter": 4,
            "eps": null,
            "eps_growth_year": null,
            "eps_4q": null,
            "eps_4q_growth_year": null,
            "roe": null,
            "roe_4q": 0,
            "gross_profit": null,
            "gross_margin": null,
            "gross_margin_4q_avg": 0,
            "net_income": null,
            "net_income_4q": null,
            "revenue": null,
            "revenue_4q": null,
            "common_shares": null,
            "book_valuer_per_share": null,
            "book_valuer_per_share_4q_avg": 0,
            "equity": null,
            "current_ratio": null,
            "debt_ratio": null,
            "inventory_turnover_ratio": null,
            "account_receivable_turnover_ratio": null,
            "reinvestment_rate": null,
            "research_to_sale_ratio": null,
            "price_fair": 0,
            "eps_avg_yearly": 0,
            "eps_latest_yearly": 0,
            "eps_growth_yearly": 0
        },
        "20061": {
            "year_quarter": 20061,
            "year": 2006,
            "quarter": 1,
            "eps": null,
            "eps_growth_year": null,
            "eps_4q": null,
            "eps_4q_growth_year": null,
            "roe": null,
            "roe_4q": 0,
            "gross_profit": null,
            "gross_margin": null,
            "gross_margin_4q_avg": 0,
            "net_income": null,
            "net_income_4q": null,
            "revenue": null,
            "revenue_4q": null,
            "common_shares": null,
            "book_valuer_per_share": null,
            "book_valuer_per_share_4q_avg": 0,
            "equity": null,
            "current_ratio": null,
            "debt_ratio": null,
            "inventory_turnover_ratio": null,
            "account_receivable_turnover_ratio": null,
            "reinvestment_rate": null,
            "research_to_sale_ratio": null,
            "price_fair": 0,
            "eps_avg_yearly": 0,
            "eps_latest_yearly": 0,
            "eps_growth_yearly": 0
        },
        "20062": {
            "year_quarter": 20062,
            "year": 2006,
            "quarter": 2,
            "eps": null,
            "eps_growth_year": null,
            "eps_4q": null,
            "eps_4q_growth_year": null,
            "roe": null,
            "roe_4q": 0,
            "gross_profit": null,
            "gross_margin": null,
            "gross_margin_4q_avg": 0,
            "net_income": null,
            "net_income_4q": null,
            "revenue": null,
            "revenue_4q": null,
            "common_shares": null,
            "book_valuer_per_share": null,
            "book_valuer_per_share_4q_avg": 0,
            "equity": null,
            "current_ratio": null,
            "debt_ratio": null,
            "inventory_turnover_ratio": null,
            "account_receivable_turnover_ratio": null,
            "reinvestment_rate": null,
            "research_to_sale_ratio": null,
            "price_fair": 0,
            "eps_avg_yearly": 0,
            "eps_latest_yearly": 0,
            "eps_growth_yearly": 0
        },
        "20063": {
            "year_quarter": 20063,
            "year": 2006,
            "quarter": 3,
            "eps": null,
            "eps_growth_year": null,
            "eps_4q": null,
            "eps_4q_growth_year": null,
            "roe": null,
            "roe_4q": 0,
            "gross_profit": null,
            "gross_margin": null,
            "gross_margin_4q_avg": 0,
            "net_income": null,
            "net_income_4q": null,
            "revenue": null,
            "revenue_4q": null,
            "common_shares": null,
            "book_valuer_per_share": null,
            "book_valuer_per_share_4q_avg": 0,
            "equity": null,
            "current_ratio": null,
            "debt_ratio": null,
            "inventory_turnover_ratio": null,
            "account_receivable_turnover_ratio": null,
            "reinvestment_rate": null,
            "research_to_sale_ratio": null,
            "price_fair": 0,
            "eps_avg_yearly": 0,
            "eps_latest_yearly": 0,
            "eps_growth_yearly": 0
        },
        "20064": {
            "year_quarter": 20064,
            "year": 2006,
            "quarter": 4,
            "eps": null,
            "eps_growth_year": null,
            "eps_4q": null,
            "eps_4q_growth_year": null,
            "roe": null,
            "roe_4q": 0,
            "gross_profit": null,
            "gross_margin": null,
            "gross_margin_4q_avg": 0,
            "net_income": null,
            "net_income_4q": null,
            "revenue": null,
            "revenue_4q": null,
            "common_shares": null,
            "book_valuer_per_share": null,
            "book_valuer_per_share_4q_avg": 0,
            "equity": null,
            "current_ratio": null,
            "debt_ratio": null,
            "inventory_turnover_ratio": null,
            "account_receivable_turnover_ratio": null,
            "reinvestment_rate": null,
            "research_to_sale_ratio": null,
            "price_fair": 0,
            "eps_avg_yearly": 0,
            "eps_latest_yearly": 0,
            "eps_growth_yearly": 0
        },
        "20071": {
            "year_quarter": 20071,
            "year": 2007,
            "quarter": 1,
            "eps": null,
            "eps_growth_year": null,
            "eps_4q": null,
            "eps_4q_growth_year": null,
            "roe": null,
            "roe_4q": 0,
            "gross_profit": null,
            "gross_margin": null,
            "gross_margin_4q_avg": 0,
            "net_income": null,
            "net_income_4q": null,
            "revenue": null,
            "revenue_4q": null,
            "common_shares": null,
            "book_valuer_per_share": null,
            "book_valuer_per_share_4q_avg": 0,
            "equity": null,
            "current_ratio": null,
            "debt_ratio": null,
            "inventory_turnover_ratio": null,
            "account_receivable_turnover_ratio": null,
            "reinvestment_rate": null,
            "research_to_sale_ratio": null,
            "price_fair": 0,
            "eps_avg_yearly": 0,
            "eps_latest_yearly": 0,
            "eps_growth_yearly": 0
        },
        "20072": {
            "year_quarter": 20072,
            "year": 2007,
            "quarter": 2,
            "eps": null,
            "eps_growth_year": null,
            "eps_4q": null,
            "eps_4q_growth_year": null,
            "roe": null,
            "roe_4q": 0,
            "gross_profit": null,
            "gross_margin": null,
            "gross_margin_4q_avg": 0,
            "net_income": null,
            "net_income_4q": null,
            "revenue": null,
            "revenue_4q": null,
            "common_shares": null,
            "book_valuer_per_share": null,
            "book_valuer_per_share_4q_avg": 0,
            "equity": null,
            "current_ratio": null,
            "debt_ratio": null,
            "inventory_turnover_ratio": null,
            "account_receivable_turnover_ratio": null,
            "reinvestment_rate": null,
            "research_to_sale_ratio": null,
            "price_fair": 0,
            "eps_avg_yearly": 0,
            "eps_latest_yearly": 0,
            "eps_growth_yearly": 0
        },
        "20073": {
            "year_quarter": 20073,
            "year": 2007,
            "quarter": 3,
            "eps": null,
            "eps_growth_year": null,
            "eps_4q": null,
            "eps_4q_growth_year": null,
            "roe": null,
            "roe_4q": 0,
            "gross_profit": null,
            "gross_margin": null,
            "gross_margin_4q_avg": 0,
            "net_income": null,
            "net_income_4q": null,
            "revenue": null,
            "revenue_4q": null,
            "common_shares": null,
            "book_valuer_per_share": null,
            "book_valuer_per_share_4q_avg": 0,
            "equity": null,
            "current_ratio": null,
            "debt_ratio": null,
            "inventory_turnover_ratio": null,
            "account_receivable_turnover_ratio": null,
            "reinvestment_rate": null,
            "research_to_sale_ratio": null,
            "price_fair": 0,
            "eps_avg_yearly": 0,
            "eps_latest_yearly": 0,
            "eps_growth_yearly": 0
        },
        "20074": {
            "year_quarter": 20074,
            "year": 2007,
            "quarter": 4,
            "eps": null,
            "eps_growth_year": null,
            "eps_4q": null,
            "eps_4q_growth_year": null,
            "roe": null,
            "roe_4q": 0,
            "gross_profit": null,
            "gross_margin": null,
            "gross_margin_4q_avg": 0,
            "net_income": null,
            "net_income_4q": null,
            "revenue": null,
            "revenue_4q": null,
            "common_shares": 58858,
            "book_valuer_per_share": 21.08,
            "book_valuer_per_share_4q_avg": 5.27,
            "equity": 124080,
            "current_ratio": 301.89,
            "debt_ratio": 23.07,
            "inventory_turnover_ratio": null,
            "account_receivable_turnover_ratio": null,
            "reinvestment_rate": null,
            "research_to_sale_ratio": null,
            "price_fair": 0,
            "eps_avg_yearly": 0,
            "eps_latest_yearly": 0,
            "eps_growth_yearly": 0
        },
        "20081": {
            "year_quarter": 20081,
            "year": 2008,
            "quarter": 1,
            "eps": null,
            "eps_growth_year": null,
            "eps_4q": null,
            "eps_4q_growth_year": null,
            "roe": null,
            "roe_4q": 0,
            "gross_profit": null,
            "gross_margin": null,
            "gross_margin_4q_avg": 0,
            "net_income": null,
            "net_income_4q": null,
            "revenue": null,
            "revenue_4q": null,
            "common_shares": null,
            "book_valuer_per_share": null,
            "book_valuer_per_share_4q_avg": 5.27,
            "equity": null,
            "current_ratio": null,
            "debt_ratio": null,
            "inventory_turnover_ratio": null,
            "account_receivable_turnover_ratio": null,
            "reinvestment_rate": null,
            "research_to_sale_ratio": null,
            "price_fair": 0,
            "eps_avg_yearly": 0,
            "eps_latest_yearly": 0,
            "eps_growth_yearly": 0
        },
        "20082": {
            "year_quarter": 20082,
            "year": 2008,
            "quarter": 2,
            "eps": null,
            "eps_growth_year": null,
            "eps_4q": null,
            "eps_4q_growth_year": null,
            "roe": null,
            "roe_4q": 0,
            "gross_profit": null,
            "gross_margin": null,
            "gross_margin_4q_avg": 0,
            "net_income": null,
            "net_income_4q": null,
            "revenue": null,
            "revenue_4q": null,
            "common_shares": null,
            "book_valuer_per_share": null,
            "book_valuer_per_share_4q_avg": 5.27,
            "equity": null,
            "current_ratio": null,
            "debt_ratio": null,
            "inventory_turnover_ratio": null,
            "account_receivable_turnover_ratio": null,
            "reinvestment_rate": null,
            "research_to_sale_ratio": null,
            "price_fair": 0,
            "eps_avg_yearly": 0,
            "eps_latest_yearly": 0,
            "eps_growth_yearly": 0
        },
        "20083": {
            "year_quarter": 20083,
            "year": 2008,
            "quarter": 3,
            "eps": null,
            "eps_growth_year": null,
            "eps_4q": null,
            "eps_4q_growth_year": null,
            "roe": null,
            "roe_4q": 0,
            "gross_profit": null,
            "gross_margin": null,
            "gross_margin_4q_avg": 0,
            "net_income": null,
            "net_income_4q": null,
            "revenue": null,
            "revenue_4q": null,
            "common_shares": null,
            "book_valuer_per_share": null,
            "book_valuer_per_share_4q_avg": 5.27,
            "equity": null,
            "current_ratio": null,
            "debt_ratio": null,
            "inventory_turnover_ratio": null,
            "account_receivable_turnover_ratio": null,
            "reinvestment_rate": null,
            "research_to_sale_ratio": null,
            "price_fair": 0,
            "eps_avg_yearly": 0,
            "eps_latest_yearly": 0,
            "eps_growth_yearly": 0
        },
        "20084": {
            "year_quarter": 20084,
            "year": 2008,
            "quarter": 4,
            "eps": null,
            "eps_growth_year": null,
            "eps_4q": null,
            "eps_4q_growth_year": null,
            "roe": null,
            "roe_4q": 0,
            "gross_profit": null,
            "gross_margin": null,
            "gross_margin_4q_avg": 0,
            "net_income": null,
            "net_income_4q": null,
            "revenue": null,
            "revenue_4q": null,
            "common_shares": 58858,
            "book_valuer_per_share": 21.48,
            "book_valuer_per_share_4q_avg": 5.37,
            "equity": 126410,
            "current_ratio": 155.43,
            "debt_ratio": 36.17,
            "inventory_turnover_ratio": null,
            "account_receivable_turnover_ratio": null,
            "reinvestment_rate": null,
            "research_to_sale_ratio": null,
            "price_fair": 0,
            "eps_avg_yearly": 0,
            "eps_latest_yearly": 0,
            "eps_growth_yearly": 0
        },
        "20091": {
            "year_quarter": 20091,
            "year": 2009,
            "quarter": 1,
            "eps": null,
            "eps_growth_year": null,
            "eps_4q": null,
            "eps_4q_growth_year": null,
            "roe": null,
            "roe_4q": 0,
            "gross_profit": null,
            "gross_margin": null,
            "gross_margin_4q_avg": 0,
            "net_income": null,
            "net_income_4q": null,
            "revenue": null,
            "revenue_4q": null,
            "common_shares": null,
            "book_valuer_per_share": null,
            "book_valuer_per_share_4q_avg": 5.37,
            "equity": null,
            "current_ratio": null,
            "debt_ratio": null,
            "inventory_turnover_ratio": null,
            "account_receivable_turnover_ratio": null,
            "reinvestment_rate": null,
            "research_to_sale_ratio": null,
            "price_fair": 0,
            "eps_avg_yearly": 0,
            "eps_latest_yearly": 0,
            "eps_growth_yearly": 0
        },
        "20092": {
            "year_quarter": 20092,
            "year": 2009,
            "quarter": 2,
            "eps": null,
            "eps_growth_year": null,
            "eps_4q": null,
            "eps_4q_growth_year": null,
            "roe": null,
            "roe_4q": 0,
            "gross_profit": null,
            "gross_margin": null,
            "gross_margin_4q_avg": 0,
            "net_income": null,
            "net_income_4q": null,
            "revenue": null,
            "revenue_4q": null,
            "common_shares": null,
            "book_valuer_per_share": null,
            "book_valuer_per_share_4q_avg": 5.37,
            "equity": null,
            "current_ratio": null,
            "debt_ratio": null,
            "inventory_turnover_ratio": null,
            "account_receivable_turnover_ratio": null,
            "reinvestment_rate": null,
            "research_to_sale_ratio": null,
            "price_fair": 0,
            "eps_avg_yearly": 0,
            "eps_latest_yearly": 0,
            "eps_growth_yearly": 0
        },
        "20093": {
            "year_quarter": 20093,
            "year": 2009,
            "quarter": 3,
            "eps": null,
            "eps_growth_year": null,
            "eps_4q": null,
            "eps_4q_growth_year": null,
            "roe": null,
            "roe_4q": 0,
            "gross_profit": null,
            "gross_margin": null,
            "gross_margin_4q_avg": 0,
            "net_income": null,
            "net_income_4q": null,
            "revenue": null,
            "revenue_4q": null,
            "common_shares": null,
            "book_valuer_per_share": null,
            "book_valuer_per_share_4q_avg": 5.37,
            "equity": null,
            "current_ratio": null,
            "debt_ratio": null,
            "inventory_turnover_ratio": null,
            "account_receivable_turnover_ratio": null,
            "reinvestment_rate": null,
            "research_to_sale_ratio": null,
            "price_fair": 0,
            "eps_avg_yearly": 0,
            "eps_latest_yearly": 0,
            "eps_growth_yearly": 0
        },
        "20094": {
            "year_quarter": 20094,
            "year": 2009,
            "quarter": 4,
            "eps": null,
            "eps_growth_year": null,
            "eps_4q": null,
            "eps_4q_growth_year": null,
            "roe": null,
            "roe_4q": 0,
            "gross_profit": null,
            "gross_margin": null,
            "gross_margin_4q_avg": 0,
            "net_income": null,
            "net_income_4q": null,
            "revenue": null,
            "revenue_4q": null,
            "common_shares": 58858,
            "book_valuer_per_share": 24.4,
            "book_valuer_per_share_4q_avg": 6.1,
            "equity": 143640,
            "current_ratio": 220.73,
            "debt_ratio": 28.17,
            "inventory_turnover_ratio": null,
            "account_receivable_turnover_ratio": null,
            "reinvestment_rate": null,
            "research_to_sale_ratio": null,
            "price_fair": 0,
            "eps_avg_yearly": 0,
            "eps_latest_yearly": 0,
            "eps_growth_yearly": 0
        },
        "20101": {
            "year_quarter": 20101,
            "year": 2010,
            "quarter": 1,
            "eps": null,
            "eps_growth_year": null,
            "eps_4q": null,
            "eps_4q_growth_year": null,
            "roe": null,
            "roe_4q": 0,
            "gross_profit": null,
            "gross_margin": null,
            "gross_margin_4q_avg": 0,
            "net_income": null,
            "net_income_4q": null,
            "revenue": null,
            "revenue_4q": null,
            "common_shares": null,
            "book_valuer_per_share": null,
            "book_valuer_per_share_4q_avg": 6.1,
            "equity": null,
            "current_ratio": null,
            "debt_ratio": null,
            "inventory_turnover_ratio": null,
            "account_receivable_turnover_ratio": null,
            "reinvestment_rate": null,
            "research_to_sale_ratio": null,
            "price_fair": 0,
            "eps_avg_yearly": 0,
            "eps_latest_yearly": 0,
            "eps_growth_yearly": 0
        },
        "20102": {
            "year_quarter": 20102,
            "year": 2010,
            "quarter": 2,
            "eps": null,
            "eps_growth_year": null,
            "eps_4q": null,
            "eps_4q_growth_year": null,
            "roe": null,
            "roe_4q": 0,
            "gross_profit": null,
            "gross_margin": null,
            "gross_margin_4q_avg": 0,
            "net_income": null,
            "net_income_4q": null,
            "revenue": null,
            "revenue_4q": null,
            "common_shares": 148950,
            "book_valuer_per_share": null,
            "book_valuer_per_share_4q_avg": 6.1,
            "equity": 171910,
            "current_ratio": null,
            "debt_ratio": null,
            "inventory_turnover_ratio": null,
            "account_receivable_turnover_ratio": null,
            "reinvestment_rate": null,
            "research_to_sale_ratio": null,
            "price_fair": 0,
            "eps_avg_yearly": 0,
            "eps_latest_yearly": 0,
            "eps_growth_yearly": 0
        },
        "20103": {
            "year_quarter": 20103,
            "year": 2010,
            "quarter": 3,
            "eps": null,
            "eps_growth_year": null,
            "eps_4q": null,
            "eps_4q_growth_year": null,
            "roe": null,
            "roe_4q": 0,
            "gross_profit": -14377,
            "gross_margin": null,
            "gross_margin_4q_avg": 0,
            "net_income": -9593,
            "net_income_4q": null,
            "revenue": -35920,
            "revenue_4q": null,
            "common_shares": 0,
            "book_valuer_per_share": null,
            "book_valuer_per_share_4q_avg": 6.1,
            "equity": 0,
            "current_ratio": null,
            "debt_ratio": null,
            "inventory_turnover_ratio": null,
            "account_receivable_turnover_ratio": null,
            "reinvestment_rate": null,
            "research_to_sale_ratio": null,
            "price_fair": 0,
            "eps_avg_yearly": 0,
            "eps_latest_yearly": 0,
            "eps_growth_yearly": 0
        },
        "20104": {
            "year_quarter": 20104,
            "year": 2010,
            "quarter": 4,
            "eps": null,
            "eps_growth_year": null,
            "eps_4q": null,
            "eps_4q_growth_year": null,
            "roe": null,
            "roe_4q": 0,
            "gross_profit": 45180,
            "gross_margin": null,
            "gross_margin_4q_avg": 0,
            "net_income": 19042,
            "net_income_4q": null,
            "revenue": 141445,
            "revenue_4q": null,
            "common_shares": 148950,
            "book_valuer_per_share": 11.14,
            "book_valuer_per_share_4q_avg": 2.79,
            "equity": 165986,
            "current_ratio": 221.05,
            "debt_ratio": 26.84,
            "inventory_turnover_ratio": null,
            "account_receivable_turnover_ratio": null,
            "reinvestment_rate": null,
            "research_to_sale_ratio": null,
            "price_fair": 0,
            "eps_avg_yearly": 0,
            "eps_latest_yearly": 0,
            "eps_growth_yearly": 0
        },
        "20111": {
            "year_quarter": 20111,
            "year": 2011,
            "quarter": 1,
            "eps": null,
            "eps_growth_year": null,
            "eps_4q": null,
            "eps_4q_growth_year": null,
            "roe": null,
            "roe_4q": 0,
            "gross_profit": 17685,
            "gross_margin": null,
            "gross_margin_4q_avg": 0,
            "net_income": 5694,
            "net_income_4q": null,
            "revenue": 55385,
            "revenue_4q": null,
            "common_shares": 148950,
            "book_valuer_per_share": 11.85,
            "book_valuer_per_share_4q_avg": 5.75,
            "equity": 176508,
            "current_ratio": 214.59,
            "debt_ratio": 26.52,
            "inventory_turnover_ratio": null,
            "account_receivable_turnover_ratio": null,
            "reinvestment_rate": null,
            "research_to_sale_ratio": null,
            "price_fair": 0,
            "eps_avg_yearly": 0,
            "eps_latest_yearly": 0,
            "eps_growth_yearly": 0
        },
        "20112": {
            "year_quarter": 20112,
            "year": 2011,
            "quarter": 2,
            "eps": 0.44,
            "eps_growth_year": null,
            "eps_4q": 0.44,
            "eps_4q_growth_year": null,
            "roe": 3.67,
            "roe_4q": 3.67,
            "gross_profit": 14850,
            "gross_margin": 25.44,
            "gross_margin_4q_avg": 6.36,
            "net_income": 6525,
            "net_income_4q": null,
            "revenue": 58372,
            "revenue_4q": null,
            "common_shares": 148950,
            "book_valuer_per_share": 12.03,
            "book_valuer_per_share_4q_avg": 8.76,
            "equity": 179255,
            "current_ratio": 207.4,
            "debt_ratio": 26.9,
            "inventory_turnover_ratio": 1.66,
            "account_receivable_turnover_ratio": 3,
            "reinvestment_rate": null,
            "research_to_sale_ratio": null,
            "price_fair": 0,
            "eps_avg_yearly": 0,
            "eps_latest_yearly": 0,
            "eps_growth_yearly": 0
        },
        "20113": {
            "year_quarter": 20113,
            "year": 2011,
            "quarter": 3,
            "eps": 0.42,
            "eps_growth_year": null,
            "eps_4q": 0.86,
            "eps_4q_growth_year": null,
            "roe": 3.41,
            "roe_4q": 7.08,
            "gross_profit": 16353,
            "gross_margin": 25.94,
            "gross_margin_4q_avg": 12.85,
            "net_income": 6222,
            "net_income_4q": null,
            "revenue": 63037,
            "revenue_4q": null,
            "common_shares": 148950,
            "book_valuer_per_share": 12.5,
            "book_valuer_per_share_4q_avg": 11.88,
            "equity": 186194,
            "current_ratio": 216.18,
            "debt_ratio": 26.74,
            "inventory_turnover_ratio": 1.61,
            "account_receivable_turnover_ratio": 1.58,
            "reinvestment_rate": null,
            "research_to_sale_ratio": null,
            "price_fair": 5.04,
            "eps_avg_yearly": 1.68,
            "eps_latest_yearly": 1.68,
            "eps_growth_yearly": -18.18
        },
        "20114": {
            "year_quarter": 20114,
            "year": 2011,
            "quarter": 4,
            "eps": 0.25,
            "eps_growth_year": null,
            "eps_4q": 1.11,
            "eps_4q_growth_year": null,
            "roe": 1.98,
            "roe_4q": 9.06,
            "gross_profit": 20663,
            "gross_margin": 29.63,
            "gross_margin_4q_avg": 20.25,
            "net_income": 3724,
            "net_income_4q": null,
            "revenue": 69740,
            "revenue_4q": null,
            "common_shares": 148950,
            "book_valuer_per_share": 12.71,
            "book_valuer_per_share_4q_avg": 12.27,
            "equity": 189297,
            "current_ratio": 228.81,
            "debt_ratio": 30.93,
            "inventory_turnover_ratio": 1.44,
            "account_receivable_turnover_ratio": 1.68,
            "reinvestment_rate": null,
            "research_to_sale_ratio": null,
            "price_fair": 4.02,
            "eps_avg_yearly": 1.34,
            "eps_latest_yearly": 1,
            "eps_growth_yearly": -90.04
        },
        "20121": {
            "year_quarter": 20121,
            "year": 2012,
            "quarter": 1,
            "eps": 0.11,
            "eps_growth_year": null,
            "eps_4q": 1.08,
            "eps_4q_growth_year": null,
            "roe": 0.72,
            "roe_4q": 9.780000000000001,
            "gross_profit": 16705,
            "gross_margin": 24.46,
            "gross_margin_4q_avg": 26.37,
            "net_income": 1637,
            "net_income_4q": null,
            "revenue": 68284,
            "revenue_4q": null,
            "common_shares": 167580,
            "book_valuer_per_share": 15.69,
            "book_valuer_per_share_4q_avg": 13.23,
            "equity": 262934,
            "current_ratio": 383.54,
            "debt_ratio": 25,
            "inventory_turnover_ratio": 1.48,
            "account_receivable_turnover_ratio": 1.59,
            "reinvestment_rate": null,
            "research_to_sale_ratio": null,
            "price_fair": 3.12,
            "eps_avg_yearly": 1.04,
            "eps_latest_yearly": 0.44,
            "eps_growth_yearly": -134.7
        },
        "20122": {
            "year_quarter": 20122,
            "year": 2012,
            "quarter": 2,
            "eps": 0.59,
            "eps_growth_year": 35.75,
            "eps_4q": 1.28,
            "eps_4q_growth_year": 191.81,
            "roe": 3.85,
            "roe_4q": 9.96,
            "gross_profit": 22398,
            "gross_margin": 29.96,
            "gross_margin_4q_avg": 27.5,
            "net_income": 10075,
            "net_income_4q": null,
            "revenue": 74750,
            "revenue_4q": null,
            "common_shares": 167580,
            "book_valuer_per_share": 15.54,
            "book_valuer_per_share_4q_avg": 14.11,
            "equity": 260397,
            "current_ratio": 356.36,
            "debt_ratio": 22.71,
            "inventory_turnover_ratio": 1.65,
            "account_receivable_turnover_ratio": 1.6,
            "reinvestment_rate": null,
            "research_to_sale_ratio": null,
            "price_fair": 47.95,
            "eps_avg_yearly": 1.37,
            "eps_latest_yearly": 2.36,
            "eps_growth_yearly": 335.34
        },
        "20123": {
            "year_quarter": 20123,
            "year": 2012,
            "quarter": 3,
            "eps": 0.56,
            "eps_growth_year": 34.09,
            "eps_4q": 1.47,
            "eps_4q_growth_year": 71.91,
            "roe": 3.55,
            "roe_4q": 10.100000000000001,
            "gross_profit": 25522,
            "gross_margin": 28.78,
            "gross_margin_4q_avg": 28.21,
            "net_income": 9490,
            "net_income_4q": null,
            "revenue": 88688,
            "revenue_4q": null,
            "common_shares": 169423,
            "book_valuer_per_share": 16.17,
            "book_valuer_per_share_4q_avg": 15.03,
            "equity": 273953,
            "current_ratio": 214.94,
            "debt_ratio": 32.41,
            "inventory_turnover_ratio": 1.92,
            "account_receivable_turnover_ratio": 1.65,
            "reinvestment_rate": null,
            "research_to_sale_ratio": null,
            "price_fair": 54.04,
            "eps_avg_yearly": 1.54,
            "eps_latest_yearly": 2.24,
            "eps_growth_yearly": 264.21
        },
        "20124": {
            "year_quarter": 20124,
            "year": 2012,
            "quarter": 4,
            "eps": 0.78,
            "eps_growth_year": 213.18,
            "eps_4q": 2.03,
            "eps_4q_growth_year": 83.98,
            "roe": 4.74,
            "roe_4q": 12.86,
            "gross_profit": 24227,
            "gross_margin": 28.72,
            "gross_margin_4q_avg": 27.98,
            "net_income": 13266,
            "net_income_4q": null,
            "revenue": 84353,
            "revenue_4q": null,
            "common_shares": 169423,
            "book_valuer_per_share": 16.87,
            "book_valuer_per_share_4q_avg": 16.07,
            "equity": 285816,
            "current_ratio": 218.08,
            "debt_ratio": 30.87,
            "inventory_turnover_ratio": 1.62,
            "account_receivable_turnover_ratio": 1.52,
            "reinvestment_rate": null,
            "research_to_sale_ratio": null,
            "price_fair": 63.23,
            "eps_avg_yearly": 1.81,
            "eps_latest_yearly": 3.12,
            "eps_growth_yearly": 246.36
        },
        "20131": {
            "year_quarter": 20131,
            "year": 2013,
            "quarter": 1,
            "eps": 0.47,
            "eps_growth_year": 327.27,
            "eps_4q": 2.41,
            "eps_4q_growth_year": 122.8,
            "roe": 2.73,
            "roe_4q": 14.87,
            "gross_profit": 21858,
            "gross_margin": 25.21,
            "gross_margin_4q_avg": 28.17,
            "net_income": 7958,
            "net_income_4q": null,
            "revenue": 86693,
            "revenue_4q": null,
            "common_shares": 169423,
            "book_valuer_per_share": 17.58,
            "book_valuer_per_share_4q_avg": 16.54,
            "equity": 297861,
            "current_ratio": 214.61,
            "debt_ratio": 29.46,
            "inventory_turnover_ratio": 1.71,
            "account_receivable_turnover_ratio": 1.5,
            "reinvestment_rate": null,
            "research_to_sale_ratio": null,
            "price_fair": 63.6,
            "eps_avg_yearly": 1.82,
            "eps_latest_yearly": 1.88,
            "eps_growth_yearly": 188.46
        },
        "20132": {
            "year_quarter": 20132,
            "year": 2013,
            "quarter": 2,
            "eps": 0.41,
            "eps_growth_year": -31.05,
            "eps_4q": 2.13,
            "eps_4q_growth_year": 66.92,
            "roe": 2.45,
            "roe_4q": 13.469999999999999,
            "gross_profit": 22601,
            "gross_margin": 26.46,
            "gross_margin_4q_avg": 27.29,
            "net_income": 7246,
            "net_income_4q": null,
            "revenue": 85410,
            "revenue_4q": null,
            "common_shares": 169423,
            "book_valuer_per_share": 17.39,
            "book_valuer_per_share_4q_avg": 17,
            "equity": 294555,
            "current_ratio": 206.8,
            "debt_ratio": 42.99,
            "inventory_turnover_ratio": 1.76,
            "account_receivable_turnover_ratio": 1.34,
            "reinvestment_rate": null,
            "research_to_sale_ratio": null,
            "price_fair": 62.83,
            "eps_avg_yearly": 1.8,
            "eps_latest_yearly": 1.64,
            "eps_growth_yearly": 158.52
        },
        "20133": {
            "year_quarter": 20133,
            "year": 2013,
            "quarter": 3,
            "eps": 0.51,
            "eps_growth_year": -8.95,
            "eps_4q": 2.11,
            "eps_4q_growth_year": 43.45,
            "roe": 3.1,
            "roe_4q": 13.020000000000001,
            "gross_profit": 17392,
            "gross_margin": 21.58,
            "gross_margin_4q_avg": 25.49,
            "net_income": 9074,
            "net_income_4q": null,
            "revenue": 80602,
            "revenue_4q": null,
            "common_shares": 177894,
            "book_valuer_per_share": 16.4,
            "book_valuer_per_share_4q_avg": 17.06,
            "equity": 291797,
            "current_ratio": 190.12,
            "debt_ratio": 43.53,
            "inventory_turnover_ratio": 1.87,
            "account_receivable_turnover_ratio": 1.31,
            "reinvestment_rate": null,
            "research_to_sale_ratio": null,
            "price_fair": 63.78,
            "eps_avg_yearly": 1.82,
            "eps_latest_yearly": 2.04,
            "eps_growth_yearly": 151.74
        },
        "20134": {
            "year_quarter": 20134,
            "year": 2013,
            "quarter": 4,
            "eps": 0.42,
            "eps_growth_year": -46.08,
            "eps_4q": 1.79,
            "eps_4q_growth_year": -12.17,
            "roe": 2.54,
            "roe_4q": 10.82,
            "gross_profit": 20784,
            "gross_margin": 25.36,
            "gross_margin_4q_avg": 24.65,
            "net_income": 7510,
            "net_income_4q": null,
            "revenue": 81940,
            "revenue_4q": null,
            "common_shares": 177894,
            "book_valuer_per_share": 16.85,
            "book_valuer_per_share_4q_avg": 17.06,
            "equity": 299781,
            "current_ratio": 199.91,
            "debt_ratio": 43.66,
            "inventory_turnover_ratio": 1.99,
            "account_receivable_turnover_ratio": 1.44,
            "reinvestment_rate": null,
            "research_to_sale_ratio": null,
            "price_fair": 63.28,
            "eps_avg_yearly": 1.81,
            "eps_latest_yearly": 1.68,
            "eps_growth_yearly": 129.51
        },
        "20141": {
            "year_quarter": 20141,
            "year": 2014,
            "quarter": 1,
            "eps": 0.16,
            "eps_growth_year": -65.96,
            "eps_4q": 1.5,
            "eps_4q_growth_year": -37.53,
            "roe": 0.96,
            "roe_4q": 9.05,
            "gross_profit": 15606,
            "gross_margin": 20.16,
            "gross_margin_4q_avg": 23.39,
            "net_income": 2923,
            "net_income_4q": null,
            "revenue": 77408,
            "revenue_4q": null,
            "common_shares": 177894,
            "book_valuer_per_share": 17.33,
            "book_valuer_per_share_4q_avg": 16.99,
            "equity": 308363,
            "current_ratio": 186.62,
            "debt_ratio": 47.25,
            "inventory_turnover_ratio": 2.01,
            "account_receivable_turnover_ratio": 1.41,
            "reinvestment_rate": null,
            "research_to_sale_ratio": null,
            "price_fair": 59.56,
            "eps_avg_yearly": 1.7,
            "eps_latest_yearly": 0.64,
            "eps_growth_yearly": 95.23
        },
        "20142": {
            "year_quarter": 20142,
            "year": 2014,
            "quarter": 2,
            "eps": 0.33,
            "eps_growth_year": -19.51,
            "eps_4q": 1.38,
            "eps_4q_growth_year": -35.26,
            "roe": 1.89,
            "roe_4q": 8.49,
            "gross_profit": 17887,
            "gross_margin": 22.14,
            "gross_margin_4q_avg": 22.31,
            "net_income": 5804,
            "net_income_4q": null,
            "revenue": 80783,
            "revenue_4q": null,
            "common_shares": 177894,
            "book_valuer_per_share": 17.13,
            "book_valuer_per_share_4q_avg": 16.93,
            "equity": 304669,
            "current_ratio": 190.79,
            "debt_ratio": 49.06,
            "inventory_turnover_ratio": 1.95,
            "account_receivable_turnover_ratio": 1.52,
            "reinvestment_rate": 227.03,
            "research_to_sale_ratio": null,
            "price_fair": 58.45,
            "eps_avg_yearly": 1.67,
            "eps_latest_yearly": 1.32,
            "eps_growth_yearly": 122.71
        },
        "20143": {
            "year_quarter": 20143,
            "year": 2014,
            "quarter": 3,
            "eps": 0.55,
            "eps_growth_year": 7.84,
            "eps_4q": 1.44,
            "eps_4q_growth_year": -31.92,
            "roe": 3.26,
            "roe_4q": 8.649999999999999,
            "gross_profit": 17484,
            "gross_margin": 21.11,
            "gross_margin_4q_avg": 22.19,
            "net_income": 10089,
            "net_income_4q": null,
            "revenue": 82826,
            "revenue_4q": null,
            "common_shares": 183231,
            "book_valuer_per_share": 17.2,
            "book_valuer_per_share_4q_avg": 17.13,
            "equity": 315141,
            "current_ratio": 248.94,
            "debt_ratio": 48.98,
            "inventory_turnover_ratio": 2.04,
            "account_receivable_turnover_ratio": 1.61,
            "reinvestment_rate": 301.46,
            "research_to_sale_ratio": null,
            "price_fair": 59.88,
            "eps_avg_yearly": 1.71,
            "eps_latest_yearly": 2.2,
            "eps_growth_yearly": 133.78
        },
        "20144": {
            "year_quarter": 20144,
            "year": 2014,
            "quarter": 4,
            "eps": 0.23,
            "eps_growth_year": -45.25,
            "eps_4q": 1.26,
            "eps_4q_growth_year": -29.6,
            "roe": 1.35,
            "roe_4q": 7.459999999999999,
            "gross_profit": 12843,
            "gross_margin": 18.79,
            "gross_margin_4q_avg": 20.55,
            "net_income": 4235,
            "net_income_4q": null,
            "revenue": 68345,
            "revenue_4q": null,
            "common_shares": 183231,
            "book_valuer_per_share": 17.13,
            "book_valuer_per_share_4q_avg": 17.2,
            "equity": 313959,
            "current_ratio": 242.01,
            "debt_ratio": 48.58,
            "inventory_turnover_ratio": 1.8,
            "account_receivable_turnover_ratio": 1.47,
            "reinvestment_rate": 225.6,
            "research_to_sale_ratio": null,
            "price_fair": 57.9,
            "eps_avg_yearly": 1.65,
            "eps_latest_yearly": 0.92,
            "eps_growth_yearly": 107.6
        },
        "20151": {
            "year_quarter": 20151,
            "year": 2015,
            "quarter": 1,
            "eps": 0.33,
            "eps_growth_year": 106.25,
            "eps_4q": 1.43,
            "eps_4q_growth_year": -5.12,
            "roe": 1.94,
            "roe_4q": 8.44,
            "gross_profit": 15763,
            "gross_margin": 21.04,
            "gross_margin_4q_avg": 20.77,
            "net_income": 6018,
            "net_income_4q": null,
            "revenue": 74919,
            "revenue_4q": null,
            "common_shares": 183231,
            "book_valuer_per_share": 16.69,
            "book_valuer_per_share_4q_avg": 17.04,
            "equity": 305801,
            "current_ratio": 224.11,
            "debt_ratio": 49.83,
            "inventory_turnover_ratio": 1.98,
            "account_receivable_turnover_ratio": 1.74,
            "reinvestment_rate": 219.24,
            "research_to_sale_ratio": null,
            "price_fair": 57.12,
            "eps_avg_yearly": 1.63,
            "eps_latest_yearly": 1.32,
            "eps_growth_yearly": 112.02
        },
        "20152": {
            "year_quarter": 20152,
            "year": 2015,
            "quarter": 2,
            "eps": 0.21,
            "eps_growth_year": -36.36,
            "eps_4q": 1.28,
            "eps_4q_growth_year": -7.21,
            "roe": 1.28,
            "roe_4q": 7.83,
            "gross_profit": 15114,
            "gross_margin": 20.8,
            "gross_margin_4q_avg": 20.44,
            "net_income": 3848,
            "net_income_4q": null,
            "revenue": 72648,
            "revenue_4q": null,
            "common_shares": 183231,
            "book_valuer_per_share": 16.03,
            "book_valuer_per_share_4q_avg": 16.76,
            "equity": 293806,
            "current_ratio": 195.76,
            "debt_ratio": 54.4,
            "inventory_turnover_ratio": 1.97,
            "account_receivable_turnover_ratio": 1.58,
            "reinvestment_rate": 228.01,
            "research_to_sale_ratio": null,
            "price_fair": 55.39,
            "eps_avg_yearly": 1.58,
            "eps_latest_yearly": 0.84,
            "eps_growth_yearly": 95.93
        },
        "20153": {
            "year_quarter": 20153,
            "year": 2015,
            "quarter": 3,
            "eps": 0.55,
            "eps_growth_year": 0,
            "eps_4q": 1.3,
            "eps_4q_growth_year": -9.73,
            "roe": 3.57,
            "roe_4q": 8.139999999999999,
            "gross_profit": 13733,
            "gross_margin": 19.74,
            "gross_margin_4q_avg": 20.09,
            "net_income": 10376,
            "net_income_4q": null,
            "revenue": 69554,
            "revenue_4q": null,
            "common_shares": 188728,
            "book_valuer_per_share": 15.26,
            "book_valuer_per_share_4q_avg": 16.28,
            "equity": 288023,
            "current_ratio": 226.24,
            "debt_ratio": 54.7,
            "inventory_turnover_ratio": 1.92,
            "account_receivable_turnover_ratio": 1.45,
            "reinvestment_rate": 211.92,
            "research_to_sale_ratio": null,
            "price_fair": 56.53,
            "eps_avg_yearly": 1.62,
            "eps_latest_yearly": 2.2,
            "eps_growth_yearly": 137.54
        },
        "20154": {
            "year_quarter": 20154,
            "year": 2015,
            "quarter": 4,
            "eps": 0.26,
            "eps_growth_year": 12.29,
            "eps_4q": 1.33,
            "eps_4q_growth_year": 5.89,
            "roe": 1.67,
            "roe_4q": 8.46,
            "gross_profit": 16137,
            "gross_margin": 24.32,
            "gross_margin_4q_avg": 21.48,
            "net_income": 4898,
            "net_income_4q": null,
            "revenue": 66365,
            "revenue_4q": null,
            "common_shares": 188728,
            "book_valuer_per_share": 15.75,
            "book_valuer_per_share_4q_avg": 15.93,
            "equity": 297238,
            "current_ratio": 236.15,
            "debt_ratio": 53.25,
            "inventory_turnover_ratio": 1.68,
            "account_receivable_turnover_ratio": 1.41,
            "reinvestment_rate": 219.27,
            "research_to_sale_ratio": null,
            "price_fair": 56.61,
            "eps_avg_yearly": 1.62,
            "eps_latest_yearly": 1.04,
            "eps_growth_yearly": 134.48
        },
        "20161": {
            "year_quarter": 20161,
            "year": 2016,
            "quarter": 1,
            "eps": -0.91,
            "eps_growth_year": -375.76,
            "eps_4q": 0.1,
            "eps_4q_growth_year": -93.03,
            "roe": -5.84,
            "roe_4q": 0.6799999999999999,
            "gross_profit": 10074,
            "gross_margin": 17.72,
            "gross_margin_4q_avg": 20.65,
            "net_income": -17244,
            "net_income_4q": null,
            "revenue": 56847,
            "revenue_4q": null,
            "common_shares": 188728,
            "book_valuer_per_share": 15.56,
            "book_valuer_per_share_4q_avg": 15.65,
            "equity": 293635,
            "current_ratio": 253,
            "debt_ratio": 53.2,
            "inventory_turnover_ratio": 1.49,
            "account_receivable_turnover_ratio": 1.36,
            "reinvestment_rate": 280.29,
            "research_to_sale_ratio": null,
            "price_fair": 59.36,
            "eps_avg_yearly": 1.7,
            "eps_latest_yearly": 1.04,
            "eps_growth_yearly": 158.38
        },
        "20162": {
            "year_quarter": 20162,
            "year": 2016,
            "quarter": 2,
            "eps": 0.05,
            "eps_growth_year": -76.19,
            "eps_4q": -0.05,
            "eps_4q_growth_year": -104.24,
            "roe": 0.32,
            "roe_4q": -0.2799999999999998,
            "gross_profit": 16646,
            "gross_margin": 26.7,
            "gross_margin_4q_avg": 22.12,
            "net_income": 913,
            "net_income_4q": null,
            "revenue": 62346,
            "revenue_4q": null,
            "common_shares": 188728,
            "book_valuer_per_share": 14.81,
            "book_valuer_per_share_4q_avg": 15.35,
            "equity": 279421,
            "current_ratio": 205.36,
            "debt_ratio": 55.06,
            "inventory_turnover_ratio": 1.49,
            "account_receivable_turnover_ratio": 1.67,
            "reinvestment_rate": 310.63,
            "research_to_sale_ratio": null,
            "price_fair": 57.7,
            "eps_avg_yearly": 1.65,
            "eps_latest_yearly": 1.04,
            "eps_growth_yearly": 45.02
        },
        "20163": {
            "year_quarter": 20163,
            "year": 2016,
            "quarter": 3,
            "eps": 0.05,
            "eps_growth_year": -90.91,
            "eps_4q": -0.53,
            "eps_4q_growth_year": -141.14,
            "roe": 0.39,
            "roe_4q": -3.46,
            "gross_profit": 14545,
            "gross_margin": 28.95,
            "gross_margin_4q_avg": 24.42,
            "net_income": 1060,
            "net_income_4q": null,
            "revenue": 50240,
            "revenue_4q": null,
            "common_shares": 194390,
            "book_valuer_per_share": 13.87,
            "book_valuer_per_share_4q_avg": 15,
            "equity": 269707,
            "current_ratio": 203.1,
            "debt_ratio": 54.16,
            "inventory_turnover_ratio": 1.24,
            "account_receivable_turnover_ratio": 1.51,
            "reinvestment_rate": 257.4,
            "research_to_sale_ratio": null,
            "price_fair": 52.6,
            "eps_avg_yearly": 1.5,
            "eps_latest_yearly": 0.2,
            "eps_growth_yearly": 46.47
        },
        "20164": {
            "year_quarter": 20164,
            "year": 2016,
            "quarter": 4,
            "eps": 0.48,
            "eps_growth_year": 83.99,
            "eps_4q": -0.31,
            "eps_4q_growth_year": -123.13,
            "roe": 3.43,
            "roe_4q": -1.6999999999999993,
            "gross_profit": 8903,
            "gross_margin": 15.05,
            "gross_margin_4q_avg": 22.11,
            "net_income": 9282,
            "net_income_4q": null,
            "revenue": 59175,
            "revenue_4q": null,
            "common_shares": 194390,
            "book_valuer_per_share": 13.94,
            "book_valuer_per_share_4q_avg": 14.55,
            "equity": 270990,
            "current_ratio": 242.05,
            "debt_ratio": 53.38,
            "inventory_turnover_ratio": 1.85,
            "account_receivable_turnover_ratio": 1.87,
            "reinvestment_rate": 206.15,
            "research_to_sale_ratio": null,
            "price_fair": 49.6,
            "eps_avg_yearly": 1.42,
            "eps_latest_yearly": 1.92,
            "eps_growth_yearly": 280.96
        },
        "20171": {
            "year_quarter": 20171,
            "year": 2017,
            "quarter": 1,
            "eps": 0.19,
            "eps_growth_year": null,
            "eps_4q": 0.77,
            "eps_4q_growth_year": 672.36,
            "roe": 1.37,
            "roe_4q": 5.510000000000001,
            "gross_profit": 17040,
            "gross_margin": 27.89,
            "gross_margin_4q_avg": 24.65,
            "net_income": 3685,
            "net_income_4q": null,
            "revenue": 61104,
            "revenue_4q": null,
            "common_shares": 194390,
            "book_valuer_per_share": 13.68,
            "book_valuer_per_share_4q_avg": 14.08,
            "equity": 265930,
            "current_ratio": 233.78,
            "debt_ratio": 50.54,
            "inventory_turnover_ratio": 1.84,
            "account_receivable_turnover_ratio": 1.71,
            "reinvestment_rate": 235.45,
            "research_to_sale_ratio": null,
            "price_fair": 46.8,
            "eps_avg_yearly": 1.34,
            "eps_latest_yearly": 0.76,
            "eps_growth_yearly": 275.05
        },
        "20172": {
            "year_quarter": 20172,
            "year": 2017,
            "quarter": 2,
            "eps": 0.42,
            "eps_growth_year": 740,
            "eps_4q": 1.11,
            "eps_4q_growth_year": null,
            "roe": 3.05,
            "roe_4q": 8.24,
            "gross_profit": 22117,
            "gross_margin": 30.54,
            "gross_margin_4q_avg": 25.61,
            "net_income": 8241,
            "net_income_4q": null,
            "revenue": 72427,
            "revenue_4q": null,
            "common_shares": 194390,
            "book_valuer_per_share": 14.15,
            "book_valuer_per_share_4q_avg": 13.91,
            "equity": 275014,
            "current_ratio": 216.14,
            "debt_ratio": 50.17,
            "inventory_turnover_ratio": 2.15,
            "account_receivable_turnover_ratio": 1.73,
            "reinvestment_rate": 65.12,
            "research_to_sale_ratio": null,
            "price_fair": 46.9,
            "eps_avg_yearly": 1.34,
            "eps_latest_yearly": 1.68,
            "eps_growth_yearly": 313.29
        },
        "20173": {
            "year_quarter": 20173,
            "year": 2017,
            "quarter": 3,
            "eps": 0.54,
            "eps_growth_year": 980,
            "eps_4q": 1.59,
            "eps_4q_growth_year": null,
            "roe": 3.81,
            "roe_4q": 11.66,
            "gross_profit": 25527,
            "gross_margin": 33.68,
            "gross_margin_4q_avg": 26.79,
            "net_income": 10727,
            "net_income_4q": null,
            "revenue": 75797,
            "revenue_4q": null,
            "common_shares": 200220,
            "book_valuer_per_share": 14.38,
            "book_valuer_per_share_4q_avg": 14.04,
            "equity": 287936,
            "current_ratio": 214.21,
            "debt_ratio": 48.74,
            "inventory_turnover_ratio": 1.91,
            "account_receivable_turnover_ratio": 1.67,
            "reinvestment_rate": 71.3,
            "research_to_sale_ratio": null,
            "price_fair": 47.2,
            "eps_avg_yearly": 1.35,
            "eps_latest_yearly": 2.16,
            "eps_growth_yearly": 314.48
        },
        "20174": {
            "year_quarter": 20174,
            "year": 2017,
            "quarter": 4,
            "eps": 0.26,
            "eps_growth_year": -46.04,
            "eps_4q": 1.39,
            "eps_4q_growth_year": null,
            "roe": 1.76,
            "roe_4q": 9.990000000000002,
            "gross_profit": 18675,
            "gross_margin": 26.42,
            "gross_margin_4q_avg": 29.63,
            "net_income": 5159,
            "net_income_4q": null,
            "revenue": 70691,
            "revenue_4q": null,
            "common_shares": 200220,
            "book_valuer_per_share": 14.83,
            "book_valuer_per_share_4q_avg": 14.26,
            "equity": 297017,
            "current_ratio": 219.22,
            "debt_ratio": 47.13,
            "inventory_turnover_ratio": 1.73,
            "account_receivable_turnover_ratio": 1.6,
            "reinvestment_rate": 60.76,
            "research_to_sale_ratio": null,
            "price_fair": 45.6,
            "eps_avg_yearly": 1.3,
            "eps_latest_yearly": 1.04,
            "eps_growth_yearly": 304.71
        },
        "20181": {
            "year_quarter": 20181,
            "year": 2018,
            "quarter": 1,
            "eps": 0.69,
            "eps_growth_year": 263.16,
            "eps_4q": 1.9,
            "eps_4q_growth_year": 147.1,
            "roe": 4.54,
            "roe_4q": 13.16,
            "gross_profit": 27737,
            "gross_margin": 32.17,
            "gross_margin_4q_avg": 30.7,
            "net_income": 13897,
            "net_income_4q": null,
            "revenue": 86233,
            "revenue_4q": null,
            "common_shares": 200220,
            "book_valuer_per_share": 15.75,
            "book_valuer_per_share_4q_avg": 14.78,
            "equity": 315278,
            "current_ratio": 239.39,
            "debt_ratio": 44.76,
            "inventory_turnover_ratio": 1.91,
            "account_receivable_turnover_ratio": 1.91,
            "reinvestment_rate": -3.89,
            "research_to_sale_ratio": null,
            "price_fair": 50.9,
            "eps_avg_yearly": 1.45,
            "eps_latest_yearly": 2.76,
            "eps_growth_yearly": 369.65
        },
        "20182": {
            "year_quarter": 20182,
            "year": 2018,
            "quarter": 2,
            "eps": 0.27,
            "eps_growth_year": -35.71,
            "eps_4q": 1.67,
            "eps_4q_growth_year": 50.17,
            "roe": 1.7,
            "roe_4q": 11.81,
            "gross_profit": 17621,
            "gross_margin": 22.3,
            "gross_margin_4q_avg": 28.64,
            "net_income": 5329,
            "net_income_4q": null,
            "revenue": 79011,
            "revenue_4q": null,
            "common_shares": 200220,
            "book_valuer_per_share": 15.53,
            "book_valuer_per_share_4q_avg": 15.12,
            "equity": 311007,
            "current_ratio": 211.14,
            "debt_ratio": 45.13,
            "inventory_turnover_ratio": 2.12,
            "account_receivable_turnover_ratio": 1.64,
            "reinvestment_rate": -24.88,
            "research_to_sale_ratio": null,
            "price_fair": 50.3,
            "eps_avg_yearly": 1.44,
            "eps_latest_yearly": 1.08,
            "eps_growth_yearly": 321.9
        },
        "20183": {
            "year_quarter": 20183,
            "year": 2018,
            "quarter": 3,
            "eps": 0.42,
            "eps_growth_year": -22.22,
            "eps_4q": 1.58,
            "eps_4q_growth_year": -0.71,
            "roe": 2.84,
            "roe_4q": 10.84,
            "gross_profit": 23833,
            "gross_margin": 29.67,
            "gross_margin_4q_avg": 27.64,
            "net_income": 8910,
            "net_income_4q": null,
            "revenue": 80329,
            "revenue_4q": null,
            "common_shares": 210230,
            "book_valuer_per_share": 15.02,
            "book_valuer_per_share_4q_avg": 15.28,
            "equity": 315770,
            "current_ratio": 225.39,
            "debt_ratio": 43.34,
            "inventory_turnover_ratio": 1.88,
            "account_receivable_turnover_ratio": 1.65,
            "reinvestment_rate": -51.21,
            "research_to_sale_ratio": null,
            "price_fair": 49,
            "eps_avg_yearly": 1.4,
            "eps_latest_yearly": 1.68,
            "eps_growth_yearly": 318.72
        },
        "20184": {
            "year_quarter": 20184,
            "year": 2018,
            "quarter": 4,
            "eps": 0.74,
            "eps_growth_year": 188.8,
            "eps_4q": 2.08,
            "eps_4q_growth_year": 49.92,
            "roe": 4.83,
            "roe_4q": 13.91,
            "gross_profit": 28540,
            "gross_margin": 34.82,
            "gross_margin_4q_avg": 29.74,
            "net_income": 15644,
            "net_income_4q": null,
            "revenue": 81958,
            "revenue_4q": null,
            "common_shares": 210230,
            "book_valuer_per_share": 15.78,
            "book_valuer_per_share_4q_avg": 15.52,
            "equity": 331831,
            "current_ratio": 240.28,
            "debt_ratio": 41.18,
            "inventory_turnover_ratio": 1.51,
            "account_receivable_turnover_ratio": 1.73,
            "reinvestment_rate": -43.26,
            "research_to_sale_ratio": null,
            "price_fair": 54.1,
            "eps_avg_yearly": 1.55,
            "eps_latest_yearly": 2.96,
            "eps_growth_yearly": 357.12
        },
        "20191": {
            "year_quarter": 20191,
            "year": 2019,
            "quarter": 1,
            "eps": 0.37,
            "eps_growth_year": -46.38,
            "eps_4q": 1.79,
            "eps_4q_growth_year": -5.54,
            "roe": 2.32,
            "roe_4q": 11.69,
            "gross_profit": 23957,
            "gross_margin": 30.18,
            "gross_margin_4q_avg": 29.24,
            "net_income": 7830,
            "net_income_4q": null,
            "revenue": 79381,
            "revenue_4q": null,
            "common_shares": 210230,
            "book_valuer_per_share": 16.34,
            "book_valuer_per_share_4q_avg": 15.67,
            "equity": 343591,
            "current_ratio": 232.12,
            "debt_ratio": 40.56,
            "inventory_turnover_ratio": 1.46,
            "account_receivable_turnover_ratio": 1.75,
            "reinvestment_rate": -47.46,
            "research_to_sale_ratio": null,
            "price_fair": 54.5,
            "eps_avg_yearly": 1.56,
            "eps_latest_yearly": 1.48,
            "eps_growth_yearly": 330.41
        },
        "20192": {
            "year_quarter": 20192,
            "year": 2019,
            "quarter": 2,
            "eps": 0.47,
            "eps_growth_year": 74.07,
            "eps_4q": 1.91,
            "eps_4q_growth_year": 14.63,
            "roe": 2.93,
            "roe_4q": 12.92,
            "gross_profit": 25167,
            "gross_margin": 29.03,
            "gross_margin_4q_avg": 30.93,
            "net_income": 9879,
            "net_income_4q": null,
            "revenue": 86683,
            "revenue_4q": null,
            "common_shares": 210230,
            "book_valuer_per_share": 15.75,
            "book_valuer_per_share_4q_avg": 15.72,
            "equity": 331047,
            "current_ratio": 195.95,
            "debt_ratio": 42.99,
            "inventory_turnover_ratio": 1.7,
            "account_receivable_turnover_ratio": 1.88,
            "reinvestment_rate": -49.62,
            "research_to_sale_ratio": null,
            "price_fair": 57.1,
            "eps_avg_yearly": 1.63,
            "eps_latest_yearly": 1.88,
            "eps_growth_yearly": 348.52
        },
        "20193": {
            "year_quarter": 20193,
            "year": 2019,
            "quarter": 3,
            "eps": 0.37,
            "eps_growth_year": -11.9,
            "eps_4q": 1.88,
            "eps_4q_growth_year": 18.64,
            "roe": 2.43,
            "roe_4q": 12.51,
            "gross_profit": 20529,
            "gross_margin": 24.57,
            "gross_margin_4q_avg": 29.65,
            "net_income": 8126,
            "net_income_4q": null,
            "revenue": 83554,
            "revenue_4q": null,
            "common_shares": 220750,
            "book_valuer_per_share": 15.26,
            "book_valuer_per_share_4q_avg": 15.78,
            "equity": 336921,
            "current_ratio": 228.95,
            "debt_ratio": 39.93,
            "inventory_turnover_ratio": 1.89,
            "account_receivable_turnover_ratio": 1.8,
            "reinvestment_rate": -49.51,
            "research_to_sale_ratio": null,
            "price_fair": 55.3,
            "eps_avg_yearly": 1.58,
            "eps_latest_yearly": 1.48,
            "eps_growth_yearly": 296.18
        },
        "20194": {
            "year_quarter": 20194,
            "year": 2019,
            "quarter": 4,
            "eps": 0.21,
            "eps_growth_year": -71.12,
            "eps_4q": 1.39,
            "eps_4q_growth_year": -33.48,
            "roe": 1.4,
            "roe_4q": 9.08,
            "gross_profit": 21921,
            "gross_margin": 26.98,
            "gross_margin_4q_avg": 27.69,
            "net_income": 4744,
            "net_income_4q": null,
            "revenue": 81257,
            "revenue_4q": null,
            "common_shares": 220750,
            "book_valuer_per_share": 15.37,
            "book_valuer_per_share_4q_avg": 15.68,
            "equity": 339335,
            "current_ratio": 241.98,
            "debt_ratio": 38.49,
            "inventory_turnover_ratio": 1.86,
            "account_receivable_turnover_ratio": 1.97,
            "reinvestment_rate": -49.7,
            "research_to_sale_ratio": null,
            "price_fair": 54.8,
            "eps_avg_yearly": 1.57,
            "eps_latest_yearly": 0.84,
            "eps_growth_yearly": 298.89
        },
        "20201": {
            "year_quarter": 20201,
            "year": 2020,
            "quarter": 1,
            "eps": 0.17,
            "eps_growth_year": -54.05,
            "eps_4q": 1.2,
            "eps_4q_growth_year": -33.31,
            "roe": 1.09,
            "roe_4q": 7.85,
            "gross_profit": 17424,
            "gross_margin": 26.22,
            "gross_margin_4q_avg": 26.7,
            "net_income": 3662,
            "net_income_4q": null,
            "revenue": 66462,
            "revenue_4q": null,
            "common_shares": 220750,
            "book_valuer_per_share": 15.2,
            "book_valuer_per_share_4q_avg": 15.4,
            "equity": 335489,
            "current_ratio": 258.86,
            "debt_ratio": 37.4,
            "inventory_turnover_ratio": 1.49,
            "account_receivable_turnover_ratio": 1.84,
            "reinvestment_rate": -61.71,
            "research_to_sale_ratio": null,
            "price_fair": 52.73,
            "eps_avg_yearly": 1.51,
            "eps_latest_yearly": 0.68,
            "eps_growth_yearly": 273.89
        },
        "20202": {
            "year_quarter": 20202,
            "year": 2020,
            "quarter": 2,
            "eps": 0.08,
            "eps_growth_year": -82.98,
            "eps_4q": 0.79,
            "eps_4q_growth_year": -58.51,
            "roe": 0.52,
            "roe_4q": 5.4399999999999995,
            "gross_profit": 15040,
            "gross_margin": 25.84,
            "gross_margin_4q_avg": 25.9,
            "net_income": 1703,
            "net_income_4q": null,
            "revenue": 58210,
            "revenue_4q": null,
            "common_shares": 220750,
            "book_valuer_per_share": 14.56,
            "book_valuer_per_share_4q_avg": 15.1,
            "equity": 321512,
            "current_ratio": 223.29,
            "debt_ratio": 39.09,
            "inventory_turnover_ratio": 1.33,
            "account_receivable_turnover_ratio": 1.74,
            "reinvestment_rate": -61.76,
            "research_to_sale_ratio": null,
            "price_fair": 50.14,
            "eps_avg_yearly": 1.43,
            "eps_latest_yearly": 0.32,
            "eps_growth_yearly": 243.53
        },
        "20203": {
            "year_quarter": 20203,
            "year": 2020,
            "quarter": 3,
            "eps": 0.34,
            "eps_growth_year": -8.11,
            "eps_4q": 0.78,
            "eps_4q_growth_year": -58.48,
            "roe": 2.39,
            "roe_4q": 5.4,
            "gross_profit": 22718,
            "gross_margin": 29.14,
            "gross_margin_4q_avg": 27.05,
            "net_income": 7800,
            "net_income_4q": null,
            "revenue": 77966,
            "revenue_4q": null,
            "common_shares": 229580,
            "book_valuer_per_share": 14.42,
            "book_valuer_per_share_4q_avg": 14.89,
            "equity": 331087,
            "current_ratio": 229.47,
            "debt_ratio": 38.42,
            "inventory_turnover_ratio": 1.82,
            "account_receivable_turnover_ratio": 2.06,
            "reinvestment_rate": -57.4,
            "research_to_sale_ratio": null,
            "price_fair": 52.68,
            "eps_avg_yearly": 1.51,
            "eps_latest_yearly": 1.36,
            "eps_growth_yearly": 324.78
        },
        "20204": {
            "year_quarter": 20204,
            "year": 2020,
            "quarter": 4,
            "eps": 0.35,
            "eps_growth_year": 61.46,
            "eps_4q": 0.92,
            "eps_4q_growth_year": -33.55,
            "roe": 2.37,
            "roe_4q": 6.369999999999999,
            "gross_profit": 25215,
            "gross_margin": 31.41,
            "gross_margin_4q_avg": 28.15,
            "net_income": 7966,
            "net_income_4q": null,
            "revenue": 80270,
            "revenue_4q": null,
            "common_shares": 229580,
            "book_valuer_per_share": 14.86,
            "book_valuer_per_share_4q_avg": 14.76,
            "equity": 341047,
            "current_ratio": 258.54,
            "debt_ratio": 36.14,
            "inventory_turnover_ratio": 1.93,
            "account_receivable_turnover_ratio": 1.76,
            "reinvestment_rate": -31.84,
            "research_to_sale_ratio": null,
            "price_fair": 51.54,
            "eps_avg_yearly": 1.47,
            "eps_latest_yearly": 1.4,
            "eps_growth_yearly": 110.52
        },
        "20211": {
            "year_quarter": 20211,
            "year": 2021,
            "quarter": 1,
            "eps": 0.39,
            "eps_growth_year": 129.41,
            "eps_4q": 1.15,
            "eps_4q_growth_year": -3.82,
            "roe": 2.61,
            "roe_4q": 7.890000000000001,
            "gross_profit": 23962,
            "gross_margin": 28.66,
            "gross_margin_4q_avg": 28.76,
            "net_income": 8950,
            "net_income_4q": null,
            "revenue": 83611,
            "revenue_4q": null,
            "common_shares": 229580,
            "book_valuer_per_share": 15.01,
            "book_valuer_per_share_4q_avg": 14.71,
            "equity": 344592,
            "current_ratio": 279.15,
            "debt_ratio": 34.9,
            "inventory_turnover_ratio": 2.25,
            "account_receivable_turnover_ratio": 1.85,
            "reinvestment_rate": -30.21,
            "research_to_sale_ratio": null,
            "price_fair": 53.29,
            "eps_avg_yearly": 1.52,
            "eps_latest_yearly": 1.56,
            "eps_growth_yearly": 128.48
        },
        "20212": {
            "year_quarter": 20212,
            "year": 2021,
            "quarter": 2,
            "eps": 0.11,
            "eps_growth_year": 37.5,
            "eps_4q": 1.19,
            "eps_4q_growth_year": 49.86,
            "roe": 0.76,
            "roe_4q": 8.13,
            "gross_profit": 17956,
            "gross_margin": 26.49,
            "gross_margin_4q_avg": 28.93,
            "net_income": 2611,
            "net_income_4q": null,
            "revenue": 67779,
            "revenue_4q": null,
            "common_shares": 229580,
            "book_valuer_per_share": 14.98,
            "book_valuer_per_share_4q_avg": 14.82,
            "equity": 343827,
            "current_ratio": 300.72,
            "debt_ratio": 33.7,
            "inventory_turnover_ratio": 2.09,
            "account_receivable_turnover_ratio": 1.89,
            "reinvestment_rate": -33.87,
            "research_to_sale_ratio": null,
            "price_fair": 50.58,
            "eps_avg_yearly": 1.45,
            "eps_latest_yearly": 0.44,
            "eps_growth_yearly": 80.27
        },
        "20213": {
            "year_quarter": 20213,
            "year": 2021,
            "quarter": 3,
            "eps": -0.03,
            "eps_growth_year": -108.82,
            "eps_4q": 0.78,
            "eps_4q_growth_year": 0.01,
            "roe": -0.21,
            "roe_4q": 5.53,
            "gross_profit": 7608,
            "gross_margin": 17.51,
            "gross_margin_4q_avg": 26.02,
            "net_income": -721,
            "net_income_4q": null,
            "revenue": 43452,
            "revenue_4q": null,
            "common_shares": 241059,
            "book_valuer_per_share": 13.79,
            "book_valuer_per_share_4q_avg": 14.66,
            "equity": 332368,
            "current_ratio": 253.43,
            "debt_ratio": 35.15,
            "inventory_turnover_ratio": 1.51,
            "account_receivable_turnover_ratio": 1.38,
            "reinvestment_rate": -45.41,
            "research_to_sale_ratio": null,
            "price_fair": 48.91,
            "eps_avg_yearly": 1.4,
            "eps_latest_yearly": 0.44,
            "eps_growth_yearly": 78
        },
        "20214": {
            "year_quarter": 20214,
            "year": 2021,
            "quarter": 4,
            "eps": 0.3,
            "eps_growth_year": -14.64,
            "eps_4q": 0.75,
            "eps_4q_growth_year": -18.96,
            "roe": 2.13,
            "roe_4q": 5.289999999999999,
            "gross_profit": 21621,
            "gross_margin": 28.96,
            "gross_margin_4q_avg": 25.41,
            "net_income": 7140,
            "net_income_4q": null,
            "revenue": 74653,
            "revenue_4q": null,
            "common_shares": 241059,
            "book_valuer_per_share": 14.06,
            "book_valuer_per_share_4q_avg": 14.46,
            "equity": 338846,
            "current_ratio": 269.28,
            "debt_ratio": 33.42,
            "inventory_turnover_ratio": 2.03,
            "account_receivable_turnover_ratio": 2.06,
            "reinvestment_rate": -38.53,
            "research_to_sale_ratio": null,
            "price_fair": 49.8,
            "eps_avg_yearly": 1.42,
            "eps_latest_yearly": 0.44,
            "eps_growth_yearly": 98.39
        },
        "20221": {
            "year_quarter": 20221,
            "year": 2022,
            "quarter": 1,
            "eps": 0.26,
            "eps_growth_year": -33.33,
            "eps_4q": 0.64,
            "eps_4q_growth_year": -44.57,
            "roe": 1.84,
            "roe_4q": 4.52,
            "gross_profit": 19403,
            "gross_margin": 25.92,
            "gross_margin_4q_avg": 24.72,
            "net_income": 6346,
            "net_income_4q": null,
            "revenue": 74853,
            "revenue_4q": null,
            "common_shares": 241059,
            "book_valuer_per_share": 14.52,
            "book_valuer_per_share_4q_avg": 14.34,
            "equity": 349902,
            "current_ratio": 277.61,
            "debt_ratio": 32.71,
            "inventory_turnover_ratio": 2.04,
            "account_receivable_turnover_ratio": 1.91,
            "reinvestment_rate": -41.13,
            "research_to_sale_ratio": null,
            "price_fair": 45.5,
            "eps_avg_yearly": 1.3,
            "eps_latest_yearly": 1.04,
            "eps_growth_yearly": 47.32
        },
        "20222": {
            "year_quarter": 20222,
            "year": 2022,
            "quarter": 2,
            "eps": 0.27,
            "eps_growth_year": 145.45,
            "eps_4q": 0.77,
            "eps_4q_growth_year": -34.99,
            "roe": 1.85,
            "roe_4q": 5.61,
            "gross_profit": 22562,
            "gross_margin": 28.07,
            "gross_margin_4q_avg": 25.12,
            "net_income": 6448,
            "net_income_4q": null,
            "revenue": 80367,
            "revenue_4q": null,
            "common_shares": 241059,
            "book_valuer_per_share": 14.44,
            "book_valuer_per_share_4q_avg": 14.2,
            "equity": 348071,
            "current_ratio": 250.15,
            "debt_ratio": 33.73,
            "inventory_turnover_ratio": 2.08,
            "account_receivable_turnover_ratio": 1.91,
            "reinvestment_rate": -41.76,
            "research_to_sale_ratio": null,
            "price_fair": 45.5,
            "eps_avg_yearly": 1.3,
            "eps_latest_yearly": 1.08,
            "eps_growth_yearly": 65.81
        },
        "20223": {
            "year_quarter": 20223,
            "year": 2022,
            "quarter": 3,
            "eps": 0.34,
            "eps_growth_year": null,
            "eps_4q": 1.14,
            "eps_4q_growth_year": 46.41,
            "roe": 2.38,
            "roe_4q": 8.2,
            "gross_profit": 23395,
            "gross_margin": 28.01,
            "gross_margin_4q_avg": 27.74,
            "net_income": 8425,
            "net_income_4q": null,
            "revenue": 83525,
            "revenue_4q": null,
            "common_shares": 248291,
            "book_valuer_per_share": 14.53,
            "book_valuer_per_share_4q_avg": 14.39,
            "equity": 360653,
            "current_ratio": 278.36,
            "debt_ratio": 31.95,
            "inventory_turnover_ratio": 2.33,
            "account_receivable_turnover_ratio": 1.81,
            "reinvestment_rate": -40.59,
            "research_to_sale_ratio": null,
            "price_fair": 44.7,
            "eps_avg_yearly": 1.28,
            "eps_latest_yearly": 1.36,
            "eps_growth_yearly": 57.35
        },
        "20224": {
            "year_quarter": 20224,
            "year": 2022,
            "quarter": 4,
            "eps": 0.33,
            "eps_growth_year": 10.41,
            "eps_4q": 1.18,
            "eps_4q_growth_year": 58.42,
            "roe": 2.22,
            "roe_4q": 8.29,
            "gross_profit": 26101,
            "gross_margin": 31.62,
            "gross_margin_4q_avg": 28.41,
            "net_income": 8120,
            "net_income_4q": null,
            "revenue": 82535,
            "revenue_4q": null,
            "common_shares": 248291,
            "book_valuer_per_share": 14.87,
            "book_valuer_per_share_4q_avg": 14.59,
            "equity": 369274,
            "current_ratio": 275.97,
            "debt_ratio": 31.55,
            "inventory_turnover_ratio": 2.5,
            "account_receivable_turnover_ratio": 1.81,
            "reinvestment_rate": -40.29,
            "research_to_sale_ratio": null,
            "price_fair": 40.6,
            "eps_avg_yearly": 1.16,
            "eps_latest_yearly": 1.32,
            "eps_growth_yearly": 34.74
        },
        "20231": {
            "year_quarter": 20231,
            "year": 2023,
            "quarter": 1,
            "eps": 0.06,
            "eps_growth_year": -76.92,
            "eps_4q": 0.99,
            "eps_4q_growth_year": 54.69,
            "roe": 0.41,
            "roe_4q": 6.859999999999999,
            "gross_profit": 17378,
            "gross_margin": 23.89,
            "gross_margin_4q_avg": 27.9,
            "net_income": 1506,
            "net_income_4q": null,
            "revenue": 72735,
            "revenue_4q": null,
            "common_shares": 248291,
            "book_valuer_per_share": 14.89,
            "book_valuer_per_share_4q_avg": 14.68,
            "equity": 369659,
            "current_ratio": 274.67,
            "debt_ratio": 31.11,
            "inventory_turnover_ratio": 2.35,
            "account_receivable_turnover_ratio": 1.64,
            "reinvestment_rate": -46.96,
            "research_to_sale_ratio": null,
            "price_fair": 37.5,
            "eps_avg_yearly": 1.07,
            "eps_latest_yearly": 0.24,
            "eps_growth_yearly": 25.65
        },
        "20232": {
            "year_quarter": 20232,
            "year": 2023,
            "quarter": 2,
            "eps": 0.41,
            "eps_growth_year": 51.85,
            "eps_4q": 1.08,
            "eps_4q_growth_year": 39.56,
            "roe": 2.76,
            "roe_4q": 7.7700000000000005,
            "gross_profit": 24297,
            "gross_margin": 26.83,
            "gross_margin_4q_avg": 27.59,
            "net_income": 10104,
            "net_income_4q": null,
            "revenue": 90549,
            "revenue_4q": null,
            "common_shares": 248291,
            "book_valuer_per_share": 14.61,
            "book_valuer_per_share_4q_avg": 14.73,
            "equity": 362716,
            "current_ratio": 224.44,
            "debt_ratio": 33.65,
            "inventory_turnover_ratio": 2.8,
            "account_receivable_turnover_ratio": 1.86,
            "reinvestment_rate": -40.55,
            "research_to_sale_ratio": null,
            "price_fair": 36.9,
            "eps_avg_yearly": 1.05,
            "eps_latest_yearly": 1.64,
            "eps_growth_yearly": 184.59
        },
        "20233": {
            "year_quarter": 20233,
            "year": 2023,
            "quarter": 3,
            "eps": 0.3,
            "eps_growth_year": -11.76,
            "eps_4q": 1.05,
            "eps_4q_growth_year": -7.71,
            "roe": 2.1,
            "roe_4q": 7.49,
            "gross_profit": 21584,
            "gross_margin": 26.11,
            "gross_margin_4q_avg": 27.11,
            "net_income": 7750,
            "net_income_4q": null,
            "revenue": 82677,
            "revenue_4q": null,
            "common_shares": 260706,
            "book_valuer_per_share": 14.39,
            "book_valuer_per_share_4q_avg": 14.69,
            "equity": 375275,
            "current_ratio": 176.23,
            "debt_ratio": 47.3,
            "inventory_turnover_ratio": 2.58,
            "account_receivable_turnover_ratio": 1.57,
            "reinvestment_rate": 137.7,
            "research_to_sale_ratio": null,
            "price_fair": 36.2,
            "eps_avg_yearly": 1.03,
            "eps_latest_yearly": 1.2,
            "eps_growth_yearly": 183.01
        },
        "20234": {
            "year_quarter": 20234,
            "year": 2023,
            "quarter": 4,
            "eps": 0.21,
            "eps_growth_year": -35.86,
            "eps_4q": 0.95,
            "eps_4q_growth_year": -19.4,
            "roe": 1.46,
            "roe_4q": 6.73,
            "gross_profit": 20102,
            "gross_margin": 25.52,
            "gross_margin_4q_avg": 25.59,
            "net_income": 5469,
            "net_income_4q": null,
            "revenue": 78758,
            "revenue_4q": null,
            "common_shares": 260706,
            "book_valuer_per_share": 14.4,
            "book_valuer_per_share_4q_avg": 14.57,
            "equity": 375490,
            "current_ratio": 193.21,
            "debt_ratio": 45.52,
            "inventory_turnover_ratio": 2.37,
            "account_receivable_turnover_ratio": 1.66,
            "reinvestment_rate": 128.46,
            "research_to_sale_ratio": null,
            "price_fair": 36.2,
            "eps_avg_yearly": 1.03,
            "eps_latest_yearly": 0.84,
            "eps_growth_yearly": 186.79
        }
    },
    "months": {
        "2011-07": {
            "month": "2011-07",
            "price": "70.85",
            "revenue": 20764
        },
        "2011-08": {
            "month": "2011-08",
            "price": "69.50",
            "revenue": 20668
        },
        "2011-09": {
            "month": "2011-09",
            "price": "60.78",
            "revenue": 21627
        },
        "2011-10": {
            "month": "2011-10",
            "price": "53.12",
            "revenue": 23924
        },
        "2011-11": {
            "month": "2011-11",
            "price": "53.57",
            "revenue": 21764
        },
        "2011-12": {
            "month": "2011-12",
            "price": "54.07",
            "revenue": 23419
        },
        "2012-02": {
            "month": "2012-02",
            "price": "49.39",
            "revenue": 25938
        },
        "2012-03": {
            "month": "2012-03",
            "price": "47.55",
            "revenue": 24510
        },
        "2012-04": {
            "month": "2012-04",
            "price": "38.38",
            "revenue": 32203
        },
        "2012-05": {
            "month": "2012-05",
            "price": "33.39",
            "revenue": 25475
        },
        "2012-06": {
            "month": "2012-06",
            "price": "29.50",
            "revenue": 22536
        },
        "2012-07": {
            "month": "2012-07",
            "price": "29.82",
            "revenue": 29227
        },
        "2012-08": {
            "month": "2012-08",
            "price": "32.72",
            "revenue": 29898
        },
        "2012-09": {
            "month": "2012-09",
            "price": "32.75",
            "revenue": 29562
        },
        "2012-10": {
            "month": "2012-10",
            "price": "32.90",
            "revenue": 28995
        },
        "2012-11": {
            "month": "2012-11",
            "price": "33.40",
            "revenue": 28652
        },
        "2012-12": {
            "month": "2012-12",
            "price": "31.42",
            "revenue": 27927
        },
        "2013-01": {
            "month": "2013-01",
            "price": "29.94",
            "revenue": 28088
        },
        "2013-02": {
            "month": "2013-02",
            "price": "29.63",
            "revenue": 24221
        },
        "2013-03": {
            "month": "2013-03",
            "price": "28.82",
            "revenue": 33183
        },
        "2013-04": {
            "month": "2013-04",
            "price": "29.19",
            "revenue": 26504
        },
        "2013-05": {
            "month": "2013-05",
            "price": "29.15",
            "revenue": 30926
        },
        "2013-06": {
            "month": "2013-06",
            "price": "30.59",
            "revenue": 27997
        },
        "2013-07": {
            "month": "2013-07",
            "price": "30.08",
            "revenue": 26391
        },
        "2013-08": {
            "month": "2013-08",
            "price": "30.06",
            "revenue": 25474
        },
        "2013-09": {
            "month": "2013-09",
            "price": "28.58",
            "revenue": 28884
        },
        "2013-10": {
            "month": "2013-10",
            "price": "28.28",
            "revenue": 27950
        },
        "2013-11": {
            "month": "2013-11",
            "price": "28.30",
            "revenue": 28848
        },
        "2013-12": {
            "month": "2013-12",
            "price": "30.02",
            "revenue": 25116
        },
        "2014-01": {
            "month": "2014-01",
            "price": "30.37",
            "revenue": 24963
        },
        "2014-02": {
            "month": "2014-02",
            "price": "29.91",
            "revenue": 24538
        },
        "2014-03": {
            "month": "2014-03",
            "price": "33.04",
            "revenue": 27918
        },
        "2014-04": {
            "month": "2014-04",
            "price": "32.45",
            "revenue": 29332
        },
        "2014-05": {
            "month": "2014-05",
            "price": "30.98",
            "revenue": 26586
        },
        "2014-06": {
            "month": "2014-06",
            "price": "30.04",
            "revenue": 24843
        },
        "2014-07": {
            "month": "2014-07",
            "price": "29.81",
            "revenue": 24896
        },
        "2014-08": {
            "month": "2014-08",
            "price": "29.71",
            "revenue": 29548
        },
        "2014-09": {
            "month": "2014-09",
            "price": "28.71",
            "revenue": 28362
        },
        "2014-10": {
            "month": "2014-10",
            "price": "27.80",
            "revenue": 25156
        },
        "2014-11": {
            "month": "2014-11",
            "price": "26.04",
            "revenue": 22052
        },
        "2014-12": {
            "month": "2014-12",
            "price": "25.62",
            "revenue": 21320
        },
        "2015-01": {
            "month": "2015-01",
            "price": "25.28",
            "revenue": 26367
        },
        "2015-02": {
            "month": "2015-02",
            "price": "24.49",
            "revenue": 21871
        },
        "2015-03": {
            "month": "2015-03",
            "price": "25.84",
            "revenue": 26656
        },
        "2015-04": {
            "month": "2015-04",
            "price": "24.16",
            "revenue": 24340
        },
        "2015-05": {
            "month": "2015-05",
            "price": "23.64",
            "revenue": 22679
        },
        "2015-06": {
            "month": "2015-06",
            "price": "23.27",
            "revenue": 25213
        },
        "2015-07": {
            "month": "2015-07",
            "price": "25.25",
            "revenue": 20827
        },
        "2015-08": {
            "month": "2015-08",
            "price": "23.88",
            "revenue": 25972
        },
        "2015-09": {
            "month": "2015-09",
            "price": "22.37",
            "revenue": 23116
        },
        "2015-10": {
            "month": "2015-10",
            "price": "23.28",
            "revenue": 23773
        },
        "2015-11": {
            "month": "2015-11",
            "price": "24.28",
            "revenue": 20737
        },
        "2015-12": {
            "month": "2015-12",
            "price": "23.85",
            "revenue": 22197
        },
        "2016-01": {
            "month": "2016-01",
            "price": "22.23",
            "revenue": 19612
        },
        "2016-02": {
            "month": "2016-02",
            "price": "21.31",
            "revenue": 18219
        },
        "2016-03": {
            "month": "2016-03",
            "price": "21.24",
            "revenue": 19041
        },
        "2016-04": {
            "month": "2016-04",
            "price": "20.52",
            "revenue": 21893
        },
        "2016-05": {
            "month": "2016-05",
            "price": "19.83",
            "revenue": 22517
        },
        "2016-06": {
            "month": "2016-06",
            "price": "19.15",
            "revenue": 18042
        },
        "2016-07": {
            "month": "2016-07",
            "price": "18.39",
            "revenue": 17104
        },
        "2016-08": {
            "month": "2016-08",
            "price": "19.08",
            "revenue": 18087
        },
        "2016-09": {
            "month": "2016-09",
            "price": "18.09",
            "revenue": 15182
        },
        "2016-10": {
            "month": "2016-10",
            "price": "16.88",
            "revenue": 18914
        },
        "2016-11": {
            "month": "2016-11",
            "price": "15.39",
            "revenue": 20977
        },
        "2016-12": {
            "month": "2016-12",
            "price": "17.57",
            "revenue": 18815
        },
        "2017-01": {
            "month": "2017-01",
            "price": "18.29",
            "revenue": 16810
        },
        "2017-02": {
            "month": "2017-02",
            "price": "18.02",
            "revenue": 18807
        },
        "2017-03": {
            "month": "2017-03",
            "price": "18.06",
            "revenue": 25591
        },
        "2017-04": {
            "month": "2017-04",
            "price": "18.11",
            "revenue": 20960
        },
        "2017-05": {
            "month": "2017-05",
            "price": "17.68",
            "revenue": 26197
        },
        "2017-06": {
            "month": "2017-06",
            "price": "17.98",
            "revenue": 25290
        },
        "2017-07": {
            "month": "2017-07",
            "price": "18.40",
            "revenue": 25813
        },
        "2017-08": {
            "month": "2017-08",
            "price": "20.13",
            "revenue": 25132
        },
        "2017-09": {
            "month": "2017-09",
            "price": "19.96",
            "revenue": 24641
        },
        "2017-10": {
            "month": "2017-10",
            "price": "19.19",
            "revenue": 24390
        },
        "2017-11": {
            "month": "2017-11",
            "price": "19.49",
            "revenue": 24437
        },
        "2017-12": {
            "month": "2017-12",
            "price": "21.09",
            "revenue": 21610
        },
        "2018-01": {
            "month": "2018-01",
            "price": "21.44",
            "revenue": 30981
        },
        "2018-02": {
            "month": "2018-02",
            "price": "22.42",
            "revenue": 21725
        },
        "2018-03": {
            "month": "2018-03",
            "price": "31.24",
            "revenue": 33523
        },
        "2018-04": {
            "month": "2018-04",
            "price": "29.06",
            "revenue": 23638
        },
        "2018-05": {
            "month": "2018-05",
            "price": "29.30",
            "revenue": 29261
        },
        "2018-06": {
            "month": "2018-06",
            "price": "28.40",
            "revenue": 26079
        },
        "2018-07": {
            "month": "2018-07",
            "price": "27.58",
            "revenue": 28303
        },
        "2018-08": {
            "month": "2018-08",
            "price": "25.29",
            "revenue": 27502
        },
        "2018-09": {
            "month": "2018-09",
            "price": "22.71",
            "revenue": 24534
        },
        "2018-10": {
            "month": "2018-10",
            "price": "21.24",
            "revenue": 25608
        },
        "2018-11": {
            "month": "2018-11",
            "price": "20.63",
            "revenue": 30025
        },
        "2018-12": {
            "month": "2018-12",
            "price": "21.25",
            "revenue": 26370
        },
        "2019-01": {
            "month": "2019-01",
            "price": "22.45",
            "revenue": 29980
        },
        "2019-02": {
            "month": "2019-02",
            "price": "22.08",
            "revenue": 20718
        },
        "2019-03": {
            "month": "2019-03",
            "price": "22.53",
            "revenue": 28658
        },
        "2019-04": {
            "month": "2019-04",
            "price": "23.81",
            "revenue": 29755
        },
        "2019-05": {
            "month": "2019-05",
            "price": "23.06",
            "revenue": 31413
        },
        "2019-06": {
            "month": "2019-06",
            "price": "22.65",
            "revenue": 25502
        },
        "2019-07": {
            "month": "2019-07",
            "price": "22.76",
            "revenue": 27971
        },
        "2019-08": {
            "month": "2019-08",
            "price": "23.11",
            "revenue": 30751
        },
        "2019-09": {
            "month": "2019-09",
            "price": "21.96",
            "revenue": 24840
        },
        "2019-10": {
            "month": "2019-10",
            "price": "22.08",
            "revenue": 27284
        },
        "2019-11": {
            "month": "2019-11",
            "price": "21.67",
            "revenue": 28370
        },
        "2019-12": {
            "month": "2019-12",
            "price": "20.79",
            "revenue": 25612
        },
        "2020-01": {
            "month": "2020-01",
            "price": "21.02",
            "revenue": 21618
        },
        "2020-02": {
            "month": "2020-02",
            "price": "20.16",
            "revenue": 24021
        },
        "2020-03": {
            "month": "2020-03",
            "price": "17.98",
            "revenue": 20833
        },
        "2020-04": {
            "month": "2020-04",
            "price": "16.68",
            "revenue": 16564
        },
        "2020-05": {
            "month": "2020-05",
            "price": "16.85",
            "revenue": 17408
        },
        "2020-06": {
            "month": "2020-06",
            "price": "17.03",
            "revenue": 24455
        },
        "2020-07": {
            "month": "2020-07",
            "price": "17.21",
            "revenue": 25487
        },
        "2020-08": {
            "month": "2020-08",
            "price": "17.22",
            "revenue": 26401
        },
        "2020-09": {
            "month": "2020-09",
            "price": "17.47",
            "revenue": 26015
        },
        "2020-10": {
            "month": "2020-10",
            "price": "16.75",
            "revenue": 26238
        },
        "2020-11": {
            "month": "2020-11",
            "price": "16.53",
            "revenue": 21932
        },
        "2020-12": {
            "month": "2020-12",
            "price": "16.45",
            "revenue": 32027
        },
        "2021-01": {
            "month": "2021-01",
            "price": "16.58",
            "revenue": 29218
        },
        "2021-02": {
            "month": "2021-02",
            "price": "16.48",
            "revenue": 25004
        },
        "2021-03": {
            "month": "2021-03",
            "price": "17.10",
            "revenue": 29388
        },
        "2021-04": {
            "month": "2021-04",
            "price": "17.93",
            "revenue": 28037
        },
        "2021-05": {
            "month": "2021-05",
            "price": "17.94",
            "revenue": 25740
        },
        "2021-06": {
            "month": "2021-06",
            "price": "17.95",
            "revenue": 14350
        },
        "2021-07": {
            "month": "2021-07",
            "price": "17.72",
            "revenue": 11180
        },
        "2021-08": {
            "month": "2021-08",
            "price": "17.76",
            "revenue": 10247
        },
        "2021-09": {
            "month": "2021-09",
            "price": "17.85",
            "revenue": 22674
        },
        "2021-10": {
            "month": "2021-10",
            "price": "17.53",
            "revenue": 24203
        },
        "2021-11": {
            "month": "2021-11",
            "price": "17.53",
            "revenue": 24765
        },
        "2021-12": {
            "month": "2021-12",
            "price": "18.16",
            "revenue": 25527
        },
        "2022-01": {
            "month": "2022-01",
            "price": "18.47",
            "revenue": 26723
        },
        "2022-02": {
            "month": "2022-02",
            "price": "18.96",
            "revenue": 20625
        },
        "2022-03": {
            "month": "2022-03",
            "price": "18.75",
            "revenue": 27535
        },
        "2022-04": {
            "month": "2022-04",
            "price": "18.27",
            "revenue": 22488
        },
        "2022-05": {
            "month": "2022-05",
            "price": "18.09",
            "revenue": 27276
        },
        "2022-06": {
            "month": "2022-06",
            "price": "17.99",
            "revenue": 30526
        },
        "2022-07": {
            "month": "2022-07",
            "price": "17.72",
            "revenue": 26023
        },
        "2022-08": {
            "month": "2022-08",
            "price": "18.46",
            "revenue": 32153
        },
        "2022-09": {
            "month": "2022-09",
            "price": "18.32",
            "revenue": 25302
        },
        "2022-10": {
            "month": "2022-10",
            "price": "17.19",
            "revenue": 29789
        },
        "2022-11": {
            "month": "2022-11",
            "price": "17.62",
            "revenue": 25426
        },
        "2022-12": {
            "month": "2022-12",
            "price": "17.89",
            "revenue": 27294
        },
        "2023-01": {
            "month": "2023-01",
            "price": "18.56",
            "revenue": 20008
        },
        "2023-02": {
            "month": "2023-02",
            "price": "18.17",
            "revenue": 25898
        },
        "2023-03": {
            "month": "2023-03",
            "price": "19.13",
            "revenue": 26795
        },
        "2023-04": {
            "month": "2023-04",
            "price": "20.55",
            "revenue": 27787
        },
        "2023-05": {
            "month": "2023-05",
            "price": "20.22",
            "revenue": 33049
        },
        "2023-06": {
            "month": "2023-06",
            "price": "21.04",
            "revenue": 29559
        },
        "2023-07": {
            "month": "2023-07",
            "price": "22.69",
            "revenue": 24126
        },
        "2023-08": {
            "month": "2023-08",
            "price": "22.95",
            "revenue": 30365
        },
        "2023-09": {
            "month": "2023-09",
            "price": "21.40",
            "revenue": 28210
        },
        "2023-10": {
            "month": "2023-10",
            "price": "20.56",
            "revenue": 28113
        },
        "2023-11": {
            "month": "2023-11",
            "price": "21.09",
            "revenue": 26376
        },
        "2023-12": {
            "month": "2023-12",
            "price": "22.09",
            "revenue": 24319
        }
    }
}
