{
    "summary": {
        "stock_name": "惠普",
        "stock_id": "8424",
        "category": "建材營造",
        "main_business": "矽酸鈣板、纖維水泥板製造及銷售",
        "website_url": "http://www.wellpool.com.tw",
        "ceo": "倪勇",
        "pe_ratio": 17,
        "report_year_from": 2009,
        "report_year_to": 2023,
        "age": 15,
        "eps_negative_percentage": 0,
        "eps_growth_avg": {
            "last_all": 10.75,
            "last_2y": 2.79,
            "last_4y": -1.3,
            "last_8y": 1.41,
            "last_12y": null,
            "last_16y": null,
            "last_20y": null,
            "at_2006_last_3y": null,
            "at_2007_last_3y": null,
            "at_2008_last_3y": null,
            "at_2009_last_3y": null,
            "at_2010_last_3y": null,
            "at_2011_last_3y": null,
            "at_2012_last_3y": null,
            "at_2013_last_3y": null,
            "at_2014_last_3y": null,
            "at_2015_last_3y": null,
            "at_2016_last_3y": 21.37,
            "at_2017_last_3y": 4.75,
            "at_2018_last_3y": 4.8,
            "at_2019_last_3y": 8.46,
            "at_2020_last_3y": 6.11,
            "at_2021_last_3y": 1.18,
            "at_2022_last_3y": 2.95,
            "at_2023_last_3y": -2.66,
            "at_2024_last_3y": -2.66,
            "at_2006_last_all": null,
            "at_2007_last_all": null,
            "at_2008_last_all": null,
            "at_2009_last_all": null,
            "at_2010_last_all": null,
            "at_2011_last_all": null,
            "at_2012_last_all": null,
            "at_2013_last_all": null,
            "at_2014_last_all": 52.76,
            "at_2015_last_all": 31.68,
            "at_2016_last_all": 21.37,
            "at_2017_last_all": 23.8,
            "at_2018_last_all": 20.79,
            "at_2019_last_all": 18.41,
            "at_2020_last_all": 13.74,
            "at_2021_last_all": 13.75,
            "at_2022_last_all": 13.65,
            "at_2023_last_all": 10.75,
            "at_2024_last_all": 10.75
        },
        "latest_eps": 4.24,
        "latest_price": 70,
        "latest_roe": 13.87,
        "latest_gross_margin": 28.01,
        "latest_equity": 1094378,
        "latest_revenue": 239833,
        "latest_gross_profit": 67169,
        "latest_net_income": 38433,
        "latest_debt_ratio": 14.24,
        "latest_current_ratio": 375.06,
        "latest_account_receivable_turnover_ratio": 0.92,
        "latest_inventory_turnover_ratio": 1.16,
        "latest_reinvestment_rate": -19.87,
        "latest_research_to_sale_ratio": null
    },
    "eps_dividends": {
        "2001": {
            "cash": 0,
            "stock": 0,
            "eps": 0
        },
        "2002": {
            "cash": 0,
            "stock": 0,
            "eps": 0
        },
        "2003": {
            "cash": 0,
            "stock": 0,
            "eps": 0
        },
        "2004": {
            "cash": 0,
            "stock": 0,
            "eps": 0
        },
        "2005": {
            "cash": 0,
            "stock": 0,
            "eps": 0
        },
        "2006": {
            "cash": 0,
            "stock": 0,
            "eps": 0
        },
        "2007": {
            "cash": 0,
            "stock": 0,
            "eps": 0
        },
        "2008": {
            "cash": 0,
            "stock": 0,
            "eps": 0
        },
        "2009": {
            "cash": 0,
            "stock": 0,
            "eps": 0
        },
        "2010": {
            "cash": 1.5,
            "stock": 0,
            "eps": 0
        },
        "2011": {
            "cash": 1,
            "stock": 0,
            "eps": 0
        },
        "2012": {
            "cash": 1.5,
            "stock": 0.5,
            "eps": 1.92
        },
        "2013": {
            "cash": 0.5,
            "stock": 1,
            "eps": 3.98
        },
        "2014": {
            "cash": 1.5,
            "stock": 1,
            "eps": 4.2
        },
        "2015": {
            "cash": 2.5,
            "stock": 0,
            "eps": 3.76
        },
        "2016": {
            "cash": 2.5,
            "stock": 0,
            "eps": 3.4
        },
        "2017": {
            "cash": 3,
            "stock": 0,
            "eps": 4.54
        },
        "2018": {
            "cash": 3.5,
            "stock": 0,
            "eps": 4.8
        },
        "2019": {
            "cash": 3.8,
            "stock": 0,
            "eps": 5
        },
        "2020": {
            "cash": 4,
            "stock": 0,
            "eps": 4.05
        },
        "2021": {
            "cash": 4,
            "stock": 0,
            "eps": 4.61
        },
        "2022": {
            "cash": 4.5,
            "stock": 0,
            "eps": 5.2
        },
        "2023": {
            "cash": 4.7,
            "stock": 0,
            "eps": 4.25
        },
        "2024": {
            "cash": 4,
            "stock": 0,
            "eps": 0
        }
    },
    "dividends": {
        "2010-05-27": {
            "cash": 1.5,
            "stock": 0
        },
        "2011-04-07": {
            "cash": 1,
            "stock": 0
        },
        "2012-06-26": {
            "cash": 1.5,
            "stock": 0.5
        },
        "2013-06-24": {
            "cash": 0.5,
            "stock": 1
        },
        "2014-09-22": {
            "cash": 1.5,
            "stock": 1
        },
        "2015-08-19": {
            "cash": 2.5,
            "stock": 0
        },
        "2016-07-19": {
            "cash": 2.5,
            "stock": 0
        },
        "2017-09-06": {
            "cash": 3,
            "stock": 0
        },
        "2018-08-15": {
            "cash": 3.5,
            "stock": 0
        },
        "2019-07-19": {
            "cash": 3.8,
            "stock": 0
        },
        "2020-07-24": {
            "cash": 4,
            "stock": 0
        },
        "2021-09-17": {
            "cash": 4,
            "stock": 0
        },
        "2022-07-08": {
            "cash": 4.5,
            "stock": 0
        },
        "2023-07-07": {
            "cash": 4.7,
            "stock": 0
        },
        "2024-02-27": {
            "cash": 4,
            "stock": 0
        }
    },
    "prices": {
        "200101": "無",
        "200102": "無",
        "200103": "無",
        "200104": "無",
        "200105": "無",
        "200106": "無",
        "200107": "無",
        "200108": "無",
        "200109": "無",
        "200110": "無",
        "200111": "無",
        "200112": "無",
        "200201": "無",
        "200202": "無",
        "200203": "無",
        "200204": "無",
        "200205": "無",
        "200206": "無",
        "200207": "無",
        "200208": "無",
        "200209": "無",
        "200210": "無",
        "200211": "無",
        "200212": "無",
        "200301": "無",
        "200302": "無",
        "200303": "無",
        "200304": "無",
        "200305": "無",
        "200306": "無",
        "200307": "無",
        "200308": "無",
        "200309": "無",
        "200310": "無",
        "200311": "無",
        "200312": "無",
        "200401": "無",
        "200402": "無",
        "200403": "無",
        "200404": "無",
        "200405": "無",
        "200406": "無",
        "200407": "無",
        "200408": "無",
        "200409": "無",
        "200410": "無",
        "200411": "無",
        "200412": "無",
        "200501": "無",
        "200502": "無",
        "200503": "無",
        "200504": "無",
        "200505": "無",
        "200506": "無",
        "200507": "無",
        "200508": "無",
        "200509": "無",
        "200510": "無",
        "200511": "無",
        "200512": "無",
        "200601": "無",
        "200602": "無",
        "200603": "無",
        "200604": "無",
        "200605": "無",
        "200606": "無",
        "200607": "無",
        "200608": "無",
        "200609": "無",
        "200610": "無",
        "200611": "無",
        "200612": "無",
        "200701": "無",
        "200702": "無",
        "200703": "無",
        "200704": "無",
        "200705": "無",
        "200706": "無",
        "200707": "無",
        "200708": "無",
        "200709": "無",
        "200710": "無",
        "200711": "無",
        "200712": "無",
        "200801": "無",
        "200802": "無",
        "200803": "無",
        "200804": "無",
        "200805": "無",
        "200806": "無",
        "200807": "無",
        "200808": "無",
        "200809": "無",
        "200810": "無",
        "200811": "無",
        "200812": "無",
        "200901": "無",
        "200902": "無",
        "200903": "無",
        "200904": "無",
        "200905": "無",
        "200906": "無",
        "200907": "無",
        "200908": "無",
        "200909": "無",
        "200910": "無",
        "200911": "無",
        "200912": "無",
        "201001": "無",
        "201002": "無",
        "201003": "無",
        "201004": "無",
        "201005": "無",
        "201006": "無",
        "201007": "無",
        "201008": "無",
        "201009": "無",
        "201010": "無",
        "201011": "32.85",
        "201012": "30.19",
        "201101": "29.70",
        "201102": "30.33",
        "201103": "31.61",
        "201104": "31.40",
        "201105": "31.75",
        "201106": "31.75",
        "201107": "31.57",
        "201108": "29.15",
        "201109": "25.64",
        "201110": "22.95",
        "201111": "21.89",
        "201112": "21.06",
        "201201": "21.04",
        "201202": "24.89",
        "201203": "26.01",
        "201204": "27.09",
        "201205": "27.87",
        "201206": "27.37",
        "201207": "27.76",
        "201208": "28.27",
        "201209": "32.28",
        "201210": "34.06",
        "201211": "33.00",
        "201212": "32.16",
        "201301": "33.48",
        "201302": "36.53",
        "201303": "40.08",
        "201304": "40.98",
        "201305": "41.05",
        "201306": "39.73",
        "201307": "41.58",
        "201308": "51.32",
        "201309": "44.68",
        "201310": "42.75",
        "201311": "41.16",
        "201312": "43.87",
        "201401": "42.31",
        "201402": "40.70",
        "201403": "41.43",
        "201404": "42.34",
        "201405": "41.34",
        "201406": "42.23",
        "201407": "43.68",
        "201408": "42.83",
        "201409": "41.53",
        "201410": "39.93",
        "201411": "39.77",
        "201412": "40.04",
        "201501": "40.30",
        "201502": "42.05",
        "201503": "44.07",
        "201504": "44.52",
        "201505": "46.18",
        "201506": "46.18",
        "201507": "42.10",
        "201508": "38.49",
        "201509": "39.25",
        "201510": "38.84",
        "201511": "39.14",
        "201512": "39.00",
        "201601": "37.46",
        "201602": "37.23",
        "201603": "38.56",
        "201604": "38.23",
        "201605": "36.83",
        "201606": "36.39",
        "201607": "35.00",
        "201608": "36.07",
        "201609": "35.47",
        "201610": "33.97",
        "201611": "32.73",
        "201612": "32.29",
        "201701": "33.19",
        "201702": "34.96",
        "201703": "38.89",
        "201704": "39.24",
        "201705": "39.76",
        "201706": "40.92",
        "201707": "41.00",
        "201708": "41.12",
        "201709": "40.61",
        "201710": "42.77",
        "201711": "46.96",
        "201712": "46.21",
        "201801": "48.12",
        "201802": "49.68",
        "201803": "53.12",
        "201804": "54.29",
        "201805": "54.40",
        "201806": "56.69",
        "201807": "56.93",
        "201808": "54.73",
        "201809": "54.82",
        "201810": "51.90",
        "201811": "50.81",
        "201812": "51.03",
        "201901": "51.53",
        "201902": "53.52",
        "201903": "58.70",
        "201904": "58.11",
        "201905": "59.08",
        "201906": "58.66",
        "201907": "57.83",
        "201908": "58.95",
        "201909": "58.32",
        "201910": "57.31",
        "201911": "55.62",
        "201912": "54.04",
        "202001": "54.44",
        "202002": "52.55",
        "202003": "48.88",
        "202004": "49.52",
        "202005": "52.20",
        "202006": "54.09",
        "202007": "50.41",
        "202008": "49.70",
        "202009": "49.73",
        "202010": "50.05",
        "202011": "50.24",
        "202012": "51.02",
        "202101": "50.36",
        "202102": "51.37",
        "202103": "57.22",
        "202104": "58.99",
        "202105": "57.11",
        "202106": "57.79",
        "202107": "61.05",
        "202108": "61.59",
        "202109": "60.24",
        "202110": "60.29",
        "202111": "61.13",
        "202112": "61.28",
        "202201": "61.82",
        "202202": "62.91",
        "202203": "68.24",
        "202204": "71.92",
        "202205": "71.31",
        "202206": "70.39",
        "202207": "65.94",
        "202208": "68.80",
        "202209": "68.40",
        "202210": "65.54",
        "202211": "64.68",
        "202212": "65.71",
        "202301": "66.74",
        "202302": "67.13",
        "202303": "69.24",
        "202304": "69.76",
        "202305": "70.78",
        "202306": "69.08",
        "202307": "67.67",
        "202308": "67.34",
        "202309": "67.68",
        "202310": "67.28",
        "202311": "66.06",
        "202312": "66.53",
        "202401": "67.02",
        "202402": "67.77",
        "202403": "69.43",
        "202404": "無"
    },
    "quarters": {
        "20011": {
            "year_quarter": 20011,
            "year": 2001,
            "quarter": 1,
            "eps": null,
            "eps_growth_year": null,
            "eps_4q": null,
            "eps_4q_growth_year": null,
            "roe": null,
            "roe_4q": 0,
            "gross_profit": null,
            "gross_margin": null,
            "gross_margin_4q_avg": 0,
            "net_income": null,
            "net_income_4q": null,
            "revenue": null,
            "revenue_4q": null,
            "common_shares": null,
            "book_valuer_per_share": null,
            "book_valuer_per_share_4q_avg": 0,
            "equity": null,
            "current_ratio": null,
            "debt_ratio": null,
            "inventory_turnover_ratio": null,
            "account_receivable_turnover_ratio": null,
            "reinvestment_rate": null,
            "research_to_sale_ratio": null,
            "price_fair": 0,
            "eps_avg_yearly": 0,
            "eps_latest_yearly": 0,
            "eps_growth_yearly": 0
        },
        "20012": {
            "year_quarter": 20012,
            "year": 2001,
            "quarter": 2,
            "eps": null,
            "eps_growth_year": null,
            "eps_4q": null,
            "eps_4q_growth_year": null,
            "roe": null,
            "roe_4q": 0,
            "gross_profit": null,
            "gross_margin": null,
            "gross_margin_4q_avg": 0,
            "net_income": null,
            "net_income_4q": null,
            "revenue": null,
            "revenue_4q": null,
            "common_shares": null,
            "book_valuer_per_share": null,
            "book_valuer_per_share_4q_avg": 0,
            "equity": null,
            "current_ratio": null,
            "debt_ratio": null,
            "inventory_turnover_ratio": null,
            "account_receivable_turnover_ratio": null,
            "reinvestment_rate": null,
            "research_to_sale_ratio": null,
            "price_fair": 0,
            "eps_avg_yearly": 0,
            "eps_latest_yearly": 0,
            "eps_growth_yearly": 0
        },
        "20013": {
            "year_quarter": 20013,
            "year": 2001,
            "quarter": 3,
            "eps": null,
            "eps_growth_year": null,
            "eps_4q": null,
            "eps_4q_growth_year": null,
            "roe": null,
            "roe_4q": 0,
            "gross_profit": null,
            "gross_margin": null,
            "gross_margin_4q_avg": 0,
            "net_income": null,
            "net_income_4q": null,
            "revenue": null,
            "revenue_4q": null,
            "common_shares": null,
            "book_valuer_per_share": null,
            "book_valuer_per_share_4q_avg": 0,
            "equity": null,
            "current_ratio": null,
            "debt_ratio": null,
            "inventory_turnover_ratio": null,
            "account_receivable_turnover_ratio": null,
            "reinvestment_rate": null,
            "research_to_sale_ratio": null,
            "price_fair": 0,
            "eps_avg_yearly": 0,
            "eps_latest_yearly": 0,
            "eps_growth_yearly": 0
        },
        "20014": {
            "year_quarter": 20014,
            "year": 2001,
            "quarter": 4,
            "eps": null,
            "eps_growth_year": null,
            "eps_4q": null,
            "eps_4q_growth_year": null,
            "roe": null,
            "roe_4q": 0,
            "gross_profit": null,
            "gross_margin": null,
            "gross_margin_4q_avg": 0,
            "net_income": null,
            "net_income_4q": null,
            "revenue": null,
            "revenue_4q": null,
            "common_shares": 512312,
            "book_valuer_per_share": 7.52,
            "book_valuer_per_share_4q_avg": 1.88,
            "equity": 385333,
            "current_ratio": 174.65,
            "debt_ratio": 38.8,
            "inventory_turnover_ratio": null,
            "account_receivable_turnover_ratio": null,
            "reinvestment_rate": null,
            "research_to_sale_ratio": null,
            "price_fair": 0,
            "eps_avg_yearly": 0,
            "eps_latest_yearly": 0,
            "eps_growth_yearly": 0
        },
        "20021": {
            "year_quarter": 20021,
            "year": 2002,
            "quarter": 1,
            "eps": null,
            "eps_growth_year": null,
            "eps_4q": null,
            "eps_4q_growth_year": null,
            "roe": null,
            "roe_4q": 0,
            "gross_profit": null,
            "gross_margin": null,
            "gross_margin_4q_avg": 0,
            "net_income": null,
            "net_income_4q": null,
            "revenue": null,
            "revenue_4q": null,
            "common_shares": null,
            "book_valuer_per_share": null,
            "book_valuer_per_share_4q_avg": 1.88,
            "equity": null,
            "current_ratio": null,
            "debt_ratio": null,
            "inventory_turnover_ratio": null,
            "account_receivable_turnover_ratio": null,
            "reinvestment_rate": null,
            "research_to_sale_ratio": null,
            "price_fair": 0,
            "eps_avg_yearly": 0,
            "eps_latest_yearly": 0,
            "eps_growth_yearly": 0
        },
        "20022": {
            "year_quarter": 20022,
            "year": 2002,
            "quarter": 2,
            "eps": null,
            "eps_growth_year": null,
            "eps_4q": null,
            "eps_4q_growth_year": null,
            "roe": null,
            "roe_4q": 0,
            "gross_profit": null,
            "gross_margin": null,
            "gross_margin_4q_avg": 0,
            "net_income": null,
            "net_income_4q": null,
            "revenue": null,
            "revenue_4q": null,
            "common_shares": null,
            "book_valuer_per_share": null,
            "book_valuer_per_share_4q_avg": 1.88,
            "equity": null,
            "current_ratio": null,
            "debt_ratio": null,
            "inventory_turnover_ratio": null,
            "account_receivable_turnover_ratio": null,
            "reinvestment_rate": null,
            "research_to_sale_ratio": null,
            "price_fair": 0,
            "eps_avg_yearly": 0,
            "eps_latest_yearly": 0,
            "eps_growth_yearly": 0
        },
        "20023": {
            "year_quarter": 20023,
            "year": 2002,
            "quarter": 3,
            "eps": null,
            "eps_growth_year": null,
            "eps_4q": null,
            "eps_4q_growth_year": null,
            "roe": null,
            "roe_4q": 0,
            "gross_profit": null,
            "gross_margin": null,
            "gross_margin_4q_avg": 0,
            "net_income": null,
            "net_income_4q": null,
            "revenue": null,
            "revenue_4q": null,
            "common_shares": null,
            "book_valuer_per_share": null,
            "book_valuer_per_share_4q_avg": 1.88,
            "equity": null,
            "current_ratio": null,
            "debt_ratio": null,
            "inventory_turnover_ratio": null,
            "account_receivable_turnover_ratio": null,
            "reinvestment_rate": null,
            "research_to_sale_ratio": null,
            "price_fair": 0,
            "eps_avg_yearly": 0,
            "eps_latest_yearly": 0,
            "eps_growth_yearly": 0
        },
        "20024": {
            "year_quarter": 20024,
            "year": 2002,
            "quarter": 4,
            "eps": null,
            "eps_growth_year": null,
            "eps_4q": null,
            "eps_4q_growth_year": null,
            "roe": null,
            "roe_4q": 0,
            "gross_profit": null,
            "gross_margin": null,
            "gross_margin_4q_avg": 0,
            "net_income": null,
            "net_income_4q": null,
            "revenue": null,
            "revenue_4q": null,
            "common_shares": 512312,
            "book_valuer_per_share": 7.49,
            "book_valuer_per_share_4q_avg": 1.87,
            "equity": 383911,
            "current_ratio": 189.31,
            "debt_ratio": 36.84,
            "inventory_turnover_ratio": null,
            "account_receivable_turnover_ratio": null,
            "reinvestment_rate": null,
            "research_to_sale_ratio": null,
            "price_fair": 0,
            "eps_avg_yearly": 0,
            "eps_latest_yearly": 0,
            "eps_growth_yearly": 0
        },
        "20031": {
            "year_quarter": 20031,
            "year": 2003,
            "quarter": 1,
            "eps": null,
            "eps_growth_year": null,
            "eps_4q": null,
            "eps_4q_growth_year": null,
            "roe": null,
            "roe_4q": 0,
            "gross_profit": null,
            "gross_margin": null,
            "gross_margin_4q_avg": 0,
            "net_income": null,
            "net_income_4q": null,
            "revenue": null,
            "revenue_4q": null,
            "common_shares": null,
            "book_valuer_per_share": null,
            "book_valuer_per_share_4q_avg": 1.87,
            "equity": null,
            "current_ratio": null,
            "debt_ratio": null,
            "inventory_turnover_ratio": null,
            "account_receivable_turnover_ratio": null,
            "reinvestment_rate": null,
            "research_to_sale_ratio": null,
            "price_fair": 0,
            "eps_avg_yearly": 0,
            "eps_latest_yearly": 0,
            "eps_growth_yearly": 0
        },
        "20032": {
            "year_quarter": 20032,
            "year": 2003,
            "quarter": 2,
            "eps": null,
            "eps_growth_year": null,
            "eps_4q": null,
            "eps_4q_growth_year": null,
            "roe": null,
            "roe_4q": 0,
            "gross_profit": null,
            "gross_margin": null,
            "gross_margin_4q_avg": 0,
            "net_income": null,
            "net_income_4q": null,
            "revenue": null,
            "revenue_4q": null,
            "common_shares": null,
            "book_valuer_per_share": null,
            "book_valuer_per_share_4q_avg": 1.87,
            "equity": null,
            "current_ratio": null,
            "debt_ratio": null,
            "inventory_turnover_ratio": null,
            "account_receivable_turnover_ratio": null,
            "reinvestment_rate": null,
            "research_to_sale_ratio": null,
            "price_fair": 0,
            "eps_avg_yearly": 0,
            "eps_latest_yearly": 0,
            "eps_growth_yearly": 0
        },
        "20033": {
            "year_quarter": 20033,
            "year": 2003,
            "quarter": 3,
            "eps": null,
            "eps_growth_year": null,
            "eps_4q": null,
            "eps_4q_growth_year": null,
            "roe": null,
            "roe_4q": 0,
            "gross_profit": null,
            "gross_margin": null,
            "gross_margin_4q_avg": 0,
            "net_income": null,
            "net_income_4q": null,
            "revenue": null,
            "revenue_4q": null,
            "common_shares": null,
            "book_valuer_per_share": null,
            "book_valuer_per_share_4q_avg": 1.87,
            "equity": null,
            "current_ratio": null,
            "debt_ratio": null,
            "inventory_turnover_ratio": null,
            "account_receivable_turnover_ratio": null,
            "reinvestment_rate": null,
            "research_to_sale_ratio": null,
            "price_fair": 0,
            "eps_avg_yearly": 0,
            "eps_latest_yearly": 0,
            "eps_growth_yearly": 0
        },
        "20034": {
            "year_quarter": 20034,
            "year": 2003,
            "quarter": 4,
            "eps": null,
            "eps_growth_year": null,
            "eps_4q": null,
            "eps_4q_growth_year": null,
            "roe": null,
            "roe_4q": 0,
            "gross_profit": null,
            "gross_margin": null,
            "gross_margin_4q_avg": 0,
            "net_income": null,
            "net_income_4q": null,
            "revenue": null,
            "revenue_4q": null,
            "common_shares": null,
            "book_valuer_per_share": null,
            "book_valuer_per_share_4q_avg": 0,
            "equity": null,
            "current_ratio": null,
            "debt_ratio": null,
            "inventory_turnover_ratio": null,
            "account_receivable_turnover_ratio": null,
            "reinvestment_rate": null,
            "research_to_sale_ratio": null,
            "price_fair": 0,
            "eps_avg_yearly": 0,
            "eps_latest_yearly": 0,
            "eps_growth_yearly": 0
        },
        "20041": {
            "year_quarter": 20041,
            "year": 2004,
            "quarter": 1,
            "eps": null,
            "eps_growth_year": null,
            "eps_4q": null,
            "eps_4q_growth_year": null,
            "roe": null,
            "roe_4q": 0,
            "gross_profit": null,
            "gross_margin": null,
            "gross_margin_4q_avg": 0,
            "net_income": null,
            "net_income_4q": null,
            "revenue": null,
            "revenue_4q": null,
            "common_shares": null,
            "book_valuer_per_share": null,
            "book_valuer_per_share_4q_avg": 0,
            "equity": null,
            "current_ratio": null,
            "debt_ratio": null,
            "inventory_turnover_ratio": null,
            "account_receivable_turnover_ratio": null,
            "reinvestment_rate": null,
            "research_to_sale_ratio": null,
            "price_fair": 0,
            "eps_avg_yearly": 0,
            "eps_latest_yearly": 0,
            "eps_growth_yearly": 0
        },
        "20042": {
            "year_quarter": 20042,
            "year": 2004,
            "quarter": 2,
            "eps": null,
            "eps_growth_year": null,
            "eps_4q": null,
            "eps_4q_growth_year": null,
            "roe": null,
            "roe_4q": 0,
            "gross_profit": null,
            "gross_margin": null,
            "gross_margin_4q_avg": 0,
            "net_income": null,
            "net_income_4q": null,
            "revenue": null,
            "revenue_4q": null,
            "common_shares": null,
            "book_valuer_per_share": null,
            "book_valuer_per_share_4q_avg": 0,
            "equity": null,
            "current_ratio": null,
            "debt_ratio": null,
            "inventory_turnover_ratio": null,
            "account_receivable_turnover_ratio": null,
            "reinvestment_rate": null,
            "research_to_sale_ratio": null,
            "price_fair": 0,
            "eps_avg_yearly": 0,
            "eps_latest_yearly": 0,
            "eps_growth_yearly": 0
        },
        "20043": {
            "year_quarter": 20043,
            "year": 2004,
            "quarter": 3,
            "eps": null,
            "eps_growth_year": null,
            "eps_4q": null,
            "eps_4q_growth_year": null,
            "roe": null,
            "roe_4q": 0,
            "gross_profit": null,
            "gross_margin": null,
            "gross_margin_4q_avg": 0,
            "net_income": null,
            "net_income_4q": null,
            "revenue": null,
            "revenue_4q": null,
            "common_shares": null,
            "book_valuer_per_share": null,
            "book_valuer_per_share_4q_avg": 0,
            "equity": null,
            "current_ratio": null,
            "debt_ratio": null,
            "inventory_turnover_ratio": null,
            "account_receivable_turnover_ratio": null,
            "reinvestment_rate": null,
            "research_to_sale_ratio": null,
            "price_fair": 0,
            "eps_avg_yearly": 0,
            "eps_latest_yearly": 0,
            "eps_growth_yearly": 0
        },
        "20044": {
            "year_quarter": 20044,
            "year": 2004,
            "quarter": 4,
            "eps": null,
            "eps_growth_year": null,
            "eps_4q": null,
            "eps_4q_growth_year": null,
            "roe": null,
            "roe_4q": 0,
            "gross_profit": null,
            "gross_margin": null,
            "gross_margin_4q_avg": 0,
            "net_income": null,
            "net_income_4q": null,
            "revenue": null,
            "revenue_4q": null,
            "common_shares": null,
            "book_valuer_per_share": null,
            "book_valuer_per_share_4q_avg": 0,
            "equity": null,
            "current_ratio": null,
            "debt_ratio": null,
            "inventory_turnover_ratio": null,
            "account_receivable_turnover_ratio": null,
            "reinvestment_rate": null,
            "research_to_sale_ratio": null,
            "price_fair": 0,
            "eps_avg_yearly": 0,
            "eps_latest_yearly": 0,
            "eps_growth_yearly": 0
        },
        "20051": {
            "year_quarter": 20051,
            "year": 2005,
            "quarter": 1,
            "eps": null,
            "eps_growth_year": null,
            "eps_4q": null,
            "eps_4q_growth_year": null,
            "roe": null,
            "roe_4q": 0,
            "gross_profit": null,
            "gross_margin": null,
            "gross_margin_4q_avg": 0,
            "net_income": null,
            "net_income_4q": null,
            "revenue": null,
            "revenue_4q": null,
            "common_shares": null,
            "book_valuer_per_share": null,
            "book_valuer_per_share_4q_avg": 0,
            "equity": null,
            "current_ratio": null,
            "debt_ratio": null,
            "inventory_turnover_ratio": null,
            "account_receivable_turnover_ratio": null,
            "reinvestment_rate": null,
            "research_to_sale_ratio": null,
            "price_fair": 0,
            "eps_avg_yearly": 0,
            "eps_latest_yearly": 0,
            "eps_growth_yearly": 0
        },
        "20052": {
            "year_quarter": 20052,
            "year": 2005,
            "quarter": 2,
            "eps": null,
            "eps_growth_year": null,
            "eps_4q": null,
            "eps_4q_growth_year": null,
            "roe": null,
            "roe_4q": 0,
            "gross_profit": null,
            "gross_margin": null,
            "gross_margin_4q_avg": 0,
            "net_income": null,
            "net_income_4q": null,
            "revenue": null,
            "revenue_4q": null,
            "common_shares": null,
            "book_valuer_per_share": null,
            "book_valuer_per_share_4q_avg": 0,
            "equity": null,
            "current_ratio": null,
            "debt_ratio": null,
            "inventory_turnover_ratio": null,
            "account_receivable_turnover_ratio": null,
            "reinvestment_rate": null,
            "research_to_sale_ratio": null,
            "price_fair": 0,
            "eps_avg_yearly": 0,
            "eps_latest_yearly": 0,
            "eps_growth_yearly": 0
        },
        "20053": {
            "year_quarter": 20053,
            "year": 2005,
            "quarter": 3,
            "eps": null,
            "eps_growth_year": null,
            "eps_4q": null,
            "eps_4q_growth_year": null,
            "roe": null,
            "roe_4q": 0,
            "gross_profit": null,
            "gross_margin": null,
            "gross_margin_4q_avg": 0,
            "net_income": null,
            "net_income_4q": null,
            "revenue": null,
            "revenue_4q": null,
            "common_shares": null,
            "book_valuer_per_share": null,
            "book_valuer_per_share_4q_avg": 0,
            "equity": null,
            "current_ratio": null,
            "debt_ratio": null,
            "inventory_turnover_ratio": null,
            "account_receivable_turnover_ratio": null,
            "reinvestment_rate": null,
            "research_to_sale_ratio": null,
            "price_fair": 0,
            "eps_avg_yearly": 0,
            "eps_latest_yearly": 0,
            "eps_growth_yearly": 0
        },
        "20054": {
            "year_quarter": 20054,
            "year": 2005,
            "quarter": 4,
            "eps": null,
            "eps_growth_year": null,
            "eps_4q": null,
            "eps_4q_growth_year": null,
            "roe": null,
            "roe_4q": 0,
            "gross_profit": null,
            "gross_margin": null,
            "gross_margin_4q_avg": 0,
            "net_income": null,
            "net_income_4q": null,
            "revenue": null,
            "revenue_4q": null,
            "common_shares": null,
            "book_valuer_per_share": null,
            "book_valuer_per_share_4q_avg": 0,
            "equity": null,
            "current_ratio": null,
            "debt_ratio": null,
            "inventory_turnover_ratio": null,
            "account_receivable_turnover_ratio": null,
            "reinvestment_rate": null,
            "research_to_sale_ratio": null,
            "price_fair": 0,
            "eps_avg_yearly": 0,
            "eps_latest_yearly": 0,
            "eps_growth_yearly": 0
        },
        "20061": {
            "year_quarter": 20061,
            "year": 2006,
            "quarter": 1,
            "eps": null,
            "eps_growth_year": null,
            "eps_4q": null,
            "eps_4q_growth_year": null,
            "roe": null,
            "roe_4q": 0,
            "gross_profit": null,
            "gross_margin": null,
            "gross_margin_4q_avg": 0,
            "net_income": null,
            "net_income_4q": null,
            "revenue": null,
            "revenue_4q": null,
            "common_shares": null,
            "book_valuer_per_share": null,
            "book_valuer_per_share_4q_avg": 0,
            "equity": null,
            "current_ratio": null,
            "debt_ratio": null,
            "inventory_turnover_ratio": null,
            "account_receivable_turnover_ratio": null,
            "reinvestment_rate": null,
            "research_to_sale_ratio": null,
            "price_fair": 0,
            "eps_avg_yearly": 0,
            "eps_latest_yearly": 0,
            "eps_growth_yearly": 0
        },
        "20062": {
            "year_quarter": 20062,
            "year": 2006,
            "quarter": 2,
            "eps": null,
            "eps_growth_year": null,
            "eps_4q": null,
            "eps_4q_growth_year": null,
            "roe": null,
            "roe_4q": 0,
            "gross_profit": null,
            "gross_margin": null,
            "gross_margin_4q_avg": 0,
            "net_income": null,
            "net_income_4q": null,
            "revenue": null,
            "revenue_4q": null,
            "common_shares": null,
            "book_valuer_per_share": null,
            "book_valuer_per_share_4q_avg": 0,
            "equity": null,
            "current_ratio": null,
            "debt_ratio": null,
            "inventory_turnover_ratio": null,
            "account_receivable_turnover_ratio": null,
            "reinvestment_rate": null,
            "research_to_sale_ratio": null,
            "price_fair": 0,
            "eps_avg_yearly": 0,
            "eps_latest_yearly": 0,
            "eps_growth_yearly": 0
        },
        "20063": {
            "year_quarter": 20063,
            "year": 2006,
            "quarter": 3,
            "eps": null,
            "eps_growth_year": null,
            "eps_4q": null,
            "eps_4q_growth_year": null,
            "roe": null,
            "roe_4q": 0,
            "gross_profit": null,
            "gross_margin": null,
            "gross_margin_4q_avg": 0,
            "net_income": null,
            "net_income_4q": null,
            "revenue": null,
            "revenue_4q": null,
            "common_shares": null,
            "book_valuer_per_share": null,
            "book_valuer_per_share_4q_avg": 0,
            "equity": null,
            "current_ratio": null,
            "debt_ratio": null,
            "inventory_turnover_ratio": null,
            "account_receivable_turnover_ratio": null,
            "reinvestment_rate": null,
            "research_to_sale_ratio": null,
            "price_fair": 0,
            "eps_avg_yearly": 0,
            "eps_latest_yearly": 0,
            "eps_growth_yearly": 0
        },
        "20064": {
            "year_quarter": 20064,
            "year": 2006,
            "quarter": 4,
            "eps": null,
            "eps_growth_year": null,
            "eps_4q": null,
            "eps_4q_growth_year": null,
            "roe": null,
            "roe_4q": 0,
            "gross_profit": null,
            "gross_margin": null,
            "gross_margin_4q_avg": 0,
            "net_income": null,
            "net_income_4q": null,
            "revenue": null,
            "revenue_4q": null,
            "common_shares": null,
            "book_valuer_per_share": null,
            "book_valuer_per_share_4q_avg": 0,
            "equity": null,
            "current_ratio": null,
            "debt_ratio": null,
            "inventory_turnover_ratio": null,
            "account_receivable_turnover_ratio": null,
            "reinvestment_rate": null,
            "research_to_sale_ratio": null,
            "price_fair": 0,
            "eps_avg_yearly": 0,
            "eps_latest_yearly": 0,
            "eps_growth_yearly": 0
        },
        "20071": {
            "year_quarter": 20071,
            "year": 2007,
            "quarter": 1,
            "eps": null,
            "eps_growth_year": null,
            "eps_4q": null,
            "eps_4q_growth_year": null,
            "roe": null,
            "roe_4q": 0,
            "gross_profit": null,
            "gross_margin": null,
            "gross_margin_4q_avg": 0,
            "net_income": null,
            "net_income_4q": null,
            "revenue": null,
            "revenue_4q": null,
            "common_shares": null,
            "book_valuer_per_share": null,
            "book_valuer_per_share_4q_avg": 0,
            "equity": null,
            "current_ratio": null,
            "debt_ratio": null,
            "inventory_turnover_ratio": null,
            "account_receivable_turnover_ratio": null,
            "reinvestment_rate": null,
            "research_to_sale_ratio": null,
            "price_fair": 0,
            "eps_avg_yearly": 0,
            "eps_latest_yearly": 0,
            "eps_growth_yearly": 0
        },
        "20072": {
            "year_quarter": 20072,
            "year": 2007,
            "quarter": 2,
            "eps": null,
            "eps_growth_year": null,
            "eps_4q": null,
            "eps_4q_growth_year": null,
            "roe": null,
            "roe_4q": 0,
            "gross_profit": null,
            "gross_margin": null,
            "gross_margin_4q_avg": 0,
            "net_income": null,
            "net_income_4q": null,
            "revenue": null,
            "revenue_4q": null,
            "common_shares": null,
            "book_valuer_per_share": null,
            "book_valuer_per_share_4q_avg": 0,
            "equity": null,
            "current_ratio": null,
            "debt_ratio": null,
            "inventory_turnover_ratio": null,
            "account_receivable_turnover_ratio": null,
            "reinvestment_rate": null,
            "research_to_sale_ratio": null,
            "price_fair": 0,
            "eps_avg_yearly": 0,
            "eps_latest_yearly": 0,
            "eps_growth_yearly": 0
        },
        "20073": {
            "year_quarter": 20073,
            "year": 2007,
            "quarter": 3,
            "eps": null,
            "eps_growth_year": null,
            "eps_4q": null,
            "eps_4q_growth_year": null,
            "roe": null,
            "roe_4q": 0,
            "gross_profit": null,
            "gross_margin": null,
            "gross_margin_4q_avg": 0,
            "net_income": null,
            "net_income_4q": null,
            "revenue": null,
            "revenue_4q": null,
            "common_shares": null,
            "book_valuer_per_share": null,
            "book_valuer_per_share_4q_avg": 0,
            "equity": null,
            "current_ratio": null,
            "debt_ratio": null,
            "inventory_turnover_ratio": null,
            "account_receivable_turnover_ratio": null,
            "reinvestment_rate": null,
            "research_to_sale_ratio": null,
            "price_fair": 0,
            "eps_avg_yearly": 0,
            "eps_latest_yearly": 0,
            "eps_growth_yearly": 0
        },
        "20074": {
            "year_quarter": 20074,
            "year": 2007,
            "quarter": 4,
            "eps": null,
            "eps_growth_year": null,
            "eps_4q": null,
            "eps_4q_growth_year": null,
            "roe": null,
            "roe_4q": 0,
            "gross_profit": null,
            "gross_margin": null,
            "gross_margin_4q_avg": 0,
            "net_income": null,
            "net_income_4q": null,
            "revenue": null,
            "revenue_4q": null,
            "common_shares": 622650,
            "book_valuer_per_share": 5.63,
            "book_valuer_per_share_4q_avg": 1.41,
            "equity": 350612,
            "current_ratio": 512.85,
            "debt_ratio": 17.39,
            "inventory_turnover_ratio": null,
            "account_receivable_turnover_ratio": null,
            "reinvestment_rate": null,
            "research_to_sale_ratio": null,
            "price_fair": 0,
            "eps_avg_yearly": 0,
            "eps_latest_yearly": 0,
            "eps_growth_yearly": 0
        },
        "20081": {
            "year_quarter": 20081,
            "year": 2008,
            "quarter": 1,
            "eps": null,
            "eps_growth_year": null,
            "eps_4q": null,
            "eps_4q_growth_year": null,
            "roe": null,
            "roe_4q": 0,
            "gross_profit": null,
            "gross_margin": null,
            "gross_margin_4q_avg": 0,
            "net_income": null,
            "net_income_4q": null,
            "revenue": null,
            "revenue_4q": null,
            "common_shares": null,
            "book_valuer_per_share": null,
            "book_valuer_per_share_4q_avg": 1.41,
            "equity": null,
            "current_ratio": null,
            "debt_ratio": null,
            "inventory_turnover_ratio": null,
            "account_receivable_turnover_ratio": null,
            "reinvestment_rate": null,
            "research_to_sale_ratio": null,
            "price_fair": 0,
            "eps_avg_yearly": 0,
            "eps_latest_yearly": 0,
            "eps_growth_yearly": 0
        },
        "20082": {
            "year_quarter": 20082,
            "year": 2008,
            "quarter": 2,
            "eps": null,
            "eps_growth_year": null,
            "eps_4q": null,
            "eps_4q_growth_year": null,
            "roe": null,
            "roe_4q": 0,
            "gross_profit": null,
            "gross_margin": null,
            "gross_margin_4q_avg": 0,
            "net_income": null,
            "net_income_4q": null,
            "revenue": null,
            "revenue_4q": null,
            "common_shares": null,
            "book_valuer_per_share": null,
            "book_valuer_per_share_4q_avg": 1.41,
            "equity": null,
            "current_ratio": null,
            "debt_ratio": null,
            "inventory_turnover_ratio": null,
            "account_receivable_turnover_ratio": null,
            "reinvestment_rate": null,
            "research_to_sale_ratio": null,
            "price_fair": 0,
            "eps_avg_yearly": 0,
            "eps_latest_yearly": 0,
            "eps_growth_yearly": 0
        },
        "20083": {
            "year_quarter": 20083,
            "year": 2008,
            "quarter": 3,
            "eps": null,
            "eps_growth_year": null,
            "eps_4q": null,
            "eps_4q_growth_year": null,
            "roe": null,
            "roe_4q": 0,
            "gross_profit": null,
            "gross_margin": null,
            "gross_margin_4q_avg": 0,
            "net_income": null,
            "net_income_4q": null,
            "revenue": null,
            "revenue_4q": null,
            "common_shares": null,
            "book_valuer_per_share": null,
            "book_valuer_per_share_4q_avg": 1.41,
            "equity": null,
            "current_ratio": null,
            "debt_ratio": null,
            "inventory_turnover_ratio": null,
            "account_receivable_turnover_ratio": null,
            "reinvestment_rate": null,
            "research_to_sale_ratio": null,
            "price_fair": 0,
            "eps_avg_yearly": 0,
            "eps_latest_yearly": 0,
            "eps_growth_yearly": 0
        },
        "20084": {
            "year_quarter": 20084,
            "year": 2008,
            "quarter": 4,
            "eps": null,
            "eps_growth_year": null,
            "eps_4q": null,
            "eps_4q_growth_year": null,
            "roe": null,
            "roe_4q": 0,
            "gross_profit": null,
            "gross_margin": null,
            "gross_margin_4q_avg": 0,
            "net_income": null,
            "net_income_4q": null,
            "revenue": null,
            "revenue_4q": null,
            "common_shares": 622650,
            "book_valuer_per_share": 6.77,
            "book_valuer_per_share_4q_avg": 1.69,
            "equity": 421836,
            "current_ratio": 592.95,
            "debt_ratio": 11.68,
            "inventory_turnover_ratio": null,
            "account_receivable_turnover_ratio": null,
            "reinvestment_rate": null,
            "research_to_sale_ratio": null,
            "price_fair": 0,
            "eps_avg_yearly": 0,
            "eps_latest_yearly": 0,
            "eps_growth_yearly": 0
        },
        "20091": {
            "year_quarter": 20091,
            "year": 2009,
            "quarter": 1,
            "eps": null,
            "eps_growth_year": null,
            "eps_4q": null,
            "eps_4q_growth_year": null,
            "roe": null,
            "roe_4q": 0,
            "gross_profit": null,
            "gross_margin": null,
            "gross_margin_4q_avg": 0,
            "net_income": null,
            "net_income_4q": null,
            "revenue": null,
            "revenue_4q": null,
            "common_shares": null,
            "book_valuer_per_share": null,
            "book_valuer_per_share_4q_avg": 1.69,
            "equity": null,
            "current_ratio": null,
            "debt_ratio": null,
            "inventory_turnover_ratio": null,
            "account_receivable_turnover_ratio": null,
            "reinvestment_rate": null,
            "research_to_sale_ratio": null,
            "price_fair": 0,
            "eps_avg_yearly": 0,
            "eps_latest_yearly": 0,
            "eps_growth_yearly": 0
        },
        "20092": {
            "year_quarter": 20092,
            "year": 2009,
            "quarter": 2,
            "eps": null,
            "eps_growth_year": null,
            "eps_4q": null,
            "eps_4q_growth_year": null,
            "roe": null,
            "roe_4q": 0,
            "gross_profit": null,
            "gross_margin": null,
            "gross_margin_4q_avg": 0,
            "net_income": null,
            "net_income_4q": null,
            "revenue": null,
            "revenue_4q": null,
            "common_shares": null,
            "book_valuer_per_share": null,
            "book_valuer_per_share_4q_avg": 1.69,
            "equity": null,
            "current_ratio": null,
            "debt_ratio": null,
            "inventory_turnover_ratio": null,
            "account_receivable_turnover_ratio": null,
            "reinvestment_rate": null,
            "research_to_sale_ratio": null,
            "price_fair": 0,
            "eps_avg_yearly": 0,
            "eps_latest_yearly": 0,
            "eps_growth_yearly": 0
        },
        "20093": {
            "year_quarter": 20093,
            "year": 2009,
            "quarter": 3,
            "eps": null,
            "eps_growth_year": null,
            "eps_4q": null,
            "eps_4q_growth_year": null,
            "roe": null,
            "roe_4q": 0,
            "gross_profit": null,
            "gross_margin": null,
            "gross_margin_4q_avg": 0,
            "net_income": null,
            "net_income_4q": null,
            "revenue": null,
            "revenue_4q": null,
            "common_shares": null,
            "book_valuer_per_share": null,
            "book_valuer_per_share_4q_avg": 1.69,
            "equity": null,
            "current_ratio": null,
            "debt_ratio": null,
            "inventory_turnover_ratio": null,
            "account_receivable_turnover_ratio": null,
            "reinvestment_rate": null,
            "research_to_sale_ratio": null,
            "price_fair": 0,
            "eps_avg_yearly": 0,
            "eps_latest_yearly": 0,
            "eps_growth_yearly": 0
        },
        "20094": {
            "year_quarter": 20094,
            "year": 2009,
            "quarter": 4,
            "eps": null,
            "eps_growth_year": null,
            "eps_4q": null,
            "eps_4q_growth_year": null,
            "roe": null,
            "roe_4q": 0,
            "gross_profit": null,
            "gross_margin": null,
            "gross_margin_4q_avg": 0,
            "net_income": null,
            "net_income_4q": null,
            "revenue": null,
            "revenue_4q": null,
            "common_shares": 252238,
            "book_valuer_per_share": 13.33,
            "book_valuer_per_share_4q_avg": 3.33,
            "equity": 336229,
            "current_ratio": 405.29,
            "debt_ratio": 16.3,
            "inventory_turnover_ratio": null,
            "account_receivable_turnover_ratio": null,
            "reinvestment_rate": null,
            "research_to_sale_ratio": null,
            "price_fair": 0,
            "eps_avg_yearly": 0,
            "eps_latest_yearly": 0,
            "eps_growth_yearly": 0
        },
        "20101": {
            "year_quarter": 20101,
            "year": 2010,
            "quarter": 1,
            "eps": null,
            "eps_growth_year": null,
            "eps_4q": null,
            "eps_4q_growth_year": null,
            "roe": null,
            "roe_4q": 0,
            "gross_profit": null,
            "gross_margin": null,
            "gross_margin_4q_avg": 0,
            "net_income": null,
            "net_income_4q": null,
            "revenue": null,
            "revenue_4q": null,
            "common_shares": null,
            "book_valuer_per_share": null,
            "book_valuer_per_share_4q_avg": 3.33,
            "equity": null,
            "current_ratio": null,
            "debt_ratio": null,
            "inventory_turnover_ratio": null,
            "account_receivable_turnover_ratio": null,
            "reinvestment_rate": null,
            "research_to_sale_ratio": null,
            "price_fair": 0,
            "eps_avg_yearly": 0,
            "eps_latest_yearly": 0,
            "eps_growth_yearly": 0
        },
        "20102": {
            "year_quarter": 20102,
            "year": 2010,
            "quarter": 2,
            "eps": null,
            "eps_growth_year": null,
            "eps_4q": null,
            "eps_4q_growth_year": null,
            "roe": null,
            "roe_4q": 0,
            "gross_profit": null,
            "gross_margin": null,
            "gross_margin_4q_avg": 0,
            "net_income": null,
            "net_income_4q": null,
            "revenue": null,
            "revenue_4q": null,
            "common_shares": 252238,
            "book_valuer_per_share": null,
            "book_valuer_per_share_4q_avg": 3.33,
            "equity": 342914,
            "current_ratio": null,
            "debt_ratio": null,
            "inventory_turnover_ratio": null,
            "account_receivable_turnover_ratio": null,
            "reinvestment_rate": null,
            "research_to_sale_ratio": null,
            "price_fair": 0,
            "eps_avg_yearly": 0,
            "eps_latest_yearly": 0,
            "eps_growth_yearly": 0
        },
        "20103": {
            "year_quarter": 20103,
            "year": 2010,
            "quarter": 3,
            "eps": null,
            "eps_growth_year": null,
            "eps_4q": null,
            "eps_4q_growth_year": null,
            "roe": null,
            "roe_4q": 0,
            "gross_profit": null,
            "gross_margin": null,
            "gross_margin_4q_avg": 0,
            "net_income": null,
            "net_income_4q": null,
            "revenue": null,
            "revenue_4q": null,
            "common_shares": null,
            "book_valuer_per_share": null,
            "book_valuer_per_share_4q_avg": 3.33,
            "equity": null,
            "current_ratio": null,
            "debt_ratio": null,
            "inventory_turnover_ratio": null,
            "account_receivable_turnover_ratio": null,
            "reinvestment_rate": null,
            "research_to_sale_ratio": null,
            "price_fair": 0,
            "eps_avg_yearly": 0,
            "eps_latest_yearly": 0,
            "eps_growth_yearly": 0
        },
        "20104": {
            "year_quarter": 20104,
            "year": 2010,
            "quarter": 4,
            "eps": null,
            "eps_growth_year": null,
            "eps_4q": null,
            "eps_4q_growth_year": null,
            "roe": null,
            "roe_4q": 0,
            "gross_profit": null,
            "gross_margin": null,
            "gross_margin_4q_avg": 0,
            "net_income": null,
            "net_income_4q": null,
            "revenue": null,
            "revenue_4q": null,
            "common_shares": 252238,
            "book_valuer_per_share": 16.61,
            "book_valuer_per_share_4q_avg": 4.15,
            "equity": 418945,
            "current_ratio": 353.59,
            "debt_ratio": 18.61,
            "inventory_turnover_ratio": null,
            "account_receivable_turnover_ratio": null,
            "reinvestment_rate": null,
            "research_to_sale_ratio": null,
            "price_fair": 0,
            "eps_avg_yearly": 0,
            "eps_latest_yearly": 0,
            "eps_growth_yearly": 0
        },
        "20111": {
            "year_quarter": 20111,
            "year": 2011,
            "quarter": 1,
            "eps": null,
            "eps_growth_year": null,
            "eps_4q": null,
            "eps_4q_growth_year": null,
            "roe": null,
            "roe_4q": 0,
            "gross_profit": null,
            "gross_margin": null,
            "gross_margin_4q_avg": 0,
            "net_income": null,
            "net_income_4q": null,
            "revenue": null,
            "revenue_4q": null,
            "common_shares": null,
            "book_valuer_per_share": null,
            "book_valuer_per_share_4q_avg": 4.15,
            "equity": null,
            "current_ratio": null,
            "debt_ratio": null,
            "inventory_turnover_ratio": null,
            "account_receivable_turnover_ratio": null,
            "reinvestment_rate": null,
            "research_to_sale_ratio": null,
            "price_fair": 0,
            "eps_avg_yearly": 0,
            "eps_latest_yearly": 0,
            "eps_growth_yearly": 0
        },
        "20112": {
            "year_quarter": 20112,
            "year": 2011,
            "quarter": 2,
            "eps": null,
            "eps_growth_year": null,
            "eps_4q": null,
            "eps_4q_growth_year": null,
            "roe": null,
            "roe_4q": 0,
            "gross_profit": null,
            "gross_margin": null,
            "gross_margin_4q_avg": 0,
            "net_income": null,
            "net_income_4q": null,
            "revenue": null,
            "revenue_4q": null,
            "common_shares": 252238,
            "book_valuer_per_share": 16.95,
            "book_valuer_per_share_4q_avg": 8.39,
            "equity": 427458,
            "current_ratio": 300.1,
            "debt_ratio": 21.6,
            "inventory_turnover_ratio": null,
            "account_receivable_turnover_ratio": null,
            "reinvestment_rate": null,
            "research_to_sale_ratio": null,
            "price_fair": 0,
            "eps_avg_yearly": 0,
            "eps_latest_yearly": 0,
            "eps_growth_yearly": 0
        },
        "20113": {
            "year_quarter": 20113,
            "year": 2011,
            "quarter": 3,
            "eps": null,
            "eps_growth_year": null,
            "eps_4q": null,
            "eps_4q_growth_year": null,
            "roe": null,
            "roe_4q": 0,
            "gross_profit": 43785,
            "gross_margin": null,
            "gross_margin_4q_avg": 0,
            "net_income": 26107,
            "net_income_4q": null,
            "revenue": 165079,
            "revenue_4q": null,
            "common_shares": 252238,
            "book_valuer_per_share": 17.98,
            "book_valuer_per_share_4q_avg": 12.89,
            "equity": 453565,
            "current_ratio": 356.33,
            "debt_ratio": 18.14,
            "inventory_turnover_ratio": null,
            "account_receivable_turnover_ratio": null,
            "reinvestment_rate": null,
            "research_to_sale_ratio": null,
            "price_fair": 0,
            "eps_avg_yearly": 0,
            "eps_latest_yearly": 0,
            "eps_growth_yearly": 0
        },
        "20114": {
            "year_quarter": 20114,
            "year": 2011,
            "quarter": 4,
            "eps": null,
            "eps_growth_year": null,
            "eps_4q": null,
            "eps_4q_growth_year": null,
            "roe": null,
            "roe_4q": 0,
            "gross_profit": 52019,
            "gross_margin": null,
            "gross_margin_4q_avg": 0,
            "net_income": 30012,
            "net_income_4q": null,
            "revenue": 198646,
            "revenue_4q": null,
            "common_shares": 252238,
            "book_valuer_per_share": 19.17,
            "book_valuer_per_share_4q_avg": 13.53,
            "equity": 483576,
            "current_ratio": 361.47,
            "debt_ratio": 17.8,
            "inventory_turnover_ratio": null,
            "account_receivable_turnover_ratio": null,
            "reinvestment_rate": null,
            "research_to_sale_ratio": null,
            "price_fair": 0,
            "eps_avg_yearly": 0,
            "eps_latest_yearly": 0,
            "eps_growth_yearly": 0
        },
        "20121": {
            "year_quarter": 20121,
            "year": 2012,
            "quarter": 1,
            "eps": null,
            "eps_growth_year": null,
            "eps_4q": null,
            "eps_4q_growth_year": null,
            "roe": null,
            "roe_4q": 0,
            "gross_profit": 42707,
            "gross_margin": null,
            "gross_margin_4q_avg": 0,
            "net_income": 19735,
            "net_income_4q": null,
            "revenue": 169165,
            "revenue_4q": null,
            "common_shares": 252238,
            "book_valuer_per_share": null,
            "book_valuer_per_share_4q_avg": 13.53,
            "equity": 493513,
            "current_ratio": null,
            "debt_ratio": null,
            "inventory_turnover_ratio": null,
            "account_receivable_turnover_ratio": null,
            "reinvestment_rate": null,
            "research_to_sale_ratio": null,
            "price_fair": 0,
            "eps_avg_yearly": 0,
            "eps_latest_yearly": 0,
            "eps_growth_yearly": 0
        },
        "20122": {
            "year_quarter": 20122,
            "year": 2012,
            "quarter": 2,
            "eps": null,
            "eps_growth_year": null,
            "eps_4q": null,
            "eps_4q_growth_year": null,
            "roe": null,
            "roe_4q": 0,
            "gross_profit": 57401,
            "gross_margin": null,
            "gross_margin_4q_avg": 0,
            "net_income": 29881,
            "net_income_4q": null,
            "revenue": 199585,
            "revenue_4q": null,
            "common_shares": 252238,
            "book_valuer_per_share": 19.63,
            "book_valuer_per_share_4q_avg": 14.2,
            "equity": 495159,
            "current_ratio": 315.3,
            "debt_ratio": 21.74,
            "inventory_turnover_ratio": null,
            "account_receivable_turnover_ratio": null,
            "reinvestment_rate": null,
            "research_to_sale_ratio": null,
            "price_fair": 0,
            "eps_avg_yearly": 0,
            "eps_latest_yearly": 0,
            "eps_growth_yearly": 0
        },
        "20123": {
            "year_quarter": 20123,
            "year": 2012,
            "quarter": 3,
            "eps": 1.03,
            "eps_growth_year": null,
            "eps_4q": 1.03,
            "eps_4q_growth_year": null,
            "roe": 5.35,
            "roe_4q": 5.35,
            "gross_profit": 49366,
            "gross_margin": 26.68,
            "gross_margin_4q_avg": 6.67,
            "net_income": 27209,
            "net_income_4q": null,
            "revenue": 185008,
            "revenue_4q": null,
            "common_shares": 264850,
            "book_valuer_per_share": 19.72,
            "book_valuer_per_share_4q_avg": 14.63,
            "equity": 522368,
            "current_ratio": 458.2,
            "debt_ratio": 14.93,
            "inventory_turnover_ratio": 1.37,
            "account_receivable_turnover_ratio": 1.27,
            "reinvestment_rate": null,
            "research_to_sale_ratio": null,
            "price_fair": 0,
            "eps_avg_yearly": 0,
            "eps_latest_yearly": 0,
            "eps_growth_yearly": 0
        },
        "20124": {
            "year_quarter": 20124,
            "year": 2012,
            "quarter": 4,
            "eps": 0.89,
            "eps_growth_year": null,
            "eps_4q": 1.81,
            "eps_4q_growth_year": null,
            "roe": 4.57,
            "roe_4q": 9.92,
            "gross_profit": 52191,
            "gross_margin": 23.77,
            "gross_margin_4q_avg": 12.61,
            "net_income": 26599,
            "net_income_4q": null,
            "revenue": 219585,
            "revenue_4q": null,
            "common_shares": 297970,
            "book_valuer_per_share": 21.5,
            "book_valuer_per_share_4q_avg": 15.21,
            "equity": 640597,
            "current_ratio": 530.36,
            "debt_ratio": 14.61,
            "inventory_turnover_ratio": 1.95,
            "account_receivable_turnover_ratio": 1.47,
            "reinvestment_rate": null,
            "research_to_sale_ratio": null,
            "price_fair": 10.68,
            "eps_avg_yearly": 3.56,
            "eps_latest_yearly": 3.56,
            "eps_growth_yearly": -54.37
        },
        "20131": {
            "year_quarter": 20131,
            "year": 2013,
            "quarter": 1,
            "eps": 0.95,
            "eps_growth_year": null,
            "eps_4q": 2.76,
            "eps_4q_growth_year": null,
            "roe": 4.38,
            "roe_4q": 14.299999999999999,
            "gross_profit": 53263,
            "gross_margin": 28.12,
            "gross_margin_4q_avg": 19.64,
            "net_income": 28390,
            "net_income_4q": null,
            "revenue": 189406,
            "revenue_4q": null,
            "common_shares": 297970,
            "book_valuer_per_share": 22.04,
            "book_valuer_per_share_4q_avg": 20.72,
            "equity": 656605,
            "current_ratio": 540.33,
            "debt_ratio": 15.55,
            "inventory_turnover_ratio": 1.92,
            "account_receivable_turnover_ratio": 1.23,
            "reinvestment_rate": null,
            "research_to_sale_ratio": null,
            "price_fair": 11.04,
            "eps_avg_yearly": 3.68,
            "eps_latest_yearly": 3.8,
            "eps_growth_yearly": -13.7
        },
        "20132": {
            "year_quarter": 20132,
            "year": 2013,
            "quarter": 2,
            "eps": 1.03,
            "eps_growth_year": null,
            "eps_4q": 3.45,
            "eps_4q_growth_year": null,
            "roe": 4.64,
            "roe_4q": 18.939999999999998,
            "gross_profit": 55376,
            "gross_margin": 26.47,
            "gross_margin_4q_avg": 26.26,
            "net_income": 30832,
            "net_income_4q": null,
            "revenue": 209216,
            "revenue_4q": null,
            "common_shares": 297970,
            "book_valuer_per_share": 22.57,
            "book_valuer_per_share_4q_avg": 21.46,
            "equity": 672539,
            "current_ratio": 519.48,
            "debt_ratio": 16.31,
            "inventory_turnover_ratio": 2.38,
            "account_receivable_turnover_ratio": 1.32,
            "reinvestment_rate": null,
            "research_to_sale_ratio": null,
            "price_fair": 46.28,
            "eps_avg_yearly": 3.83,
            "eps_latest_yearly": 4.12,
            "eps_growth_yearly": 2.09
        },
        "20133": {
            "year_quarter": 20133,
            "year": 2013,
            "quarter": 3,
            "eps": 0.88,
            "eps_growth_year": -14.34,
            "eps_4q": 3.5,
            "eps_4q_growth_year": 240.43,
            "roe": 4.19,
            "roe_4q": 17.78,
            "gross_profit": 51632,
            "gross_margin": 26.52,
            "gross_margin_4q_avg": 26.22,
            "net_income": 28810,
            "net_income_4q": null,
            "revenue": 194722,
            "revenue_4q": null,
            "common_shares": 327767,
            "book_valuer_per_share": 21.4,
            "book_valuer_per_share_4q_avg": 21.88,
            "equity": 701349,
            "current_ratio": 656.17,
            "debt_ratio": 13.34,
            "inventory_turnover_ratio": 2.14,
            "account_receivable_turnover_ratio": 1.25,
            "reinvestment_rate": null,
            "research_to_sale_ratio": null,
            "price_fair": 11.25,
            "eps_avg_yearly": 3.75,
            "eps_latest_yearly": 3.52,
            "eps_growth_yearly": -12.99
        },
        "20134": {
            "year_quarter": 20134,
            "year": 2013,
            "quarter": 4,
            "eps": 1.12,
            "eps_growth_year": 25.43,
            "eps_4q": 3.81,
            "eps_4q_growth_year": 110.73,
            "roe": 5.09,
            "roe_4q": 18.3,
            "gross_profit": 58093,
            "gross_margin": 25.42,
            "gross_margin_4q_avg": 26.63,
            "net_income": 36698,
            "net_income_4q": null,
            "revenue": 228495,
            "revenue_4q": null,
            "common_shares": 327767,
            "book_valuer_per_share": 22.56,
            "book_valuer_per_share_4q_avg": 22.14,
            "equity": 739401,
            "current_ratio": 582.12,
            "debt_ratio": 14.74,
            "inventory_turnover_ratio": 2.76,
            "account_receivable_turnover_ratio": 1.6,
            "reinvestment_rate": null,
            "research_to_sale_ratio": null,
            "price_fair": 83.47,
            "eps_avg_yearly": 3.9,
            "eps_latest_yearly": 4.48,
            "eps_growth_yearly": 11.42
        },
        "20141": {
            "year_quarter": 20141,
            "year": 2014,
            "quarter": 1,
            "eps": 0.82,
            "eps_growth_year": -13.68,
            "eps_4q": 3.76,
            "eps_4q_growth_year": 36.44,
            "roe": 3.59,
            "roe_4q": 17.51,
            "gross_profit": 49695,
            "gross_margin": 26.08,
            "gross_margin_4q_avg": 26.12,
            "net_income": 27024,
            "net_income_4q": null,
            "revenue": 190538,
            "revenue_4q": null,
            "common_shares": 327767,
            "book_valuer_per_share": 23.38,
            "book_valuer_per_share_4q_avg": 22.48,
            "equity": 766425,
            "current_ratio": 644.74,
            "debt_ratio": 13.47,
            "inventory_turnover_ratio": 2.52,
            "account_receivable_turnover_ratio": 1.46,
            "reinvestment_rate": null,
            "research_to_sale_ratio": null,
            "price_fair": 11.38,
            "eps_avg_yearly": 3.79,
            "eps_latest_yearly": 3.28,
            "eps_growth_yearly": -8.34
        },
        "20142": {
            "year_quarter": 20142,
            "year": 2014,
            "quarter": 2,
            "eps": 1.15,
            "eps_growth_year": 11.65,
            "eps_4q": 3.61,
            "eps_4q_growth_year": 4.73,
            "roe": 4.95,
            "roe_4q": 17.82,
            "gross_profit": 66252,
            "gross_margin": 28.94,
            "gross_margin_4q_avg": 26.74,
            "net_income": 37681,
            "net_income_4q": null,
            "revenue": 228945,
            "revenue_4q": null,
            "common_shares": 327767,
            "book_valuer_per_share": 23.03,
            "book_valuer_per_share_4q_avg": 22.59,
            "equity": 754941,
            "current_ratio": 464.07,
            "debt_ratio": 18.63,
            "inventory_turnover_ratio": 2.95,
            "account_receivable_turnover_ratio": 1.64,
            "reinvestment_rate": null,
            "research_to_sale_ratio": null,
            "price_fair": 101.04,
            "eps_avg_yearly": 3.91,
            "eps_latest_yearly": 4.6,
            "eps_growth_yearly": 15.85
        },
        "20143": {
            "year_quarter": 20143,
            "year": 2014,
            "quarter": 3,
            "eps": 1.14,
            "eps_growth_year": 29.55,
            "eps_4q": 3.95,
            "eps_4q_growth_year": 13.03,
            "roe": 5.3,
            "roe_4q": 18.93,
            "gross_profit": 64132,
            "gross_margin": 28.44,
            "gross_margin_4q_avg": 27.22,
            "net_income": 41125,
            "net_income_4q": null,
            "revenue": 225531,
            "revenue_4q": null,
            "common_shares": 360544,
            "book_valuer_per_share": 22.08,
            "book_valuer_per_share_4q_avg": 22.76,
            "equity": 796066,
            "current_ratio": 701.48,
            "debt_ratio": 12.75,
            "inventory_turnover_ratio": 3.53,
            "account_receivable_turnover_ratio": 1.48,
            "reinvestment_rate": null,
            "research_to_sale_ratio": null,
            "price_fair": 93.5,
            "eps_avg_yearly": 3.99,
            "eps_latest_yearly": 4.56,
            "eps_growth_yearly": 13.43
        },
        "20144": {
            "year_quarter": 20144,
            "year": 2014,
            "quarter": 4,
            "eps": 1.09,
            "eps_growth_year": -3,
            "eps_4q": 4.02,
            "eps_4q_growth_year": 5.67,
            "roe": 4.8,
            "roe_4q": 18.64,
            "gross_profit": 61072,
            "gross_margin": 28.38,
            "gross_margin_4q_avg": 27.96,
            "net_income": 39156,
            "net_income_4q": null,
            "revenue": 215198,
            "revenue_4q": null,
            "common_shares": 360544,
            "book_valuer_per_share": 23.18,
            "book_valuer_per_share_4q_avg": 22.92,
            "equity": 835708,
            "current_ratio": 683.39,
            "debt_ratio": 12.67,
            "inventory_turnover_ratio": 3.44,
            "account_receivable_turnover_ratio": 1.6,
            "reinvestment_rate": null,
            "research_to_sale_ratio": null,
            "price_fair": 80.59,
            "eps_avg_yearly": 4.03,
            "eps_latest_yearly": 4.36,
            "eps_growth_yearly": 9.99
        },
        "20151": {
            "year_quarter": 20151,
            "year": 2015,
            "quarter": 1,
            "eps": 0.86,
            "eps_growth_year": 4.88,
            "eps_4q": 4.13,
            "eps_4q_growth_year": 9.81,
            "roe": 3.65,
            "roe_4q": 18.7,
            "gross_profit": 52172,
            "gross_margin": 25.91,
            "gross_margin_4q_avg": 27.92,
            "net_income": 31049,
            "net_income_4q": null,
            "revenue": 201359,
            "revenue_4q": null,
            "common_shares": 360544,
            "book_valuer_per_share": 24.04,
            "book_valuer_per_share_4q_avg": 23.08,
            "equity": 866757,
            "current_ratio": 630.44,
            "debt_ratio": 13.22,
            "inventory_turnover_ratio": 2.96,
            "account_receivable_turnover_ratio": 1.54,
            "reinvestment_rate": null,
            "research_to_sale_ratio": null,
            "price_fair": 39.72,
            "eps_avg_yearly": 3.97,
            "eps_latest_yearly": 3.44,
            "eps_growth_yearly": 0.55
        },
        "20152": {
            "year_quarter": 20152,
            "year": 2015,
            "quarter": 2,
            "eps": 0.99,
            "eps_growth_year": -13.91,
            "eps_4q": 4.08,
            "eps_4q_growth_year": 13,
            "roe": 4.27,
            "roe_4q": 18.02,
            "gross_profit": 63944,
            "gross_margin": 29.2,
            "gross_margin_4q_avg": 27.98,
            "net_income": 35813,
            "net_income_4q": null,
            "revenue": 218970,
            "revenue_4q": null,
            "common_shares": 360544,
            "book_valuer_per_share": 22.53,
            "book_valuer_per_share_4q_avg": 22.96,
            "equity": 812434,
            "current_ratio": 326.39,
            "debt_ratio": 23.34,
            "inventory_turnover_ratio": 2.85,
            "account_receivable_turnover_ratio": 1.57,
            "reinvestment_rate": -15.97,
            "research_to_sale_ratio": null,
            "price_fair": 63.53,
            "eps_avg_yearly": 3.97,
            "eps_latest_yearly": 3.96,
            "eps_growth_yearly": 6
        },
        "20153": {
            "year_quarter": 20153,
            "year": 2015,
            "quarter": 3,
            "eps": 0.96,
            "eps_growth_year": -15.79,
            "eps_4q": 3.9,
            "eps_4q_growth_year": -1.36,
            "roe": 4.17,
            "roe_4q": 16.89,
            "gross_profit": 52798,
            "gross_margin": 25.11,
            "gross_margin_4q_avg": 27.15,
            "net_income": 34576,
            "net_income_4q": null,
            "revenue": 210298,
            "revenue_4q": null,
            "common_shares": 360544,
            "book_valuer_per_share": 23.49,
            "book_valuer_per_share_4q_avg": 23.31,
            "equity": 847010,
            "current_ratio": 501.67,
            "debt_ratio": 14.15,
            "inventory_turnover_ratio": 2.81,
            "account_receivable_turnover_ratio": 1.38,
            "reinvestment_rate": -17.39,
            "research_to_sale_ratio": null,
            "price_fair": 57.38,
            "eps_avg_yearly": 3.96,
            "eps_latest_yearly": 3.84,
            "eps_growth_yearly": 4.49
        },
        "20154": {
            "year_quarter": 20154,
            "year": 2015,
            "quarter": 4,
            "eps": 0.95,
            "eps_growth_year": -12.69,
            "eps_4q": 3.76,
            "eps_4q_growth_year": -6.46,
            "roe": 3.96,
            "roe_4q": 16.049999999999997,
            "gross_profit": 58687,
            "gross_margin": 26.78,
            "gross_margin_4q_avg": 26.75,
            "net_income": 34186,
            "net_income_4q": null,
            "revenue": 219147,
            "revenue_4q": null,
            "common_shares": 360544,
            "book_valuer_per_share": 24.39,
            "book_valuer_per_share_4q_avg": 23.61,
            "equity": 879213,
            "current_ratio": 499.98,
            "debt_ratio": 13.89,
            "inventory_turnover_ratio": 2.61,
            "account_receivable_turnover_ratio": 1.45,
            "reinvestment_rate": 22.97,
            "research_to_sale_ratio": null,
            "price_fair": 54.57,
            "eps_avg_yearly": 3.95,
            "eps_latest_yearly": 3.8,
            "eps_growth_yearly": 3.82
        },
        "20161": {
            "year_quarter": 20161,
            "year": 2016,
            "quarter": 1,
            "eps": 0.72,
            "eps_growth_year": -16.28,
            "eps_4q": 3.62,
            "eps_4q_growth_year": -12.33,
            "roe": 2.92,
            "roe_4q": 15.32,
            "gross_profit": 47557,
            "gross_margin": 23.43,
            "gross_margin_4q_avg": 26.13,
            "net_income": 26057,
            "net_income_4q": null,
            "revenue": 202941,
            "revenue_4q": null,
            "common_shares": 360544,
            "book_valuer_per_share": 25.11,
            "book_valuer_per_share_4q_avg": 23.88,
            "equity": 905270,
            "current_ratio": 586.37,
            "debt_ratio": 12.18,
            "inventory_turnover_ratio": 2.15,
            "account_receivable_turnover_ratio": 1.27,
            "reinvestment_rate": 28.1,
            "research_to_sale_ratio": null,
            "price_fair": 11.61,
            "eps_avg_yearly": 3.87,
            "eps_latest_yearly": 2.88,
            "eps_growth_yearly": -3.37
        },
        "20162": {
            "year_quarter": 20162,
            "year": 2016,
            "quarter": 2,
            "eps": 0.9,
            "eps_growth_year": -9.09,
            "eps_4q": 3.53,
            "eps_4q_growth_year": -13.62,
            "roe": 3.68,
            "roe_4q": 14.729999999999999,
            "gross_profit": 60720,
            "gross_margin": 26.85,
            "gross_margin_4q_avg": 25.54,
            "net_income": 32284,
            "net_income_4q": null,
            "revenue": 226162,
            "revenue_4q": null,
            "common_shares": 360544,
            "book_valuer_per_share": 23.5,
            "book_valuer_per_share_4q_avg": 24.12,
            "equity": 847418,
            "current_ratio": 361.1,
            "debt_ratio": 19.54,
            "inventory_turnover_ratio": 1.95,
            "account_receivable_turnover_ratio": 1.21,
            "reinvestment_rate": 24.77,
            "research_to_sale_ratio": null,
            "price_fair": 52.11,
            "eps_avg_yearly": 3.85,
            "eps_latest_yearly": 3.6,
            "eps_growth_yearly": 3.52
        },
        "20163": {
            "year_quarter": 20163,
            "year": 2016,
            "quarter": 3,
            "eps": 0.82,
            "eps_growth_year": -14.58,
            "eps_4q": 3.39,
            "eps_4q_growth_year": -13.12,
            "roe": 3.43,
            "roe_4q": 13.990000000000002,
            "gross_profit": 53854,
            "gross_margin": 24.84,
            "gross_margin_4q_avg": 25.48,
            "net_income": 29617,
            "net_income_4q": null,
            "revenue": 216838,
            "revenue_4q": null,
            "common_shares": 360544,
            "book_valuer_per_share": 24.33,
            "book_valuer_per_share_4q_avg": 24.33,
            "equity": 877035,
            "current_ratio": 737.42,
            "debt_ratio": 10.01,
            "inventory_turnover_ratio": 1.87,
            "account_receivable_turnover_ratio": 1.13,
            "reinvestment_rate": 23.46,
            "research_to_sale_ratio": null,
            "price_fair": 42.3,
            "eps_avg_yearly": 3.82,
            "eps_latest_yearly": 3.28,
            "eps_growth_yearly": 1.08
        },
        "20164": {
            "year_quarter": 20164,
            "year": 2016,
            "quarter": 4,
            "eps": 0.96,
            "eps_growth_year": 0.99,
            "eps_4q": 3.4,
            "eps_4q_growth_year": -9.69,
            "roe": 3.86,
            "roe_4q": 13.89,
            "gross_profit": 59970,
            "gross_margin": 26.01,
            "gross_margin_4q_avg": 25.28,
            "net_income": 34525,
            "net_income_4q": null,
            "revenue": 230593,
            "revenue_4q": null,
            "common_shares": 360544,
            "book_valuer_per_share": 25.28,
            "book_valuer_per_share_4q_avg": 24.56,
            "equity": 911372,
            "current_ratio": 693.23,
            "debt_ratio": 10.93,
            "inventory_turnover_ratio": 2.39,
            "account_receivable_turnover_ratio": 1.07,
            "reinvestment_rate": 25.68,
            "research_to_sale_ratio": null,
            "price_fair": 71.9,
            "eps_avg_yearly": 3.84,
            "eps_latest_yearly": 3.84,
            "eps_growth_yearly": 8.75
        },
        "20171": {
            "year_quarter": 20171,
            "year": 2017,
            "quarter": 1,
            "eps": 1,
            "eps_growth_year": 38.89,
            "eps_4q": 3.68,
            "eps_4q_growth_year": 1.46,
            "roe": 3.89,
            "roe_4q": 14.86,
            "gross_profit": 61263,
            "gross_margin": 27.84,
            "gross_margin_4q_avg": 26.39,
            "net_income": 36109,
            "net_income_4q": null,
            "revenue": 220058,
            "revenue_4q": null,
            "common_shares": 360544,
            "book_valuer_per_share": 26.28,
            "book_valuer_per_share_4q_avg": 24.85,
            "equity": 947481,
            "current_ratio": 777.43,
            "debt_ratio": 10.12,
            "inventory_turnover_ratio": 2.67,
            "account_receivable_turnover_ratio": 1,
            "reinvestment_rate": 26.04,
            "research_to_sale_ratio": null,
            "price_fair": 69.66,
            "eps_avg_yearly": 3.85,
            "eps_latest_yearly": 4,
            "eps_growth_yearly": 8.1
        },
        "20172": {
            "year_quarter": 20172,
            "year": 2017,
            "quarter": 2,
            "eps": 1.08,
            "eps_growth_year": 20,
            "eps_4q": 3.86,
            "eps_4q_growth_year": 9.53,
            "roe": 4.27,
            "roe_4q": 15.45,
            "gross_profit": 63663,
            "gross_margin": 28.09,
            "gross_margin_4q_avg": 26.7,
            "net_income": 38961,
            "net_income_4q": null,
            "revenue": 226635,
            "revenue_4q": null,
            "common_shares": 360544,
            "book_valuer_per_share": 24.36,
            "book_valuer_per_share_4q_avg": 25.06,
            "equity": 878279,
            "current_ratio": 195.16,
            "debt_ratio": 28.53,
            "inventory_turnover_ratio": 2.97,
            "account_receivable_turnover_ratio": 1.16,
            "reinvestment_rate": 119.16,
            "research_to_sale_ratio": null,
            "price_fair": 69.48,
            "eps_avg_yearly": 3.86,
            "eps_latest_yearly": 4.32,
            "eps_growth_yearly": 8
        },
        "20173": {
            "year_quarter": 20173,
            "year": 2017,
            "quarter": 3,
            "eps": 1.31,
            "eps_growth_year": 59.76,
            "eps_4q": 4.35,
            "eps_4q_growth_year": 28.27,
            "roe": 5.22,
            "roe_4q": 17.24,
            "gross_profit": 76642,
            "gross_margin": 32.37,
            "gross_margin_4q_avg": 28.58,
            "net_income": 47079,
            "net_income_4q": null,
            "revenue": 236780,
            "revenue_4q": null,
            "common_shares": 360544,
            "book_valuer_per_share": 25.67,
            "book_valuer_per_share_4q_avg": 25.4,
            "equity": 925358,
            "current_ratio": 351.88,
            "debt_ratio": 23.21,
            "inventory_turnover_ratio": 2.89,
            "account_receivable_turnover_ratio": 1.19,
            "reinvestment_rate": 114.21,
            "research_to_sale_ratio": null,
            "price_fair": 106.98,
            "eps_avg_yearly": 3.97,
            "eps_latest_yearly": 5.24,
            "eps_growth_yearly": 16.96
        },
        "20174": {
            "year_quarter": 20174,
            "year": 2017,
            "quarter": 4,
            "eps": 1.15,
            "eps_growth_year": 20.51,
            "eps_4q": 4.54,
            "eps_4q_growth_year": 33.7,
            "roe": 4.4,
            "roe_4q": 17.78,
            "gross_profit": 75826,
            "gross_margin": 32.72,
            "gross_margin_4q_avg": 30.26,
            "net_income": 41607,
            "net_income_4q": null,
            "revenue": 231714,
            "revenue_4q": null,
            "common_shares": 360544,
            "book_valuer_per_share": 26.82,
            "book_valuer_per_share_4q_avg": 25.78,
            "equity": 966847,
            "current_ratio": 255.36,
            "debt_ratio": 19.6,
            "inventory_turnover_ratio": 2.37,
            "account_receivable_turnover_ratio": 1.04,
            "reinvestment_rate": 111.78,
            "research_to_sale_ratio": null,
            "price_fair": 67.94,
            "eps_avg_yearly": 3.98,
            "eps_latest_yearly": 4.6,
            "eps_growth_yearly": 7.09
        },
        "20181": {
            "year_quarter": 20181,
            "year": 2018,
            "quarter": 1,
            "eps": 1.12,
            "eps_growth_year": 12,
            "eps_4q": 4.66,
            "eps_4q_growth_year": 26.71,
            "roe": 4.08,
            "roe_4q": 17.97,
            "gross_profit": 66917,
            "gross_margin": 28.01,
            "gross_margin_4q_avg": 30.3,
            "net_income": 40288,
            "net_income_4q": null,
            "revenue": 238871,
            "revenue_4q": null,
            "common_shares": 360544,
            "book_valuer_per_share": 27.94,
            "book_valuer_per_share_4q_avg": 26.2,
            "equity": 1007347,
            "current_ratio": 276.9,
            "debt_ratio": 18.81,
            "inventory_turnover_ratio": 2.61,
            "account_receivable_turnover_ratio": 1.09,
            "reinvestment_rate": 106.47,
            "research_to_sale_ratio": null,
            "price_fair": 93.7,
            "eps_avg_yearly": 4.05,
            "eps_latest_yearly": 4.48,
            "eps_growth_yearly": 13.14
        },
        "20182": {
            "year_quarter": 20182,
            "year": 2018,
            "quarter": 2,
            "eps": 1.13,
            "eps_growth_year": 4.63,
            "eps_4q": 4.71,
            "eps_4q_growth_year": 21.9,
            "roe": 4.22,
            "roe_4q": 17.92,
            "gross_profit": 70626,
            "gross_margin": 30.06,
            "gross_margin_4q_avg": 30.79,
            "net_income": 40726,
            "net_income_4q": null,
            "revenue": 234947,
            "revenue_4q": null,
            "common_shares": 360544,
            "book_valuer_per_share": 25.57,
            "book_valuer_per_share_4q_avg": 26.5,
            "equity": 922007,
            "current_ratio": 175.74,
            "debt_ratio": 26.11,
            "inventory_turnover_ratio": 2.39,
            "account_receivable_turnover_ratio": 1.05,
            "reinvestment_rate": 113.09,
            "research_to_sale_ratio": null,
            "price_fair": 53.79,
            "eps_avg_yearly": 4.05,
            "eps_latest_yearly": 4.52,
            "eps_growth_yearly": 3.3
        },
        "20183": {
            "year_quarter": 20183,
            "year": 2018,
            "quarter": 3,
            "eps": 1.26,
            "eps_growth_year": -3.82,
            "eps_4q": 4.66,
            "eps_4q_growth_year": 7.34,
            "roe": 4.82,
            "roe_4q": 17.52,
            "gross_profit": 78547,
            "gross_margin": 29.97,
            "gross_margin_4q_avg": 30.19,
            "net_income": 45555,
            "net_income_4q": null,
            "revenue": 262053,
            "revenue_4q": null,
            "common_shares": 360544,
            "book_valuer_per_share": 26.84,
            "book_valuer_per_share_4q_avg": 26.79,
            "equity": 967562,
            "current_ratio": 172.42,
            "debt_ratio": 20.57,
            "inventory_turnover_ratio": 2.35,
            "account_receivable_turnover_ratio": 1,
            "reinvestment_rate": 113.63,
            "research_to_sale_ratio": null,
            "price_fair": 66.8,
            "eps_avg_yearly": 4.08,
            "eps_latest_yearly": 5.04,
            "eps_growth_yearly": 6.39
        },
        "20184": {
            "year_quarter": 20184,
            "year": 2018,
            "quarter": 4,
            "eps": 1.29,
            "eps_growth_year": 12.1,
            "eps_4q": 4.8,
            "eps_4q_growth_year": 5.77,
            "roe": 4.71,
            "roe_4q": 17.83,
            "gross_profit": 82060,
            "gross_margin": 31.94,
            "gross_margin_4q_avg": 30,
            "net_income": 46642,
            "net_income_4q": null,
            "revenue": 256926,
            "revenue_4q": null,
            "common_shares": 360544,
            "book_valuer_per_share": 28.1,
            "book_valuer_per_share_4q_avg": 27.11,
            "equity": 1013303,
            "current_ratio": 225.04,
            "debt_ratio": 16.32,
            "inventory_turnover_ratio": 2,
            "account_receivable_turnover_ratio": 0.94,
            "reinvestment_rate": 111.43,
            "research_to_sale_ratio": null,
            "price_fair": 74.6,
            "eps_avg_yearly": 4.13,
            "eps_latest_yearly": 5.16,
            "eps_growth_yearly": 8.08
        },
        "20191": {
            "year_quarter": 20191,
            "year": 2019,
            "quarter": 1,
            "eps": 1.26,
            "eps_growth_year": 12.5,
            "eps_4q": 4.95,
            "eps_4q_growth_year": 6.28,
            "roe": 4.4,
            "roe_4q": 18.15,
            "gross_profit": 75590,
            "gross_margin": 30.85,
            "gross_margin_4q_avg": 30.71,
            "net_income": 45556,
            "net_income_4q": null,
            "revenue": 245029,
            "revenue_4q": null,
            "common_shares": 360544,
            "book_valuer_per_share": 29.37,
            "book_valuer_per_share_4q_avg": 27.47,
            "equity": 1058859,
            "current_ratio": 296.59,
            "debt_ratio": 12.85,
            "inventory_turnover_ratio": 1.66,
            "account_receivable_turnover_ratio": 0.93,
            "reinvestment_rate": 108.41,
            "research_to_sale_ratio": null,
            "price_fair": 96.24,
            "eps_avg_yearly": 4.23,
            "eps_latest_yearly": 5.04,
            "eps_growth_yearly": 12.78
        },
        "20192": {
            "year_quarter": 20192,
            "year": 2019,
            "quarter": 2,
            "eps": 1.43,
            "eps_growth_year": 26.55,
            "eps_4q": 5.26,
            "eps_4q_growth_year": 11.65,
            "roe": 5.09,
            "roe_4q": 19.02,
            "gross_profit": 85635,
            "gross_margin": 33.18,
            "gross_margin_4q_avg": 31.49,
            "net_income": 51723,
            "net_income_4q": null,
            "revenue": 258090,
            "revenue_4q": null,
            "common_shares": 360544,
            "book_valuer_per_share": 27.01,
            "book_valuer_per_share_4q_avg": 27.83,
            "equity": 973660,
            "current_ratio": 178.91,
            "debt_ratio": 21.72,
            "inventory_turnover_ratio": 1.57,
            "account_receivable_turnover_ratio": 0.98,
            "reinvestment_rate": 103.8,
            "research_to_sale_ratio": null,
            "price_fair": 96.98,
            "eps_avg_yearly": 4.34,
            "eps_latest_yearly": 5.72,
            "eps_growth_yearly": 12.37
        },
        "20193": {
            "year_quarter": 20193,
            "year": 2019,
            "quarter": 3,
            "eps": 1.21,
            "eps_growth_year": -3.97,
            "eps_4q": 5.2,
            "eps_4q_growth_year": 11.45,
            "roe": 4.37,
            "roe_4q": 18.57,
            "gross_profit": 69928,
            "gross_margin": 32.74,
            "gross_margin_4q_avg": 32.18,
            "net_income": 43503,
            "net_income_4q": null,
            "revenue": 213564,
            "revenue_4q": null,
            "common_shares": 360544,
            "book_valuer_per_share": 28.21,
            "book_valuer_per_share_4q_avg": 28.17,
            "equity": 1017163,
            "current_ratio": 250.28,
            "debt_ratio": 15.29,
            "inventory_turnover_ratio": 1.22,
            "account_receivable_turnover_ratio": 0.87,
            "reinvestment_rate": 101.22,
            "research_to_sale_ratio": null,
            "price_fair": 84.8,
            "eps_avg_yearly": 4.4,
            "eps_latest_yearly": 4.84,
            "eps_growth_yearly": 9.28
        },
        "20194": {
            "year_quarter": 20194,
            "year": 2019,
            "quarter": 4,
            "eps": 1.1,
            "eps_growth_year": -14.92,
            "eps_4q": 5.01,
            "eps_4q_growth_year": 4.19,
            "roe": 3.82,
            "roe_4q": 17.68,
            "gross_profit": 66678,
            "gross_margin": 29.86,
            "gross_margin_4q_avg": 31.66,
            "net_income": 39682,
            "net_income_4q": null,
            "revenue": 223309,
            "revenue_4q": null,
            "common_shares": 360544,
            "book_valuer_per_share": 29.34,
            "book_valuer_per_share_4q_avg": 28.48,
            "equity": 1057714,
            "current_ratio": 320.13,
            "debt_ratio": 12.68,
            "inventory_turnover_ratio": 1.37,
            "account_receivable_turnover_ratio": 1.08,
            "reinvestment_rate": 64.97,
            "research_to_sale_ratio": null,
            "price_fair": 76.6,
            "eps_avg_yearly": 4.44,
            "eps_latest_yearly": 4.4,
            "eps_growth_yearly": 7.27
        },
        "20201": {
            "year_quarter": 20201,
            "year": 2020,
            "quarter": 1,
            "eps": 0.73,
            "eps_growth_year": -42.06,
            "eps_4q": 4.47,
            "eps_4q_growth_year": -9.68,
            "roe": 2.46,
            "roe_4q": 15.739999999999998,
            "gross_profit": 49083,
            "gross_margin": 29.8,
            "gross_margin_4q_avg": 31.4,
            "net_income": 26291,
            "net_income_4q": null,
            "revenue": 164696,
            "revenue_4q": null,
            "common_shares": 360544,
            "book_valuer_per_share": 30.07,
            "book_valuer_per_share_4q_avg": 28.66,
            "equity": 1084005,
            "current_ratio": 403.62,
            "debt_ratio": 10.42,
            "inventory_turnover_ratio": 1.11,
            "account_receivable_turnover_ratio": 0.95,
            "reinvestment_rate": 63.73,
            "research_to_sale_ratio": null,
            "price_fair": 66.18,
            "eps_avg_yearly": 4.44,
            "eps_latest_yearly": 2.92,
            "eps_growth_yearly": 4.91
        },
        "20202": {
            "year_quarter": 20202,
            "year": 2020,
            "quarter": 2,
            "eps": 1.01,
            "eps_growth_year": -29.37,
            "eps_4q": 4.05,
            "eps_4q_growth_year": -22.91,
            "roe": 3.55,
            "roe_4q": 14.2,
            "gross_profit": 66651,
            "gross_margin": 31.51,
            "gross_margin_4q_avg": 30.98,
            "net_income": 36585,
            "net_income_4q": null,
            "revenue": 211549,
            "revenue_4q": null,
            "common_shares": 360544,
            "book_valuer_per_share": 27.09,
            "book_valuer_per_share_4q_avg": 28.68,
            "equity": 976779,
            "current_ratio": 204.45,
            "debt_ratio": 20.22,
            "inventory_turnover_ratio": 1.5,
            "account_receivable_turnover_ratio": 1.23,
            "reinvestment_rate": 63.07,
            "research_to_sale_ratio": null,
            "price_fair": 81.5,
            "eps_avg_yearly": 4.47,
            "eps_latest_yearly": 4.04,
            "eps_growth_yearly": 8.25
        },
        "20203": {
            "year_quarter": 20203,
            "year": 2020,
            "quarter": 3,
            "eps": 1.02,
            "eps_growth_year": -15.7,
            "eps_4q": 3.87,
            "eps_4q_growth_year": -25.65,
            "roe": 3.7,
            "roe_4q": 13.530000000000001,
            "gross_profit": 63772,
            "gross_margin": 28.98,
            "gross_margin_4q_avg": 30.04,
            "net_income": 36796,
            "net_income_4q": null,
            "revenue": 220035,
            "revenue_4q": null,
            "common_shares": 360544,
            "book_valuer_per_share": 28.11,
            "book_valuer_per_share_4q_avg": 28.65,
            "equity": 1013575,
            "current_ratio": 343.96,
            "debt_ratio": 11.58,
            "inventory_turnover_ratio": 1.96,
            "account_receivable_turnover_ratio": 1.14,
            "reinvestment_rate": 62.03,
            "research_to_sale_ratio": null,
            "price_fair": 93.57,
            "eps_avg_yearly": 4.52,
            "eps_latest_yearly": 4.08,
            "eps_growth_yearly": 10.72
        },
        "20204": {
            "year_quarter": 20204,
            "year": 2020,
            "quarter": 4,
            "eps": 1.29,
            "eps_growth_year": 17.54,
            "eps_4q": 4.06,
            "eps_4q_growth_year": -18.92,
            "roe": 4.5,
            "roe_4q": 14.21,
            "gross_profit": 75901,
            "gross_margin": 33.35,
            "gross_margin_4q_avg": 30.91,
            "net_income": 46642,
            "net_income_4q": null,
            "revenue": 227578,
            "revenue_4q": null,
            "common_shares": 360544,
            "book_valuer_per_share": 29.42,
            "book_valuer_per_share_4q_avg": 28.67,
            "equity": 1060802,
            "current_ratio": 351.88,
            "debt_ratio": 12.36,
            "inventory_turnover_ratio": 2.1,
            "account_receivable_turnover_ratio": 1.1,
            "reinvestment_rate": 59.93,
            "research_to_sale_ratio": null,
            "price_fair": 106.08,
            "eps_avg_yearly": 4.6,
            "eps_latest_yearly": 5.16,
            "eps_growth_yearly": 13.07
        },
        "20211": {
            "year_quarter": 20211,
            "year": 2021,
            "quarter": 1,
            "eps": 1.12,
            "eps_growth_year": 53.42,
            "eps_4q": 4.45,
            "eps_4q_growth_year": -0.42,
            "roe": 3.75,
            "roe_4q": 15.5,
            "gross_profit": 70964,
            "gross_margin": 33.4,
            "gross_margin_4q_avg": 31.81,
            "net_income": 40504,
            "net_income_4q": null,
            "revenue": 212459,
            "revenue_4q": null,
            "common_shares": 360544,
            "book_valuer_per_share": 30.55,
            "book_valuer_per_share_4q_avg": 28.79,
            "equity": 1101306,
            "current_ratio": 390.03,
            "debt_ratio": 11.9,
            "inventory_turnover_ratio": 1.79,
            "account_receivable_turnover_ratio": 1.06,
            "reinvestment_rate": 59.56,
            "research_to_sale_ratio": null,
            "price_fair": 86.7,
            "eps_avg_yearly": 4.63,
            "eps_latest_yearly": 4.48,
            "eps_growth_yearly": 8.74
        },
        "20212": {
            "year_quarter": 20212,
            "year": 2021,
            "quarter": 2,
            "eps": 1.3,
            "eps_growth_year": 28.71,
            "eps_4q": 4.74,
            "eps_4q_growth_year": 16.93,
            "roe": 4.16,
            "roe_4q": 16.11,
            "gross_profit": 76855,
            "gross_margin": 33.39,
            "gross_margin_4q_avg": 32.28,
            "net_income": 46844,
            "net_income_4q": null,
            "revenue": 230175,
            "revenue_4q": null,
            "common_shares": 360544,
            "book_valuer_per_share": 31.87,
            "book_valuer_per_share_4q_avg": 29.99,
            "equity": 1148902,
            "current_ratio": 403.48,
            "debt_ratio": 12.51,
            "inventory_turnover_ratio": 1.58,
            "account_receivable_turnover_ratio": 1.19,
            "reinvestment_rate": -17.88,
            "research_to_sale_ratio": null,
            "price_fair": 97.18,
            "eps_avg_yearly": 4.68,
            "eps_latest_yearly": 5.2,
            "eps_growth_yearly": 10.75
        },
        "20213": {
            "year_quarter": 20213,
            "year": 2021,
            "quarter": 3,
            "eps": 1.07,
            "eps_growth_year": 4.9,
            "eps_4q": 4.78,
            "eps_4q_growth_year": 23.73,
            "roe": 3.51,
            "roe_4q": 15.92,
            "gross_profit": 63433,
            "gross_margin": 29.22,
            "gross_margin_4q_avg": 32.34,
            "net_income": 38439,
            "net_income_4q": null,
            "revenue": 217096,
            "revenue_4q": null,
            "common_shares": 360544,
            "book_valuer_per_share": 28.93,
            "book_valuer_per_share_4q_avg": 30.19,
            "equity": 1043124,
            "current_ratio": 386.47,
            "debt_ratio": 11.78,
            "inventory_turnover_ratio": 1.3,
            "account_receivable_turnover_ratio": 1.07,
            "reinvestment_rate": -17.81,
            "research_to_sale_ratio": null,
            "price_fair": 50.88,
            "eps_avg_yearly": 4.62,
            "eps_latest_yearly": 4.28,
            "eps_growth_yearly": 1.01
        },
        "20214": {
            "year_quarter": 20214,
            "year": 2021,
            "quarter": 4,
            "eps": 1.12,
            "eps_growth_year": -13.6,
            "eps_4q": 4.61,
            "eps_4q_growth_year": 13.51,
            "roe": 3.79,
            "roe_4q": 15.21,
            "gross_profit": 67618,
            "gross_margin": 29.22,
            "gross_margin_4q_avg": 31.31,
            "net_income": 40299,
            "net_income_4q": null,
            "revenue": 231411,
            "revenue_4q": null,
            "common_shares": 360544,
            "book_valuer_per_share": 30.08,
            "book_valuer_per_share_4q_avg": 30.36,
            "equity": 1084522,
            "current_ratio": 371.32,
            "debt_ratio": 12.85,
            "inventory_turnover_ratio": 1.34,
            "account_receivable_turnover_ratio": 1.01,
            "reinvestment_rate": -17.48,
            "research_to_sale_ratio": null,
            "price_fair": 70.28,
            "eps_avg_yearly": 4.62,
            "eps_latest_yearly": 4.48,
            "eps_growth_yearly": 5.23
        },
        "20221": {
            "year_quarter": 20221,
            "year": 2022,
            "quarter": 1,
            "eps": 1.22,
            "eps_growth_year": 8.93,
            "eps_4q": 4.7,
            "eps_4q_growth_year": 5.64,
            "roe": 3.97,
            "roe_4q": 15.43,
            "gross_profit": 76042,
            "gross_margin": 30.54,
            "gross_margin_4q_avg": 30.59,
            "net_income": 43994,
            "net_income_4q": null,
            "revenue": 249000,
            "revenue_4q": null,
            "common_shares": 360544,
            "book_valuer_per_share": 31.32,
            "book_valuer_per_share_4q_avg": 30.55,
            "equity": 1129280,
            "current_ratio": 404.75,
            "debt_ratio": 12.36,
            "inventory_turnover_ratio": 1.62,
            "account_receivable_turnover_ratio": 1.07,
            "reinvestment_rate": -15.55,
            "research_to_sale_ratio": null,
            "price_fair": 84.04,
            "eps_avg_yearly": 4.64,
            "eps_latest_yearly": 4.88,
            "eps_growth_yearly": 8.11
        },
        "20222": {
            "year_quarter": 20222,
            "year": 2022,
            "quarter": 2,
            "eps": 1.44,
            "eps_growth_year": 10.77,
            "eps_4q": 4.85,
            "eps_4q_growth_year": 2.36,
            "roe": 4.85,
            "roe_4q": 16.119999999999997,
            "gross_profit": 87834,
            "gross_margin": 31.46,
            "gross_margin_4q_avg": 30.11,
            "net_income": 52093,
            "net_income_4q": null,
            "revenue": 279223,
            "revenue_4q": null,
            "common_shares": 360544,
            "book_valuer_per_share": 28.27,
            "book_valuer_per_share_4q_avg": 29.65,
            "equity": 1019121,
            "current_ratio": 216.43,
            "debt_ratio": 23.2,
            "inventory_turnover_ratio": 1.99,
            "account_receivable_turnover_ratio": 1.25,
            "reinvestment_rate": -21.57,
            "research_to_sale_ratio": null,
            "price_fair": 105.66,
            "eps_avg_yearly": 4.72,
            "eps_latest_yearly": 5.76,
            "eps_growth_yearly": 12.4
        },
        "20223": {
            "year_quarter": 20223,
            "year": 2022,
            "quarter": 3,
            "eps": 1.32,
            "eps_growth_year": 23.36,
            "eps_4q": 5.1,
            "eps_4q_growth_year": 6.74,
            "roe": 4.57,
            "roe_4q": 17.18,
            "gross_profit": 77581,
            "gross_margin": 29.2,
            "gross_margin_4q_avg": 30.11,
            "net_income": 47657,
            "net_income_4q": null,
            "revenue": 265716,
            "revenue_4q": null,
            "common_shares": 360544,
            "book_valuer_per_share": 29.59,
            "book_valuer_per_share_4q_avg": 29.82,
            "equity": 1066679,
            "current_ratio": 355.74,
            "debt_ratio": 13.44,
            "inventory_turnover_ratio": 1.79,
            "account_receivable_turnover_ratio": 1.16,
            "reinvestment_rate": -20.66,
            "research_to_sale_ratio": null,
            "price_fair": 82.53,
            "eps_avg_yearly": 4.73,
            "eps_latest_yearly": 5.28,
            "eps_growth_yearly": 7.44
        },
        "20224": {
            "year_quarter": 20224,
            "year": 2022,
            "quarter": 4,
            "eps": 1.22,
            "eps_growth_year": 8.9,
            "eps_4q": 5.2,
            "eps_4q_growth_year": 12.97,
            "roe": 4.03,
            "roe_4q": 17.42,
            "gross_profit": 70949,
            "gross_margin": 29.76,
            "gross_margin_4q_avg": 30.24,
            "net_income": 43884,
            "net_income_4q": null,
            "revenue": 238375,
            "revenue_4q": null,
            "common_shares": 360544,
            "book_valuer_per_share": 30.83,
            "book_valuer_per_share_4q_avg": 30,
            "equity": 1111553,
            "current_ratio": 353.85,
            "debt_ratio": 14.19,
            "inventory_turnover_ratio": 1.32,
            "account_receivable_turnover_ratio": 1.02,
            "reinvestment_rate": -20.3,
            "research_to_sale_ratio": null,
            "price_fair": 70.49,
            "eps_avg_yearly": 4.72,
            "eps_latest_yearly": 4.88,
            "eps_growth_yearly": 4.95
        },
        "20231": {
            "year_quarter": 20231,
            "year": 2023,
            "quarter": 1,
            "eps": 1.09,
            "eps_growth_year": -10.66,
            "eps_4q": 5.07,
            "eps_4q_growth_year": 7.89,
            "roe": 3.48,
            "roe_4q": 16.93,
            "gross_profit": 65921,
            "gross_margin": 27.54,
            "gross_margin_4q_avg": 29.49,
            "net_income": 39325,
            "net_income_4q": null,
            "revenue": 239382,
            "revenue_4q": null,
            "common_shares": 360544,
            "book_valuer_per_share": 31.92,
            "book_valuer_per_share_4q_avg": 30.15,
            "equity": 1150850,
            "current_ratio": 409.81,
            "debt_ratio": 12.64,
            "inventory_turnover_ratio": 1.23,
            "account_receivable_turnover_ratio": 1.02,
            "reinvestment_rate": -20.31,
            "research_to_sale_ratio": null,
            "price_fair": 60.12,
            "eps_avg_yearly": 4.67,
            "eps_latest_yearly": 4.36,
            "eps_growth_yearly": 2.87
        },
        "20232": {
            "year_quarter": 20232,
            "year": 2023,
            "quarter": 2,
            "eps": 1.13,
            "eps_growth_year": -21.53,
            "eps_4q": 4.76,
            "eps_4q_growth_year": -1.86,
            "roe": 3.74,
            "roe_4q": 15.82,
            "gross_profit": 67769,
            "gross_margin": 27.61,
            "gross_margin_4q_avg": 28.53,
            "net_income": 40702,
            "net_income_4q": null,
            "revenue": 245481,
            "revenue_4q": null,
            "common_shares": 360544,
            "book_valuer_per_share": 28.37,
            "book_valuer_per_share_4q_avg": 30.18,
            "equity": 1022929,
            "current_ratio": 224.24,
            "debt_ratio": 23.28,
            "inventory_turnover_ratio": 1.22,
            "account_receivable_turnover_ratio": 1.11,
            "reinvestment_rate": -20.29,
            "research_to_sale_ratio": null,
            "price_fair": 45.98,
            "eps_avg_yearly": 4.6,
            "eps_latest_yearly": 4.52,
            "eps_growth_yearly": 0.41
        },
        "20233": {
            "year_quarter": 20233,
            "year": 2023,
            "quarter": 3,
            "eps": 0.96,
            "eps_growth_year": -27.27,
            "eps_4q": 4.4,
            "eps_4q_growth_year": -13.89,
            "roe": 3.33,
            "roe_4q": 14.580000000000002,
            "gross_profit": 60769,
            "gross_margin": 26.78,
            "gross_margin_4q_avg": 27.92,
            "net_income": 34574,
            "net_income_4q": null,
            "revenue": 226909,
            "revenue_4q": null,
            "common_shares": 360544,
            "book_valuer_per_share": 29.31,
            "book_valuer_per_share_4q_avg": 30.11,
            "equity": 1056580,
            "current_ratio": 412.81,
            "debt_ratio": 12.4,
            "inventory_turnover_ratio": 1.11,
            "account_receivable_turnover_ratio": 0.94,
            "reinvestment_rate": -20.41,
            "research_to_sale_ratio": null,
            "price_fair": 45.35,
            "eps_avg_yearly": 4.54,
            "eps_latest_yearly": 3.84,
            "eps_growth_yearly": 0.5
        },
        "20234": {
            "year_quarter": 20234,
            "year": 2023,
            "quarter": 4,
            "eps": 1.07,
            "eps_growth_year": -12.42,
            "eps_4q": 4.24,
            "eps_4q_growth_year": -18.44,
            "roe": 3.57,
            "roe_4q": 14.120000000000001,
            "gross_profit": 67169,
            "gross_margin": 28.01,
            "gross_margin_4q_avg": 27.49,
            "net_income": 38433,
            "net_income_4q": null,
            "revenue": 239833,
            "revenue_4q": null,
            "common_shares": 360544,
            "book_valuer_per_share": 30.35,
            "book_valuer_per_share_4q_avg": 29.99,
            "equity": 1094378,
            "current_ratio": 375.06,
            "debt_ratio": 14.24,
            "inventory_turnover_ratio": 1.16,
            "account_receivable_turnover_ratio": 0.92,
            "reinvestment_rate": -19.87,
            "research_to_sale_ratio": null,
            "price_fair": 70.78,
            "eps_avg_yearly": 4.53,
            "eps_latest_yearly": 4.28,
            "eps_growth_yearly": 5.63
        }
    },
    "months": {
        "2010-11": {
            "month": "2010-11",
            "price": "32.85",
            "revenue": 44719
        },
        "2010-12": {
            "month": "2010-12",
            "price": "30.19",
            "revenue": 48838
        },
        "2011-01": {
            "month": "2011-01",
            "price": "29.70",
            "revenue": 39612
        },
        "2011-02": {
            "month": "2011-02",
            "price": "30.33",
            "revenue": 33405
        },
        "2011-03": {
            "month": "2011-03",
            "price": "31.61",
            "revenue": 68754
        },
        "2011-04": {
            "month": "2011-04",
            "price": "31.40",
            "revenue": 42038
        },
        "2011-05": {
            "month": "2011-05",
            "price": "31.75",
            "revenue": 52463
        },
        "2011-06": {
            "month": "2011-06",
            "price": "31.75",
            "revenue": 71182
        },
        "2011-07": {
            "month": "2011-07",
            "price": "31.57",
            "revenue": 49391
        },
        "2011-08": {
            "month": "2011-08",
            "price": "29.15",
            "revenue": 54600
        },
        "2011-09": {
            "month": "2011-09",
            "price": "25.64",
            "revenue": 61087
        },
        "2011-10": {
            "month": "2011-10",
            "price": "22.95",
            "revenue": 67328
        },
        "2011-11": {
            "month": "2011-11",
            "price": "21.89",
            "revenue": 71990
        },
        "2011-12": {
            "month": "2011-12",
            "price": "21.06",
            "revenue": 59327
        },
        "2012-01": {
            "month": "2012-01",
            "price": "21.04",
            "revenue": 47023
        },
        "2012-02": {
            "month": "2012-02",
            "price": "24.89",
            "revenue": 52405
        },
        "2012-03": {
            "month": "2012-03",
            "price": "26.01",
            "revenue": 69737
        },
        "2012-04": {
            "month": "2012-04",
            "price": "27.09",
            "revenue": 64283
        },
        "2012-05": {
            "month": "2012-05",
            "price": "27.87",
            "revenue": 60531
        },
        "2012-06": {
            "month": "2012-06",
            "price": "27.37",
            "revenue": 74770
        },
        "2012-07": {
            "month": "2012-07",
            "price": "27.76",
            "revenue": 60992
        },
        "2012-08": {
            "month": "2012-08",
            "price": "28.27",
            "revenue": 62760
        },
        "2012-09": {
            "month": "2012-09",
            "price": "32.28",
            "revenue": 61256
        },
        "2012-10": {
            "month": "2012-10",
            "price": "34.06",
            "revenue": 72719
        },
        "2012-11": {
            "month": "2012-11",
            "price": "33.00",
            "revenue": 80955
        },
        "2012-12": {
            "month": "2012-12",
            "price": "32.16",
            "revenue": 65911
        },
        "2013-01": {
            "month": "2013-01",
            "price": "33.48",
            "revenue": 64206
        },
        "2013-02": {
            "month": "2013-02",
            "price": "36.53",
            "revenue": 56298
        },
        "2013-03": {
            "month": "2013-03",
            "price": "40.08",
            "revenue": 68902
        },
        "2013-04": {
            "month": "2013-04",
            "price": "40.98",
            "revenue": 64556
        },
        "2013-05": {
            "month": "2013-05",
            "price": "41.05",
            "revenue": 64116
        },
        "2013-06": {
            "month": "2013-06",
            "price": "39.73",
            "revenue": 80544
        },
        "2013-07": {
            "month": "2013-07",
            "price": "41.58",
            "revenue": 57877
        },
        "2013-08": {
            "month": "2013-08",
            "price": "51.32",
            "revenue": 73961
        },
        "2013-09": {
            "month": "2013-09",
            "price": "44.68",
            "revenue": 62883
        },
        "2013-10": {
            "month": "2013-10",
            "price": "42.75",
            "revenue": 71365
        },
        "2013-11": {
            "month": "2013-11",
            "price": "41.16",
            "revenue": 90938
        },
        "2013-12": {
            "month": "2013-12",
            "price": "43.87",
            "revenue": 66289
        },
        "2014-01": {
            "month": "2014-01",
            "price": "42.31",
            "revenue": 64473
        },
        "2014-02": {
            "month": "2014-02",
            "price": "40.70",
            "revenue": 56858
        },
        "2014-03": {
            "month": "2014-03",
            "price": "41.43",
            "revenue": 69206
        },
        "2014-04": {
            "month": "2014-04",
            "price": "42.34",
            "revenue": 71660
        },
        "2014-05": {
            "month": "2014-05",
            "price": "41.34",
            "revenue": 73438
        },
        "2014-06": {
            "month": "2014-06",
            "price": "42.23",
            "revenue": 83846
        },
        "2014-07": {
            "month": "2014-07",
            "price": "43.68",
            "revenue": 77060
        },
        "2014-08": {
            "month": "2014-08",
            "price": "42.83",
            "revenue": 78429
        },
        "2014-09": {
            "month": "2014-09",
            "price": "41.53",
            "revenue": 70042
        },
        "2014-10": {
            "month": "2014-10",
            "price": "39.93",
            "revenue": 72722
        },
        "2014-11": {
            "month": "2014-11",
            "price": "39.77",
            "revenue": 71155
        },
        "2014-12": {
            "month": "2014-12",
            "price": "40.04",
            "revenue": 71320
        },
        "2015-01": {
            "month": "2015-01",
            "price": "40.30",
            "revenue": 79076
        },
        "2015-02": {
            "month": "2015-02",
            "price": "42.05",
            "revenue": 50701
        },
        "2015-03": {
            "month": "2015-03",
            "price": "44.07",
            "revenue": 71583
        },
        "2015-04": {
            "month": "2015-04",
            "price": "44.52",
            "revenue": 76424
        },
        "2015-05": {
            "month": "2015-05",
            "price": "46.18",
            "revenue": 74345
        },
        "2015-06": {
            "month": "2015-06",
            "price": "46.18",
            "revenue": 68201
        },
        "2015-07": {
            "month": "2015-07",
            "price": "42.10",
            "revenue": 68549
        },
        "2015-08": {
            "month": "2015-08",
            "price": "38.49",
            "revenue": 71333
        },
        "2015-09": {
            "month": "2015-09",
            "price": "39.25",
            "revenue": 70416
        },
        "2015-10": {
            "month": "2015-10",
            "price": "38.84",
            "revenue": 74641
        },
        "2015-11": {
            "month": "2015-11",
            "price": "39.14",
            "revenue": 71938
        },
        "2015-12": {
            "month": "2015-12",
            "price": "39.00",
            "revenue": 72569
        },
        "2016-01": {
            "month": "2016-01",
            "price": "37.46",
            "revenue": 74409
        },
        "2016-02": {
            "month": "2016-02",
            "price": "37.23",
            "revenue": 52214
        },
        "2016-03": {
            "month": "2016-03",
            "price": "38.56",
            "revenue": 76317
        },
        "2016-04": {
            "month": "2016-04",
            "price": "38.23",
            "revenue": 73066
        },
        "2016-05": {
            "month": "2016-05",
            "price": "36.83",
            "revenue": 82314
        },
        "2016-06": {
            "month": "2016-06",
            "price": "36.39",
            "revenue": 70783
        },
        "2016-07": {
            "month": "2016-07",
            "price": "35.00",
            "revenue": 81169
        },
        "2016-08": {
            "month": "2016-08",
            "price": "36.07",
            "revenue": 70349
        },
        "2016-09": {
            "month": "2016-09",
            "price": "35.47",
            "revenue": 65320
        },
        "2016-10": {
            "month": "2016-10",
            "price": "33.97",
            "revenue": 70711
        },
        "2016-11": {
            "month": "2016-11",
            "price": "32.73",
            "revenue": 79796
        },
        "2016-12": {
            "month": "2016-12",
            "price": "32.29",
            "revenue": 80086
        },
        "2017-01": {
            "month": "2017-01",
            "price": "33.19",
            "revenue": 58663
        },
        "2017-02": {
            "month": "2017-02",
            "price": "34.96",
            "revenue": 72066
        },
        "2017-03": {
            "month": "2017-03",
            "price": "38.89",
            "revenue": 89329
        },
        "2017-04": {
            "month": "2017-04",
            "price": "39.24",
            "revenue": 68473
        },
        "2017-05": {
            "month": "2017-05",
            "price": "39.76",
            "revenue": 72243
        },
        "2017-06": {
            "month": "2017-06",
            "price": "40.92",
            "revenue": 85920
        },
        "2017-07": {
            "month": "2017-07",
            "price": "41.00",
            "revenue": 75245
        },
        "2017-08": {
            "month": "2017-08",
            "price": "41.12",
            "revenue": 79363
        },
        "2017-09": {
            "month": "2017-09",
            "price": "40.61",
            "revenue": 82172
        },
        "2017-10": {
            "month": "2017-10",
            "price": "42.77",
            "revenue": 74332
        },
        "2017-11": {
            "month": "2017-11",
            "price": "46.96",
            "revenue": 79680
        },
        "2017-12": {
            "month": "2017-12",
            "price": "46.21",
            "revenue": 77702
        },
        "2018-01": {
            "month": "2018-01",
            "price": "48.12",
            "revenue": 79328
        },
        "2018-02": {
            "month": "2018-02",
            "price": "49.68",
            "revenue": 51820
        },
        "2018-03": {
            "month": "2018-03",
            "price": "53.12",
            "revenue": 107723
        },
        "2018-04": {
            "month": "2018-04",
            "price": "54.29",
            "revenue": 71962
        },
        "2018-05": {
            "month": "2018-05",
            "price": "54.40",
            "revenue": 88060
        },
        "2018-06": {
            "month": "2018-06",
            "price": "56.69",
            "revenue": 74925
        },
        "2018-07": {
            "month": "2018-07",
            "price": "56.93",
            "revenue": 96157
        },
        "2018-08": {
            "month": "2018-08",
            "price": "54.73",
            "revenue": 86137
        },
        "2018-09": {
            "month": "2018-09",
            "price": "54.82",
            "revenue": 79761
        },
        "2018-10": {
            "month": "2018-10",
            "price": "51.90",
            "revenue": 83421
        },
        "2018-11": {
            "month": "2018-11",
            "price": "50.81",
            "revenue": 95562
        },
        "2018-12": {
            "month": "2018-12",
            "price": "51.03",
            "revenue": 77942
        },
        "2019-01": {
            "month": "2019-01",
            "price": "51.53",
            "revenue": 98274
        },
        "2019-02": {
            "month": "2019-02",
            "price": "53.52",
            "revenue": 63015
        },
        "2019-03": {
            "month": "2019-03",
            "price": "58.70",
            "revenue": 83740
        },
        "2019-04": {
            "month": "2019-04",
            "price": "58.11",
            "revenue": 85529
        },
        "2019-05": {
            "month": "2019-05",
            "price": "59.08",
            "revenue": 85371
        },
        "2019-06": {
            "month": "2019-06",
            "price": "58.66",
            "revenue": 87189
        },
        "2019-07": {
            "month": "2019-07",
            "price": "57.83",
            "revenue": 76399
        },
        "2019-08": {
            "month": "2019-08",
            "price": "58.95",
            "revenue": 72640
        },
        "2019-09": {
            "month": "2019-09",
            "price": "58.32",
            "revenue": 64525
        },
        "2019-10": {
            "month": "2019-10",
            "price": "57.31",
            "revenue": 70136
        },
        "2019-11": {
            "month": "2019-11",
            "price": "55.62",
            "revenue": 70863
        },
        "2019-12": {
            "month": "2019-12",
            "price": "54.04",
            "revenue": 82309
        },
        "2020-01": {
            "month": "2020-01",
            "price": "54.44",
            "revenue": 37345
        },
        "2020-02": {
            "month": "2020-02",
            "price": "52.55",
            "revenue": 51079
        },
        "2020-03": {
            "month": "2020-03",
            "price": "48.88",
            "revenue": 76272
        },
        "2020-04": {
            "month": "2020-04",
            "price": "49.52",
            "revenue": 69344
        },
        "2020-05": {
            "month": "2020-05",
            "price": "52.20",
            "revenue": 70153
        },
        "2020-06": {
            "month": "2020-06",
            "price": "54.09",
            "revenue": 72052
        },
        "2020-07": {
            "month": "2020-07",
            "price": "50.41",
            "revenue": 72301
        },
        "2020-08": {
            "month": "2020-08",
            "price": "49.70",
            "revenue": 72562
        },
        "2020-09": {
            "month": "2020-09",
            "price": "49.73",
            "revenue": 75172
        },
        "2020-10": {
            "month": "2020-10",
            "price": "50.05",
            "revenue": 75029
        },
        "2020-11": {
            "month": "2020-11",
            "price": "50.24",
            "revenue": 75361
        },
        "2020-12": {
            "month": "2020-12",
            "price": "51.02",
            "revenue": 77188
        },
        "2021-01": {
            "month": "2021-01",
            "price": "50.36",
            "revenue": 75404
        },
        "2021-02": {
            "month": "2021-02",
            "price": "51.37",
            "revenue": 56308
        },
        "2021-03": {
            "month": "2021-03",
            "price": "57.22",
            "revenue": 80747
        },
        "2021-04": {
            "month": "2021-04",
            "price": "58.99",
            "revenue": 78870
        },
        "2021-05": {
            "month": "2021-05",
            "price": "57.11",
            "revenue": 78798
        },
        "2021-06": {
            "month": "2021-06",
            "price": "57.79",
            "revenue": 72508
        },
        "2021-07": {
            "month": "2021-07",
            "price": "61.05",
            "revenue": 72508
        },
        "2021-08": {
            "month": "2021-08",
            "price": "61.59",
            "revenue": 72572
        },
        "2021-09": {
            "month": "2021-09",
            "price": "60.24",
            "revenue": 72016
        },
        "2021-10": {
            "month": "2021-10",
            "price": "60.29",
            "revenue": 72449
        },
        "2021-11": {
            "month": "2021-11",
            "price": "61.13",
            "revenue": 76047
        },
        "2021-12": {
            "month": "2021-12",
            "price": "61.28",
            "revenue": 82914
        },
        "2022-01": {
            "month": "2022-01",
            "price": "61.82",
            "revenue": 80024
        },
        "2022-02": {
            "month": "2022-02",
            "price": "62.91",
            "revenue": 62155
        },
        "2022-03": {
            "month": "2022-03",
            "price": "68.24",
            "revenue": 106821
        },
        "2022-04": {
            "month": "2022-04",
            "price": "71.92",
            "revenue": 94197
        },
        "2022-05": {
            "month": "2022-05",
            "price": "71.31",
            "revenue": 90045
        },
        "2022-06": {
            "month": "2022-06",
            "price": "70.39",
            "revenue": 94981
        },
        "2022-07": {
            "month": "2022-07",
            "price": "65.94",
            "revenue": 90001
        },
        "2022-08": {
            "month": "2022-08",
            "price": "68.80",
            "revenue": 90555
        },
        "2022-09": {
            "month": "2022-09",
            "price": "68.40",
            "revenue": 85161
        },
        "2022-10": {
            "month": "2022-10",
            "price": "65.54",
            "revenue": 80807
        },
        "2022-11": {
            "month": "2022-11",
            "price": "64.68",
            "revenue": 77358
        },
        "2022-12": {
            "month": "2022-12",
            "price": "65.71",
            "revenue": 80209
        },
        "2023-01": {
            "month": "2023-01",
            "price": "66.74",
            "revenue": 60006
        },
        "2023-02": {
            "month": "2023-02",
            "price": "67.13",
            "revenue": 78001
        },
        "2023-03": {
            "month": "2023-03",
            "price": "69.24",
            "revenue": 101375
        },
        "2023-04": {
            "month": "2023-04",
            "price": "69.76",
            "revenue": 85385
        },
        "2023-05": {
            "month": "2023-05",
            "price": "70.78",
            "revenue": 80005
        },
        "2023-06": {
            "month": "2023-06",
            "price": "69.08",
            "revenue": 80091
        },
        "2023-07": {
            "month": "2023-07",
            "price": "67.67",
            "revenue": 80022
        },
        "2023-08": {
            "month": "2023-08",
            "price": "67.34",
            "revenue": 73533
        },
        "2023-09": {
            "month": "2023-09",
            "price": "67.68",
            "revenue": 73354
        },
        "2023-10": {
            "month": "2023-10",
            "price": "67.28",
            "revenue": 74430
        },
        "2023-11": {
            "month": "2023-11",
            "price": "66.06",
            "revenue": 85018
        },
        "2023-12": {
            "month": "2023-12",
            "price": "66.53",
            "revenue": 80385
        },
        "2024-01": {
            "month": "2024-01",
            "price": "67.02",
            "revenue": 84624
        },
        "2024-02": {
            "month": "2024-02",
            "price": "67.77",
            "revenue": 54185
        }
    }
}
