{
    "summary": {
        "stock_name": "紅木-KY",
        "stock_id": "8426",
        "category": "其他",
        "main_business": "全球性高級精品名牌店之裝潢<br>客製化傢俱之製造銷售",
        "website_url": "http://www.redwoodgroup.co",
        "ceo": "李聖強",
        "pe_ratio": 9,
        "report_year_from": 2010,
        "report_year_to": 2023,
        "age": 14,
        "eps_negative_percentage": 15,
        "eps_growth_avg": {
            "last_all": 3.07,
            "last_2y": 100,
            "last_4y": 33.33,
            "last_8y": 2.78,
            "last_12y": null,
            "last_16y": null,
            "last_20y": null,
            "at_2006_last_3y": null,
            "at_2007_last_3y": null,
            "at_2008_last_3y": null,
            "at_2009_last_3y": null,
            "at_2010_last_3y": null,
            "at_2011_last_3y": null,
            "at_2012_last_3y": null,
            "at_2013_last_3y": null,
            "at_2014_last_3y": null,
            "at_2015_last_3y": -2.87,
            "at_2016_last_3y": 18.86,
            "at_2017_last_3y": -0.88,
            "at_2018_last_3y": -20.13,
            "at_2019_last_3y": -19.26,
            "at_2020_last_3y": -81.33,
            "at_2021_last_3y": -100,
            "at_2022_last_3y": 0,
            "at_2023_last_3y": 33.33,
            "at_2024_last_3y": 33.33,
            "at_2006_last_all": null,
            "at_2007_last_all": null,
            "at_2008_last_all": null,
            "at_2009_last_all": null,
            "at_2010_last_all": null,
            "at_2011_last_all": null,
            "at_2012_last_all": null,
            "at_2013_last_all": 17.12,
            "at_2014_last_all": 3.75,
            "at_2015_last_all": -2.87,
            "at_2016_last_all": 14.94,
            "at_2017_last_all": 5.12,
            "at_2018_last_all": -9.9,
            "at_2019_last_all": -9.9,
            "at_2020_last_all": -21.16,
            "at_2021_last_all": -21.16,
            "at_2022_last_all": -7.7,
            "at_2023_last_all": 3.07,
            "at_2024_last_all": 3.07
        },
        "latest_eps": 6.55,
        "latest_price": 62.1,
        "latest_roe": 35.47,
        "latest_gross_margin": 36.65,
        "latest_equity": 1075480,
        "latest_revenue": 955160,
        "latest_gross_profit": 350045,
        "latest_net_income": 145444,
        "latest_debt_ratio": 53.42,
        "latest_current_ratio": 170.58,
        "latest_account_receivable_turnover_ratio": 1.99,
        "latest_inventory_turnover_ratio": 4.51,
        "latest_reinvestment_rate": 23.6,
        "latest_research_to_sale_ratio": null
    },
    "eps_dividends": {
        "2001": {
            "cash": 0,
            "stock": 0,
            "eps": 0
        },
        "2002": {
            "cash": 0,
            "stock": 0,
            "eps": 0
        },
        "2003": {
            "cash": 0,
            "stock": 0,
            "eps": 0
        },
        "2004": {
            "cash": 0,
            "stock": 0,
            "eps": 0
        },
        "2005": {
            "cash": 0,
            "stock": 0,
            "eps": 0
        },
        "2006": {
            "cash": 0,
            "stock": 0,
            "eps": 0
        },
        "2007": {
            "cash": 0,
            "stock": 0,
            "eps": 0
        },
        "2008": {
            "cash": 0,
            "stock": 0,
            "eps": 0
        },
        "2009": {
            "cash": 0,
            "stock": 0,
            "eps": 0
        },
        "2010": {
            "cash": 0,
            "stock": 0,
            "eps": 0
        },
        "2011": {
            "cash": 0,
            "stock": 0.76,
            "eps": 4.09
        },
        "2012": {
            "cash": 3,
            "stock": 0.5,
            "eps": 4.06
        },
        "2013": {
            "cash": 3,
            "stock": 0,
            "eps": 5.48
        },
        "2014": {
            "cash": 3.5,
            "stock": 0.5,
            "eps": 4.22
        },
        "2015": {
            "cash": 3,
            "stock": 0,
            "eps": 3.26
        },
        "2016": {
            "cash": 2.5,
            "stock": 0,
            "eps": 6.07
        },
        "2017": {
            "cash": 4,
            "stock": 0.5,
            "eps": 3.4
        },
        "2018": {
            "cash": 1.7,
            "stock": 0,
            "eps": -0.49
        },
        "2019": {
            "cash": 0,
            "stock": 0,
            "eps": 0.6
        },
        "2020": {
            "cash": 0,
            "stock": 0,
            "eps": -2.52
        },
        "2021": {
            "cash": 0,
            "stock": 0,
            "eps": 0.11
        },
        "2022": {
            "cash": 0,
            "stock": 0,
            "eps": 0.64
        },
        "2023": {
            "cash": 0,
            "stock": 0,
            "eps": 6.54
        },
        "2024": {
            "cash": 2.5,
            "stock": 0,
            "eps": 0
        }
    },
    "dividends": {
        "2011-03-05": {
            "cash": 0,
            "stock": 0.76
        },
        "2012-06-18": {
            "cash": 3,
            "stock": 0.5
        },
        "2013-06-14": {
            "cash": 3,
            "stock": 0
        },
        "2014-06-17": {
            "cash": 3.5,
            "stock": 0.5
        },
        "2015-07-24": {
            "cash": 3,
            "stock": 0
        },
        "2016-07-29": {
            "cash": 2.5,
            "stock": 0
        },
        "2017-07-14": {
            "cash": 4,
            "stock": 0.5
        },
        "2018-07-24": {
            "cash": 1.7,
            "stock": 0
        },
        "2024-03-13": {
            "cash": 2.5,
            "stock": 0
        }
    },
    "prices": {
        "200101": "無",
        "200102": "無",
        "200103": "無",
        "200104": "無",
        "200105": "無",
        "200106": "無",
        "200107": "無",
        "200108": "無",
        "200109": "無",
        "200110": "無",
        "200111": "無",
        "200112": "無",
        "200201": "無",
        "200202": "無",
        "200203": "無",
        "200204": "無",
        "200205": "無",
        "200206": "無",
        "200207": "無",
        "200208": "無",
        "200209": "無",
        "200210": "無",
        "200211": "無",
        "200212": "無",
        "200301": "無",
        "200302": "無",
        "200303": "無",
        "200304": "無",
        "200305": "無",
        "200306": "無",
        "200307": "無",
        "200308": "無",
        "200309": "無",
        "200310": "無",
        "200311": "無",
        "200312": "無",
        "200401": "無",
        "200402": "無",
        "200403": "無",
        "200404": "無",
        "200405": "無",
        "200406": "無",
        "200407": "無",
        "200408": "無",
        "200409": "無",
        "200410": "無",
        "200411": "無",
        "200412": "無",
        "200501": "無",
        "200502": "無",
        "200503": "無",
        "200504": "無",
        "200505": "無",
        "200506": "無",
        "200507": "無",
        "200508": "無",
        "200509": "無",
        "200510": "無",
        "200511": "無",
        "200512": "無",
        "200601": "無",
        "200602": "無",
        "200603": "無",
        "200604": "無",
        "200605": "無",
        "200606": "無",
        "200607": "無",
        "200608": "無",
        "200609": "無",
        "200610": "無",
        "200611": "無",
        "200612": "無",
        "200701": "無",
        "200702": "無",
        "200703": "無",
        "200704": "無",
        "200705": "無",
        "200706": "無",
        "200707": "無",
        "200708": "無",
        "200709": "無",
        "200710": "無",
        "200711": "無",
        "200712": "無",
        "200801": "無",
        "200802": "無",
        "200803": "無",
        "200804": "無",
        "200805": "無",
        "200806": "無",
        "200807": "無",
        "200808": "無",
        "200809": "無",
        "200810": "無",
        "200811": "無",
        "200812": "無",
        "200901": "無",
        "200902": "無",
        "200903": "無",
        "200904": "無",
        "200905": "無",
        "200906": "無",
        "200907": "無",
        "200908": "無",
        "200909": "無",
        "200910": "無",
        "200911": "無",
        "200912": "無",
        "201001": "無",
        "201002": "無",
        "201003": "無",
        "201004": "無",
        "201005": "無",
        "201006": "無",
        "201007": "無",
        "201008": "無",
        "201009": "無",
        "201010": "無",
        "201011": "無",
        "201012": "無",
        "201101": "無",
        "201102": "無",
        "201103": "無",
        "201104": "無",
        "201105": "73.26",
        "201106": "75.21",
        "201107": "68.77",
        "201108": "64.15",
        "201109": "62.55",
        "201110": "66.10",
        "201111": "68.55",
        "201112": "40.62",
        "201201": "39.91",
        "201202": "47.68",
        "201203": "50.39",
        "201204": "48.64",
        "201205": "47.75",
        "201206": "47.71",
        "201207": "43.69",
        "201208": "43.34",
        "201209": "43.10",
        "201210": "42.18",
        "201211": "40.40",
        "201212": "41.42",
        "201301": "42.29",
        "201302": "42.19",
        "201303": "43.26",
        "201304": "43.45",
        "201305": "44.46",
        "201306": "43.87",
        "201307": "44.00",
        "201308": "46.79",
        "201309": "45.87",
        "201310": "48.03",
        "201311": "53.03",
        "201312": "72.67",
        "201401": "66.88",
        "201402": "65.91",
        "201403": "78.14",
        "201404": "85.48",
        "201405": "84.44",
        "201406": "78.54",
        "201407": "76.48",
        "201408": "77.76",
        "201409": "76.22",
        "201410": "62.03",
        "201411": "53.05",
        "201412": "54.54",
        "201501": "55.44",
        "201502": "53.11",
        "201503": "53.88",
        "201504": "53.52",
        "201505": "45.74",
        "201506": "39.00",
        "201507": "32.00",
        "201508": "24.50",
        "201509": "23.89",
        "201510": "27.37",
        "201511": "27.38",
        "201512": "25.62",
        "201601": "28.91",
        "201602": "43.21",
        "201603": "45.57",
        "201604": "52.76",
        "201605": "46.52",
        "201606": "46.09",
        "201607": "43.97",
        "201608": "49.96",
        "201609": "54.62",
        "201610": "50.04",
        "201611": "49.32",
        "201612": "52.20",
        "201701": "52.45",
        "201702": "50.78",
        "201703": "50.76",
        "201704": "48.52",
        "201705": "44.87",
        "201706": "45.04",
        "201707": "40.83",
        "201708": "41.18",
        "201709": "40.89",
        "201710": "40.54",
        "201711": "40.77",
        "201712": "40.95",
        "201801": "40.94",
        "201802": "35.83",
        "201803": "33.98",
        "201804": "29.98",
        "201805": "27.96",
        "201806": "28.86",
        "201807": "28.02",
        "201808": "25.93",
        "201809": "23.09",
        "201810": "21.18",
        "201811": "21.53",
        "201812": "22.91",
        "201901": "22.74",
        "201902": "22.55",
        "201903": "22.02",
        "201904": "24.38",
        "201905": "21.76",
        "201906": "20.68",
        "201907": "20.80",
        "201908": "20.57",
        "201909": "21.72",
        "201910": "22.94",
        "201911": "22.81",
        "201912": "22.90",
        "202001": "22.63",
        "202002": "20.37",
        "202003": "15.09",
        "202004": "13.21",
        "202005": "13.33",
        "202006": "14.17",
        "202007": "14.46",
        "202008": "13.68",
        "202009": "13.38",
        "202010": "13.00",
        "202011": "13.18",
        "202012": "13.97",
        "202101": "12.42",
        "202102": "13.49",
        "202103": "15.72",
        "202104": "17.07",
        "202105": "17.90",
        "202106": "17.78",
        "202107": "17.59",
        "202108": "15.26",
        "202109": "15.81",
        "202110": "16.58",
        "202111": "16.88",
        "202112": "16.66",
        "202201": "15.83",
        "202202": "16.41",
        "202203": "16.18",
        "202204": "16.09",
        "202205": "14.94",
        "202206": "14.29",
        "202207": "13.65",
        "202208": "13.92",
        "202209": "20.55",
        "202210": "26.81",
        "202211": "27.97",
        "202212": "27.99",
        "202301": "28.09",
        "202302": "35.46",
        "202303": "38.62",
        "202304": "44.82",
        "202305": "58.98",
        "202306": "66.05",
        "202307": "62.19",
        "202308": "55.47",
        "202309": "53.87",
        "202310": "54.95",
        "202311": "61.42",
        "202312": "77.43"
    },
    "quarters": {
        "20011": {
            "year_quarter": 20011,
            "year": 2001,
            "quarter": 1,
            "eps": null,
            "eps_growth_year": null,
            "eps_4q": null,
            "eps_4q_growth_year": null,
            "roe": null,
            "roe_4q": 0,
            "gross_profit": null,
            "gross_margin": null,
            "gross_margin_4q_avg": 0,
            "net_income": null,
            "net_income_4q": null,
            "revenue": null,
            "revenue_4q": null,
            "common_shares": null,
            "book_valuer_per_share": null,
            "book_valuer_per_share_4q_avg": 0,
            "equity": null,
            "current_ratio": null,
            "debt_ratio": null,
            "inventory_turnover_ratio": null,
            "account_receivable_turnover_ratio": null,
            "reinvestment_rate": null,
            "research_to_sale_ratio": null,
            "price_fair": 0,
            "eps_avg_yearly": 0,
            "eps_latest_yearly": 0,
            "eps_growth_yearly": 0
        },
        "20012": {
            "year_quarter": 20012,
            "year": 2001,
            "quarter": 2,
            "eps": null,
            "eps_growth_year": null,
            "eps_4q": null,
            "eps_4q_growth_year": null,
            "roe": null,
            "roe_4q": 0,
            "gross_profit": null,
            "gross_margin": null,
            "gross_margin_4q_avg": 0,
            "net_income": null,
            "net_income_4q": null,
            "revenue": null,
            "revenue_4q": null,
            "common_shares": null,
            "book_valuer_per_share": null,
            "book_valuer_per_share_4q_avg": 0,
            "equity": null,
            "current_ratio": null,
            "debt_ratio": null,
            "inventory_turnover_ratio": null,
            "account_receivable_turnover_ratio": null,
            "reinvestment_rate": null,
            "research_to_sale_ratio": null,
            "price_fair": 0,
            "eps_avg_yearly": 0,
            "eps_latest_yearly": 0,
            "eps_growth_yearly": 0
        },
        "20013": {
            "year_quarter": 20013,
            "year": 2001,
            "quarter": 3,
            "eps": null,
            "eps_growth_year": null,
            "eps_4q": null,
            "eps_4q_growth_year": null,
            "roe": null,
            "roe_4q": 0,
            "gross_profit": null,
            "gross_margin": null,
            "gross_margin_4q_avg": 0,
            "net_income": null,
            "net_income_4q": null,
            "revenue": null,
            "revenue_4q": null,
            "common_shares": null,
            "book_valuer_per_share": null,
            "book_valuer_per_share_4q_avg": 0,
            "equity": null,
            "current_ratio": null,
            "debt_ratio": null,
            "inventory_turnover_ratio": null,
            "account_receivable_turnover_ratio": null,
            "reinvestment_rate": null,
            "research_to_sale_ratio": null,
            "price_fair": 0,
            "eps_avg_yearly": 0,
            "eps_latest_yearly": 0,
            "eps_growth_yearly": 0
        },
        "20014": {
            "year_quarter": 20014,
            "year": 2001,
            "quarter": 4,
            "eps": null,
            "eps_growth_year": null,
            "eps_4q": null,
            "eps_4q_growth_year": null,
            "roe": null,
            "roe_4q": 0,
            "gross_profit": null,
            "gross_margin": null,
            "gross_margin_4q_avg": 0,
            "net_income": null,
            "net_income_4q": null,
            "revenue": null,
            "revenue_4q": null,
            "common_shares": null,
            "book_valuer_per_share": null,
            "book_valuer_per_share_4q_avg": 0,
            "equity": null,
            "current_ratio": null,
            "debt_ratio": null,
            "inventory_turnover_ratio": null,
            "account_receivable_turnover_ratio": null,
            "reinvestment_rate": null,
            "research_to_sale_ratio": null,
            "price_fair": 0,
            "eps_avg_yearly": 0,
            "eps_latest_yearly": 0,
            "eps_growth_yearly": 0
        },
        "20021": {
            "year_quarter": 20021,
            "year": 2002,
            "quarter": 1,
            "eps": null,
            "eps_growth_year": null,
            "eps_4q": null,
            "eps_4q_growth_year": null,
            "roe": null,
            "roe_4q": 0,
            "gross_profit": null,
            "gross_margin": null,
            "gross_margin_4q_avg": 0,
            "net_income": null,
            "net_income_4q": null,
            "revenue": null,
            "revenue_4q": null,
            "common_shares": null,
            "book_valuer_per_share": null,
            "book_valuer_per_share_4q_avg": 0,
            "equity": null,
            "current_ratio": null,
            "debt_ratio": null,
            "inventory_turnover_ratio": null,
            "account_receivable_turnover_ratio": null,
            "reinvestment_rate": null,
            "research_to_sale_ratio": null,
            "price_fair": 0,
            "eps_avg_yearly": 0,
            "eps_latest_yearly": 0,
            "eps_growth_yearly": 0
        },
        "20022": {
            "year_quarter": 20022,
            "year": 2002,
            "quarter": 2,
            "eps": null,
            "eps_growth_year": null,
            "eps_4q": null,
            "eps_4q_growth_year": null,
            "roe": null,
            "roe_4q": 0,
            "gross_profit": null,
            "gross_margin": null,
            "gross_margin_4q_avg": 0,
            "net_income": null,
            "net_income_4q": null,
            "revenue": null,
            "revenue_4q": null,
            "common_shares": null,
            "book_valuer_per_share": null,
            "book_valuer_per_share_4q_avg": 0,
            "equity": null,
            "current_ratio": null,
            "debt_ratio": null,
            "inventory_turnover_ratio": null,
            "account_receivable_turnover_ratio": null,
            "reinvestment_rate": null,
            "research_to_sale_ratio": null,
            "price_fair": 0,
            "eps_avg_yearly": 0,
            "eps_latest_yearly": 0,
            "eps_growth_yearly": 0
        },
        "20023": {
            "year_quarter": 20023,
            "year": 2002,
            "quarter": 3,
            "eps": null,
            "eps_growth_year": null,
            "eps_4q": null,
            "eps_4q_growth_year": null,
            "roe": null,
            "roe_4q": 0,
            "gross_profit": null,
            "gross_margin": null,
            "gross_margin_4q_avg": 0,
            "net_income": null,
            "net_income_4q": null,
            "revenue": null,
            "revenue_4q": null,
            "common_shares": null,
            "book_valuer_per_share": null,
            "book_valuer_per_share_4q_avg": 0,
            "equity": null,
            "current_ratio": null,
            "debt_ratio": null,
            "inventory_turnover_ratio": null,
            "account_receivable_turnover_ratio": null,
            "reinvestment_rate": null,
            "research_to_sale_ratio": null,
            "price_fair": 0,
            "eps_avg_yearly": 0,
            "eps_latest_yearly": 0,
            "eps_growth_yearly": 0
        },
        "20024": {
            "year_quarter": 20024,
            "year": 2002,
            "quarter": 4,
            "eps": null,
            "eps_growth_year": null,
            "eps_4q": null,
            "eps_4q_growth_year": null,
            "roe": null,
            "roe_4q": 0,
            "gross_profit": null,
            "gross_margin": null,
            "gross_margin_4q_avg": 0,
            "net_income": null,
            "net_income_4q": null,
            "revenue": null,
            "revenue_4q": null,
            "common_shares": null,
            "book_valuer_per_share": null,
            "book_valuer_per_share_4q_avg": 0,
            "equity": null,
            "current_ratio": null,
            "debt_ratio": null,
            "inventory_turnover_ratio": null,
            "account_receivable_turnover_ratio": null,
            "reinvestment_rate": null,
            "research_to_sale_ratio": null,
            "price_fair": 0,
            "eps_avg_yearly": 0,
            "eps_latest_yearly": 0,
            "eps_growth_yearly": 0
        },
        "20031": {
            "year_quarter": 20031,
            "year": 2003,
            "quarter": 1,
            "eps": null,
            "eps_growth_year": null,
            "eps_4q": null,
            "eps_4q_growth_year": null,
            "roe": null,
            "roe_4q": 0,
            "gross_profit": null,
            "gross_margin": null,
            "gross_margin_4q_avg": 0,
            "net_income": null,
            "net_income_4q": null,
            "revenue": null,
            "revenue_4q": null,
            "common_shares": null,
            "book_valuer_per_share": null,
            "book_valuer_per_share_4q_avg": 0,
            "equity": null,
            "current_ratio": null,
            "debt_ratio": null,
            "inventory_turnover_ratio": null,
            "account_receivable_turnover_ratio": null,
            "reinvestment_rate": null,
            "research_to_sale_ratio": null,
            "price_fair": 0,
            "eps_avg_yearly": 0,
            "eps_latest_yearly": 0,
            "eps_growth_yearly": 0
        },
        "20032": {
            "year_quarter": 20032,
            "year": 2003,
            "quarter": 2,
            "eps": null,
            "eps_growth_year": null,
            "eps_4q": null,
            "eps_4q_growth_year": null,
            "roe": null,
            "roe_4q": 0,
            "gross_profit": null,
            "gross_margin": null,
            "gross_margin_4q_avg": 0,
            "net_income": null,
            "net_income_4q": null,
            "revenue": null,
            "revenue_4q": null,
            "common_shares": null,
            "book_valuer_per_share": null,
            "book_valuer_per_share_4q_avg": 0,
            "equity": null,
            "current_ratio": null,
            "debt_ratio": null,
            "inventory_turnover_ratio": null,
            "account_receivable_turnover_ratio": null,
            "reinvestment_rate": null,
            "research_to_sale_ratio": null,
            "price_fair": 0,
            "eps_avg_yearly": 0,
            "eps_latest_yearly": 0,
            "eps_growth_yearly": 0
        },
        "20033": {
            "year_quarter": 20033,
            "year": 2003,
            "quarter": 3,
            "eps": null,
            "eps_growth_year": null,
            "eps_4q": null,
            "eps_4q_growth_year": null,
            "roe": null,
            "roe_4q": 0,
            "gross_profit": null,
            "gross_margin": null,
            "gross_margin_4q_avg": 0,
            "net_income": null,
            "net_income_4q": null,
            "revenue": null,
            "revenue_4q": null,
            "common_shares": null,
            "book_valuer_per_share": null,
            "book_valuer_per_share_4q_avg": 0,
            "equity": null,
            "current_ratio": null,
            "debt_ratio": null,
            "inventory_turnover_ratio": null,
            "account_receivable_turnover_ratio": null,
            "reinvestment_rate": null,
            "research_to_sale_ratio": null,
            "price_fair": 0,
            "eps_avg_yearly": 0,
            "eps_latest_yearly": 0,
            "eps_growth_yearly": 0
        },
        "20034": {
            "year_quarter": 20034,
            "year": 2003,
            "quarter": 4,
            "eps": null,
            "eps_growth_year": null,
            "eps_4q": null,
            "eps_4q_growth_year": null,
            "roe": null,
            "roe_4q": 0,
            "gross_profit": null,
            "gross_margin": null,
            "gross_margin_4q_avg": 0,
            "net_income": null,
            "net_income_4q": null,
            "revenue": null,
            "revenue_4q": null,
            "common_shares": null,
            "book_valuer_per_share": null,
            "book_valuer_per_share_4q_avg": 0,
            "equity": null,
            "current_ratio": null,
            "debt_ratio": null,
            "inventory_turnover_ratio": null,
            "account_receivable_turnover_ratio": null,
            "reinvestment_rate": null,
            "research_to_sale_ratio": null,
            "price_fair": 0,
            "eps_avg_yearly": 0,
            "eps_latest_yearly": 0,
            "eps_growth_yearly": 0
        },
        "20041": {
            "year_quarter": 20041,
            "year": 2004,
            "quarter": 1,
            "eps": null,
            "eps_growth_year": null,
            "eps_4q": null,
            "eps_4q_growth_year": null,
            "roe": null,
            "roe_4q": 0,
            "gross_profit": null,
            "gross_margin": null,
            "gross_margin_4q_avg": 0,
            "net_income": null,
            "net_income_4q": null,
            "revenue": null,
            "revenue_4q": null,
            "common_shares": null,
            "book_valuer_per_share": null,
            "book_valuer_per_share_4q_avg": 0,
            "equity": null,
            "current_ratio": null,
            "debt_ratio": null,
            "inventory_turnover_ratio": null,
            "account_receivable_turnover_ratio": null,
            "reinvestment_rate": null,
            "research_to_sale_ratio": null,
            "price_fair": 0,
            "eps_avg_yearly": 0,
            "eps_latest_yearly": 0,
            "eps_growth_yearly": 0
        },
        "20042": {
            "year_quarter": 20042,
            "year": 2004,
            "quarter": 2,
            "eps": null,
            "eps_growth_year": null,
            "eps_4q": null,
            "eps_4q_growth_year": null,
            "roe": null,
            "roe_4q": 0,
            "gross_profit": null,
            "gross_margin": null,
            "gross_margin_4q_avg": 0,
            "net_income": null,
            "net_income_4q": null,
            "revenue": null,
            "revenue_4q": null,
            "common_shares": null,
            "book_valuer_per_share": null,
            "book_valuer_per_share_4q_avg": 0,
            "equity": null,
            "current_ratio": null,
            "debt_ratio": null,
            "inventory_turnover_ratio": null,
            "account_receivable_turnover_ratio": null,
            "reinvestment_rate": null,
            "research_to_sale_ratio": null,
            "price_fair": 0,
            "eps_avg_yearly": 0,
            "eps_latest_yearly": 0,
            "eps_growth_yearly": 0
        },
        "20043": {
            "year_quarter": 20043,
            "year": 2004,
            "quarter": 3,
            "eps": null,
            "eps_growth_year": null,
            "eps_4q": null,
            "eps_4q_growth_year": null,
            "roe": null,
            "roe_4q": 0,
            "gross_profit": null,
            "gross_margin": null,
            "gross_margin_4q_avg": 0,
            "net_income": null,
            "net_income_4q": null,
            "revenue": null,
            "revenue_4q": null,
            "common_shares": null,
            "book_valuer_per_share": null,
            "book_valuer_per_share_4q_avg": 0,
            "equity": null,
            "current_ratio": null,
            "debt_ratio": null,
            "inventory_turnover_ratio": null,
            "account_receivable_turnover_ratio": null,
            "reinvestment_rate": null,
            "research_to_sale_ratio": null,
            "price_fair": 0,
            "eps_avg_yearly": 0,
            "eps_latest_yearly": 0,
            "eps_growth_yearly": 0
        },
        "20044": {
            "year_quarter": 20044,
            "year": 2004,
            "quarter": 4,
            "eps": null,
            "eps_growth_year": null,
            "eps_4q": null,
            "eps_4q_growth_year": null,
            "roe": null,
            "roe_4q": 0,
            "gross_profit": null,
            "gross_margin": null,
            "gross_margin_4q_avg": 0,
            "net_income": null,
            "net_income_4q": null,
            "revenue": null,
            "revenue_4q": null,
            "common_shares": null,
            "book_valuer_per_share": null,
            "book_valuer_per_share_4q_avg": 0,
            "equity": null,
            "current_ratio": null,
            "debt_ratio": null,
            "inventory_turnover_ratio": null,
            "account_receivable_turnover_ratio": null,
            "reinvestment_rate": null,
            "research_to_sale_ratio": null,
            "price_fair": 0,
            "eps_avg_yearly": 0,
            "eps_latest_yearly": 0,
            "eps_growth_yearly": 0
        },
        "20051": {
            "year_quarter": 20051,
            "year": 2005,
            "quarter": 1,
            "eps": null,
            "eps_growth_year": null,
            "eps_4q": null,
            "eps_4q_growth_year": null,
            "roe": null,
            "roe_4q": 0,
            "gross_profit": null,
            "gross_margin": null,
            "gross_margin_4q_avg": 0,
            "net_income": null,
            "net_income_4q": null,
            "revenue": null,
            "revenue_4q": null,
            "common_shares": null,
            "book_valuer_per_share": null,
            "book_valuer_per_share_4q_avg": 0,
            "equity": null,
            "current_ratio": null,
            "debt_ratio": null,
            "inventory_turnover_ratio": null,
            "account_receivable_turnover_ratio": null,
            "reinvestment_rate": null,
            "research_to_sale_ratio": null,
            "price_fair": 0,
            "eps_avg_yearly": 0,
            "eps_latest_yearly": 0,
            "eps_growth_yearly": 0
        },
        "20052": {
            "year_quarter": 20052,
            "year": 2005,
            "quarter": 2,
            "eps": null,
            "eps_growth_year": null,
            "eps_4q": null,
            "eps_4q_growth_year": null,
            "roe": null,
            "roe_4q": 0,
            "gross_profit": null,
            "gross_margin": null,
            "gross_margin_4q_avg": 0,
            "net_income": null,
            "net_income_4q": null,
            "revenue": null,
            "revenue_4q": null,
            "common_shares": null,
            "book_valuer_per_share": null,
            "book_valuer_per_share_4q_avg": 0,
            "equity": null,
            "current_ratio": null,
            "debt_ratio": null,
            "inventory_turnover_ratio": null,
            "account_receivable_turnover_ratio": null,
            "reinvestment_rate": null,
            "research_to_sale_ratio": null,
            "price_fair": 0,
            "eps_avg_yearly": 0,
            "eps_latest_yearly": 0,
            "eps_growth_yearly": 0
        },
        "20053": {
            "year_quarter": 20053,
            "year": 2005,
            "quarter": 3,
            "eps": null,
            "eps_growth_year": null,
            "eps_4q": null,
            "eps_4q_growth_year": null,
            "roe": null,
            "roe_4q": 0,
            "gross_profit": null,
            "gross_margin": null,
            "gross_margin_4q_avg": 0,
            "net_income": null,
            "net_income_4q": null,
            "revenue": null,
            "revenue_4q": null,
            "common_shares": null,
            "book_valuer_per_share": null,
            "book_valuer_per_share_4q_avg": 0,
            "equity": null,
            "current_ratio": null,
            "debt_ratio": null,
            "inventory_turnover_ratio": null,
            "account_receivable_turnover_ratio": null,
            "reinvestment_rate": null,
            "research_to_sale_ratio": null,
            "price_fair": 0,
            "eps_avg_yearly": 0,
            "eps_latest_yearly": 0,
            "eps_growth_yearly": 0
        },
        "20054": {
            "year_quarter": 20054,
            "year": 2005,
            "quarter": 4,
            "eps": null,
            "eps_growth_year": null,
            "eps_4q": null,
            "eps_4q_growth_year": null,
            "roe": null,
            "roe_4q": 0,
            "gross_profit": null,
            "gross_margin": null,
            "gross_margin_4q_avg": 0,
            "net_income": null,
            "net_income_4q": null,
            "revenue": null,
            "revenue_4q": null,
            "common_shares": null,
            "book_valuer_per_share": null,
            "book_valuer_per_share_4q_avg": 0,
            "equity": null,
            "current_ratio": null,
            "debt_ratio": null,
            "inventory_turnover_ratio": null,
            "account_receivable_turnover_ratio": null,
            "reinvestment_rate": null,
            "research_to_sale_ratio": null,
            "price_fair": 0,
            "eps_avg_yearly": 0,
            "eps_latest_yearly": 0,
            "eps_growth_yearly": 0
        },
        "20061": {
            "year_quarter": 20061,
            "year": 2006,
            "quarter": 1,
            "eps": null,
            "eps_growth_year": null,
            "eps_4q": null,
            "eps_4q_growth_year": null,
            "roe": null,
            "roe_4q": 0,
            "gross_profit": null,
            "gross_margin": null,
            "gross_margin_4q_avg": 0,
            "net_income": null,
            "net_income_4q": null,
            "revenue": null,
            "revenue_4q": null,
            "common_shares": null,
            "book_valuer_per_share": null,
            "book_valuer_per_share_4q_avg": 0,
            "equity": null,
            "current_ratio": null,
            "debt_ratio": null,
            "inventory_turnover_ratio": null,
            "account_receivable_turnover_ratio": null,
            "reinvestment_rate": null,
            "research_to_sale_ratio": null,
            "price_fair": 0,
            "eps_avg_yearly": 0,
            "eps_latest_yearly": 0,
            "eps_growth_yearly": 0
        },
        "20062": {
            "year_quarter": 20062,
            "year": 2006,
            "quarter": 2,
            "eps": null,
            "eps_growth_year": null,
            "eps_4q": null,
            "eps_4q_growth_year": null,
            "roe": null,
            "roe_4q": 0,
            "gross_profit": null,
            "gross_margin": null,
            "gross_margin_4q_avg": 0,
            "net_income": null,
            "net_income_4q": null,
            "revenue": null,
            "revenue_4q": null,
            "common_shares": null,
            "book_valuer_per_share": null,
            "book_valuer_per_share_4q_avg": 0,
            "equity": null,
            "current_ratio": null,
            "debt_ratio": null,
            "inventory_turnover_ratio": null,
            "account_receivable_turnover_ratio": null,
            "reinvestment_rate": null,
            "research_to_sale_ratio": null,
            "price_fair": 0,
            "eps_avg_yearly": 0,
            "eps_latest_yearly": 0,
            "eps_growth_yearly": 0
        },
        "20063": {
            "year_quarter": 20063,
            "year": 2006,
            "quarter": 3,
            "eps": null,
            "eps_growth_year": null,
            "eps_4q": null,
            "eps_4q_growth_year": null,
            "roe": null,
            "roe_4q": 0,
            "gross_profit": null,
            "gross_margin": null,
            "gross_margin_4q_avg": 0,
            "net_income": null,
            "net_income_4q": null,
            "revenue": null,
            "revenue_4q": null,
            "common_shares": null,
            "book_valuer_per_share": null,
            "book_valuer_per_share_4q_avg": 0,
            "equity": null,
            "current_ratio": null,
            "debt_ratio": null,
            "inventory_turnover_ratio": null,
            "account_receivable_turnover_ratio": null,
            "reinvestment_rate": null,
            "research_to_sale_ratio": null,
            "price_fair": 0,
            "eps_avg_yearly": 0,
            "eps_latest_yearly": 0,
            "eps_growth_yearly": 0
        },
        "20064": {
            "year_quarter": 20064,
            "year": 2006,
            "quarter": 4,
            "eps": null,
            "eps_growth_year": null,
            "eps_4q": null,
            "eps_4q_growth_year": null,
            "roe": null,
            "roe_4q": 0,
            "gross_profit": null,
            "gross_margin": null,
            "gross_margin_4q_avg": 0,
            "net_income": null,
            "net_income_4q": null,
            "revenue": null,
            "revenue_4q": null,
            "common_shares": null,
            "book_valuer_per_share": null,
            "book_valuer_per_share_4q_avg": 0,
            "equity": null,
            "current_ratio": null,
            "debt_ratio": null,
            "inventory_turnover_ratio": null,
            "account_receivable_turnover_ratio": null,
            "reinvestment_rate": null,
            "research_to_sale_ratio": null,
            "price_fair": 0,
            "eps_avg_yearly": 0,
            "eps_latest_yearly": 0,
            "eps_growth_yearly": 0
        },
        "20071": {
            "year_quarter": 20071,
            "year": 2007,
            "quarter": 1,
            "eps": null,
            "eps_growth_year": null,
            "eps_4q": null,
            "eps_4q_growth_year": null,
            "roe": null,
            "roe_4q": 0,
            "gross_profit": null,
            "gross_margin": null,
            "gross_margin_4q_avg": 0,
            "net_income": null,
            "net_income_4q": null,
            "revenue": null,
            "revenue_4q": null,
            "common_shares": null,
            "book_valuer_per_share": null,
            "book_valuer_per_share_4q_avg": 0,
            "equity": null,
            "current_ratio": null,
            "debt_ratio": null,
            "inventory_turnover_ratio": null,
            "account_receivable_turnover_ratio": null,
            "reinvestment_rate": null,
            "research_to_sale_ratio": null,
            "price_fair": 0,
            "eps_avg_yearly": 0,
            "eps_latest_yearly": 0,
            "eps_growth_yearly": 0
        },
        "20072": {
            "year_quarter": 20072,
            "year": 2007,
            "quarter": 2,
            "eps": null,
            "eps_growth_year": null,
            "eps_4q": null,
            "eps_4q_growth_year": null,
            "roe": null,
            "roe_4q": 0,
            "gross_profit": null,
            "gross_margin": null,
            "gross_margin_4q_avg": 0,
            "net_income": null,
            "net_income_4q": null,
            "revenue": null,
            "revenue_4q": null,
            "common_shares": null,
            "book_valuer_per_share": null,
            "book_valuer_per_share_4q_avg": 0,
            "equity": null,
            "current_ratio": null,
            "debt_ratio": null,
            "inventory_turnover_ratio": null,
            "account_receivable_turnover_ratio": null,
            "reinvestment_rate": null,
            "research_to_sale_ratio": null,
            "price_fair": 0,
            "eps_avg_yearly": 0,
            "eps_latest_yearly": 0,
            "eps_growth_yearly": 0
        },
        "20073": {
            "year_quarter": 20073,
            "year": 2007,
            "quarter": 3,
            "eps": null,
            "eps_growth_year": null,
            "eps_4q": null,
            "eps_4q_growth_year": null,
            "roe": null,
            "roe_4q": 0,
            "gross_profit": null,
            "gross_margin": null,
            "gross_margin_4q_avg": 0,
            "net_income": null,
            "net_income_4q": null,
            "revenue": null,
            "revenue_4q": null,
            "common_shares": null,
            "book_valuer_per_share": null,
            "book_valuer_per_share_4q_avg": 0,
            "equity": null,
            "current_ratio": null,
            "debt_ratio": null,
            "inventory_turnover_ratio": null,
            "account_receivable_turnover_ratio": null,
            "reinvestment_rate": null,
            "research_to_sale_ratio": null,
            "price_fair": 0,
            "eps_avg_yearly": 0,
            "eps_latest_yearly": 0,
            "eps_growth_yearly": 0
        },
        "20074": {
            "year_quarter": 20074,
            "year": 2007,
            "quarter": 4,
            "eps": null,
            "eps_growth_year": null,
            "eps_4q": null,
            "eps_4q_growth_year": null,
            "roe": null,
            "roe_4q": 0,
            "gross_profit": null,
            "gross_margin": null,
            "gross_margin_4q_avg": 0,
            "net_income": null,
            "net_income_4q": null,
            "revenue": null,
            "revenue_4q": null,
            "common_shares": null,
            "book_valuer_per_share": null,
            "book_valuer_per_share_4q_avg": 0,
            "equity": null,
            "current_ratio": null,
            "debt_ratio": null,
            "inventory_turnover_ratio": null,
            "account_receivable_turnover_ratio": null,
            "reinvestment_rate": null,
            "research_to_sale_ratio": null,
            "price_fair": 0,
            "eps_avg_yearly": 0,
            "eps_latest_yearly": 0,
            "eps_growth_yearly": 0
        },
        "20081": {
            "year_quarter": 20081,
            "year": 2008,
            "quarter": 1,
            "eps": null,
            "eps_growth_year": null,
            "eps_4q": null,
            "eps_4q_growth_year": null,
            "roe": null,
            "roe_4q": 0,
            "gross_profit": null,
            "gross_margin": null,
            "gross_margin_4q_avg": 0,
            "net_income": null,
            "net_income_4q": null,
            "revenue": null,
            "revenue_4q": null,
            "common_shares": null,
            "book_valuer_per_share": null,
            "book_valuer_per_share_4q_avg": 0,
            "equity": null,
            "current_ratio": null,
            "debt_ratio": null,
            "inventory_turnover_ratio": null,
            "account_receivable_turnover_ratio": null,
            "reinvestment_rate": null,
            "research_to_sale_ratio": null,
            "price_fair": 0,
            "eps_avg_yearly": 0,
            "eps_latest_yearly": 0,
            "eps_growth_yearly": 0
        },
        "20082": {
            "year_quarter": 20082,
            "year": 2008,
            "quarter": 2,
            "eps": null,
            "eps_growth_year": null,
            "eps_4q": null,
            "eps_4q_growth_year": null,
            "roe": null,
            "roe_4q": 0,
            "gross_profit": null,
            "gross_margin": null,
            "gross_margin_4q_avg": 0,
            "net_income": null,
            "net_income_4q": null,
            "revenue": null,
            "revenue_4q": null,
            "common_shares": null,
            "book_valuer_per_share": null,
            "book_valuer_per_share_4q_avg": 0,
            "equity": null,
            "current_ratio": null,
            "debt_ratio": null,
            "inventory_turnover_ratio": null,
            "account_receivable_turnover_ratio": null,
            "reinvestment_rate": null,
            "research_to_sale_ratio": null,
            "price_fair": 0,
            "eps_avg_yearly": 0,
            "eps_latest_yearly": 0,
            "eps_growth_yearly": 0
        },
        "20083": {
            "year_quarter": 20083,
            "year": 2008,
            "quarter": 3,
            "eps": null,
            "eps_growth_year": null,
            "eps_4q": null,
            "eps_4q_growth_year": null,
            "roe": null,
            "roe_4q": 0,
            "gross_profit": null,
            "gross_margin": null,
            "gross_margin_4q_avg": 0,
            "net_income": null,
            "net_income_4q": null,
            "revenue": null,
            "revenue_4q": null,
            "common_shares": null,
            "book_valuer_per_share": null,
            "book_valuer_per_share_4q_avg": 0,
            "equity": null,
            "current_ratio": null,
            "debt_ratio": null,
            "inventory_turnover_ratio": null,
            "account_receivable_turnover_ratio": null,
            "reinvestment_rate": null,
            "research_to_sale_ratio": null,
            "price_fair": 0,
            "eps_avg_yearly": 0,
            "eps_latest_yearly": 0,
            "eps_growth_yearly": 0
        },
        "20084": {
            "year_quarter": 20084,
            "year": 2008,
            "quarter": 4,
            "eps": null,
            "eps_growth_year": null,
            "eps_4q": null,
            "eps_4q_growth_year": null,
            "roe": null,
            "roe_4q": 0,
            "gross_profit": null,
            "gross_margin": null,
            "gross_margin_4q_avg": 0,
            "net_income": null,
            "net_income_4q": null,
            "revenue": null,
            "revenue_4q": null,
            "common_shares": 295000,
            "book_valuer_per_share": 2.81,
            "book_valuer_per_share_4q_avg": 0.7,
            "equity": 83035,
            "current_ratio": 69.89,
            "debt_ratio": 83.25,
            "inventory_turnover_ratio": null,
            "account_receivable_turnover_ratio": null,
            "reinvestment_rate": null,
            "research_to_sale_ratio": null,
            "price_fair": 0,
            "eps_avg_yearly": 0,
            "eps_latest_yearly": 0,
            "eps_growth_yearly": 0
        },
        "20091": {
            "year_quarter": 20091,
            "year": 2009,
            "quarter": 1,
            "eps": null,
            "eps_growth_year": null,
            "eps_4q": null,
            "eps_4q_growth_year": null,
            "roe": null,
            "roe_4q": 0,
            "gross_profit": null,
            "gross_margin": null,
            "gross_margin_4q_avg": 0,
            "net_income": null,
            "net_income_4q": null,
            "revenue": null,
            "revenue_4q": null,
            "common_shares": null,
            "book_valuer_per_share": null,
            "book_valuer_per_share_4q_avg": 0.7,
            "equity": null,
            "current_ratio": null,
            "debt_ratio": null,
            "inventory_turnover_ratio": null,
            "account_receivable_turnover_ratio": null,
            "reinvestment_rate": null,
            "research_to_sale_ratio": null,
            "price_fair": 0,
            "eps_avg_yearly": 0,
            "eps_latest_yearly": 0,
            "eps_growth_yearly": 0
        },
        "20092": {
            "year_quarter": 20092,
            "year": 2009,
            "quarter": 2,
            "eps": null,
            "eps_growth_year": null,
            "eps_4q": null,
            "eps_4q_growth_year": null,
            "roe": null,
            "roe_4q": 0,
            "gross_profit": null,
            "gross_margin": null,
            "gross_margin_4q_avg": 0,
            "net_income": null,
            "net_income_4q": null,
            "revenue": null,
            "revenue_4q": null,
            "common_shares": null,
            "book_valuer_per_share": null,
            "book_valuer_per_share_4q_avg": 0.7,
            "equity": null,
            "current_ratio": null,
            "debt_ratio": null,
            "inventory_turnover_ratio": null,
            "account_receivable_turnover_ratio": null,
            "reinvestment_rate": null,
            "research_to_sale_ratio": null,
            "price_fair": 0,
            "eps_avg_yearly": 0,
            "eps_latest_yearly": 0,
            "eps_growth_yearly": 0
        },
        "20093": {
            "year_quarter": 20093,
            "year": 2009,
            "quarter": 3,
            "eps": null,
            "eps_growth_year": null,
            "eps_4q": null,
            "eps_4q_growth_year": null,
            "roe": null,
            "roe_4q": 0,
            "gross_profit": null,
            "gross_margin": null,
            "gross_margin_4q_avg": 0,
            "net_income": null,
            "net_income_4q": null,
            "revenue": null,
            "revenue_4q": null,
            "common_shares": null,
            "book_valuer_per_share": null,
            "book_valuer_per_share_4q_avg": 0.7,
            "equity": null,
            "current_ratio": null,
            "debt_ratio": null,
            "inventory_turnover_ratio": null,
            "account_receivable_turnover_ratio": null,
            "reinvestment_rate": null,
            "research_to_sale_ratio": null,
            "price_fair": 0,
            "eps_avg_yearly": 0,
            "eps_latest_yearly": 0,
            "eps_growth_yearly": 0
        },
        "20094": {
            "year_quarter": 20094,
            "year": 2009,
            "quarter": 4,
            "eps": null,
            "eps_growth_year": null,
            "eps_4q": null,
            "eps_4q_growth_year": null,
            "roe": null,
            "roe_4q": 0,
            "gross_profit": null,
            "gross_margin": null,
            "gross_margin_4q_avg": 0,
            "net_income": null,
            "net_income_4q": null,
            "revenue": null,
            "revenue_4q": null,
            "common_shares": 295000,
            "book_valuer_per_share": 7.36,
            "book_valuer_per_share_4q_avg": 1.84,
            "equity": 217021,
            "current_ratio": 114.23,
            "debt_ratio": 63.62,
            "inventory_turnover_ratio": null,
            "account_receivable_turnover_ratio": null,
            "reinvestment_rate": null,
            "research_to_sale_ratio": null,
            "price_fair": 0,
            "eps_avg_yearly": 0,
            "eps_latest_yearly": 0,
            "eps_growth_yearly": 0
        },
        "20101": {
            "year_quarter": 20101,
            "year": 2010,
            "quarter": 1,
            "eps": null,
            "eps_growth_year": null,
            "eps_4q": null,
            "eps_4q_growth_year": null,
            "roe": null,
            "roe_4q": 0,
            "gross_profit": 17607,
            "gross_margin": null,
            "gross_margin_4q_avg": 0,
            "net_income": -23565,
            "net_income_4q": null,
            "revenue": 136601,
            "revenue_4q": null,
            "common_shares": 295000,
            "book_valuer_per_share": 6.59,
            "book_valuer_per_share_4q_avg": 3.49,
            "equity": 194415,
            "current_ratio": 98.94,
            "debt_ratio": 64.46,
            "inventory_turnover_ratio": null,
            "account_receivable_turnover_ratio": null,
            "reinvestment_rate": null,
            "research_to_sale_ratio": null,
            "price_fair": 0,
            "eps_avg_yearly": 0,
            "eps_latest_yearly": 0,
            "eps_growth_yearly": 0
        },
        "20102": {
            "year_quarter": 20102,
            "year": 2010,
            "quarter": 2,
            "eps": null,
            "eps_growth_year": null,
            "eps_4q": null,
            "eps_4q_growth_year": null,
            "roe": null,
            "roe_4q": 0,
            "gross_profit": 0,
            "gross_margin": null,
            "gross_margin_4q_avg": 0,
            "net_income": 0,
            "net_income_4q": null,
            "revenue": 0,
            "revenue_4q": null,
            "common_shares": 0,
            "book_valuer_per_share": null,
            "book_valuer_per_share_4q_avg": 3.49,
            "equity": 0,
            "current_ratio": null,
            "debt_ratio": null,
            "inventory_turnover_ratio": null,
            "account_receivable_turnover_ratio": null,
            "reinvestment_rate": null,
            "research_to_sale_ratio": null,
            "price_fair": 0,
            "eps_avg_yearly": 0,
            "eps_latest_yearly": 0,
            "eps_growth_yearly": 0
        },
        "20103": {
            "year_quarter": 20103,
            "year": 2010,
            "quarter": 3,
            "eps": null,
            "eps_growth_year": null,
            "eps_4q": null,
            "eps_4q_growth_year": null,
            "roe": null,
            "roe_4q": 0,
            "gross_profit": 0,
            "gross_margin": null,
            "gross_margin_4q_avg": 0,
            "net_income": 0,
            "net_income_4q": null,
            "revenue": 0,
            "revenue_4q": null,
            "common_shares": 0,
            "book_valuer_per_share": null,
            "book_valuer_per_share_4q_avg": 3.49,
            "equity": 0,
            "current_ratio": null,
            "debt_ratio": null,
            "inventory_turnover_ratio": null,
            "account_receivable_turnover_ratio": null,
            "reinvestment_rate": null,
            "research_to_sale_ratio": null,
            "price_fair": 0,
            "eps_avg_yearly": 0,
            "eps_latest_yearly": 0,
            "eps_growth_yearly": 0
        },
        "20104": {
            "year_quarter": 20104,
            "year": 2010,
            "quarter": 4,
            "eps": null,
            "eps_growth_year": null,
            "eps_4q": null,
            "eps_4q_growth_year": null,
            "roe": null,
            "roe_4q": 0,
            "gross_profit": 65671,
            "gross_margin": null,
            "gross_margin_4q_avg": 0,
            "net_income": 26422,
            "net_income_4q": null,
            "revenue": 156516,
            "revenue_4q": null,
            "common_shares": 295500,
            "book_valuer_per_share": 10.76,
            "book_valuer_per_share_4q_avg": 4.34,
            "equity": 317983,
            "current_ratio": 123.14,
            "debt_ratio": 55.94,
            "inventory_turnover_ratio": null,
            "account_receivable_turnover_ratio": null,
            "reinvestment_rate": null,
            "research_to_sale_ratio": null,
            "price_fair": 0,
            "eps_avg_yearly": 0,
            "eps_latest_yearly": 0,
            "eps_growth_yearly": 0
        },
        "20111": {
            "year_quarter": 20111,
            "year": 2011,
            "quarter": 1,
            "eps": 0.1,
            "eps_growth_year": null,
            "eps_4q": 0.1,
            "eps_4q_growth_year": null,
            "roe": 0.92,
            "roe_4q": 0.92,
            "gross_profit": 66860,
            "gross_margin": 34.37,
            "gross_margin_4q_avg": 8.59,
            "net_income": 2988,
            "net_income_4q": null,
            "revenue": 194525,
            "revenue_4q": null,
            "common_shares": 295500,
            "book_valuer_per_share": 11.13,
            "book_valuer_per_share_4q_avg": 5.47,
            "equity": 328911,
            "current_ratio": 118.17,
            "debt_ratio": 57.88,
            "inventory_turnover_ratio": 1.58,
            "account_receivable_turnover_ratio": 0.98,
            "reinvestment_rate": null,
            "research_to_sale_ratio": null,
            "price_fair": 0,
            "eps_avg_yearly": 0,
            "eps_latest_yearly": 0,
            "eps_growth_yearly": 0
        },
        "20112": {
            "year_quarter": 20112,
            "year": 2011,
            "quarter": 2,
            "eps": 0.57,
            "eps_growth_year": null,
            "eps_4q": 0.65,
            "eps_4q_growth_year": null,
            "roe": 5.73,
            "roe_4q": 6.65,
            "gross_profit": 94679,
            "gross_margin": 34.97,
            "gross_margin_4q_avg": 17.34,
            "net_income": 20574,
            "net_income_4q": null,
            "revenue": 270741,
            "revenue_4q": null,
            "common_shares": 360000,
            "book_valuer_per_share": 10.82,
            "book_valuer_per_share_4q_avg": 8.18,
            "equity": 389383,
            "current_ratio": 130.8,
            "debt_ratio": 51.96,
            "inventory_turnover_ratio": 2.13,
            "account_receivable_turnover_ratio": 1.52,
            "reinvestment_rate": null,
            "research_to_sale_ratio": null,
            "price_fair": 79.8,
            "eps_avg_yearly": 2.28,
            "eps_latest_yearly": 2.28,
            "eps_growth_yearly": 1880
        },
        "20113": {
            "year_quarter": 20113,
            "year": 2011,
            "quarter": 3,
            "eps": 1.81,
            "eps_growth_year": null,
            "eps_4q": 2.46,
            "eps_4q_growth_year": null,
            "roe": 15.4,
            "roe_4q": 22.050000000000004,
            "gross_profit": 132013,
            "gross_margin": 30.27,
            "gross_margin_4q_avg": 24.9,
            "net_income": 65145,
            "net_income_4q": null,
            "revenue": 436146,
            "revenue_4q": null,
            "common_shares": 360000,
            "book_valuer_per_share": 12.69,
            "book_valuer_per_share_4q_avg": 11.35,
            "equity": 456877,
            "current_ratio": 130.27,
            "debt_ratio": 53.93,
            "inventory_turnover_ratio": 3.66,
            "account_receivable_turnover_ratio": 1.79,
            "reinvestment_rate": null,
            "research_to_sale_ratio": null,
            "price_fair": 166.6,
            "eps_avg_yearly": 4.76,
            "eps_latest_yearly": 7.24,
            "eps_growth_yearly": 1375.09
        },
        "20114": {
            "year_quarter": 20114,
            "year": 2011,
            "quarter": 4,
            "eps": 1.61,
            "eps_growth_year": null,
            "eps_4q": 3.83,
            "eps_4q_growth_year": null,
            "roe": 11.02,
            "roe_4q": 33.07000000000001,
            "gross_profit": 151562,
            "gross_margin": 29.68,
            "gross_margin_4q_avg": 32.32,
            "net_income": 64302,
            "net_income_4q": null,
            "revenue": 510609,
            "revenue_4q": null,
            "common_shares": 400000,
            "book_valuer_per_share": 17.76,
            "book_valuer_per_share_4q_avg": 13.1,
            "equity": 710350,
            "current_ratio": 192.89,
            "debt_ratio": 45.31,
            "inventory_turnover_ratio": 4.12,
            "account_receivable_turnover_ratio": 1.53,
            "reinvestment_rate": null,
            "research_to_sale_ratio": null,
            "price_fair": 186.2,
            "eps_avg_yearly": 5.32,
            "eps_latest_yearly": 6.44,
            "eps_growth_yearly": 901.99
        },
        "20121": {
            "year_quarter": 20121,
            "year": 2012,
            "quarter": 1,
            "eps": 0.37,
            "eps_growth_year": 270,
            "eps_4q": 4.12,
            "eps_4q_growth_year": 3976.32,
            "roe": 2.06,
            "roe_4q": 34.21,
            "gross_profit": 92144,
            "gross_margin": 27.34,
            "gross_margin_4q_avg": 30.57,
            "net_income": 14853,
            "net_income_4q": null,
            "revenue": 337054,
            "revenue_4q": null,
            "common_shares": 400000,
            "book_valuer_per_share": 18.27,
            "book_valuer_per_share_4q_avg": 14.89,
            "equity": 730996,
            "current_ratio": 217.6,
            "debt_ratio": 41.08,
            "inventory_turnover_ratio": 2.5,
            "account_receivable_turnover_ratio": 1.03,
            "reinvestment_rate": null,
            "research_to_sale_ratio": null,
            "price_fair": 152.6,
            "eps_avg_yearly": 4.36,
            "eps_latest_yearly": 1.48,
            "eps_growth_yearly": 599.48
        },
        "20122": {
            "year_quarter": 20122,
            "year": 2012,
            "quarter": 2,
            "eps": 0.32,
            "eps_growth_year": -44.22,
            "eps_4q": 3.75,
            "eps_4q_growth_year": 473.64,
            "roe": 1.99,
            "roe_4q": 30.47,
            "gross_profit": 92334,
            "gross_margin": 30.37,
            "gross_margin_4q_avg": 29.42,
            "net_income": 13388,
            "net_income_4q": null,
            "revenue": 304078,
            "revenue_4q": null,
            "common_shares": 400000,
            "book_valuer_per_share": 15.38,
            "book_valuer_per_share_4q_avg": 16.03,
            "equity": 615008,
            "current_ratio": 148.87,
            "debt_ratio": 52.28,
            "inventory_turnover_ratio": 1.82,
            "account_receivable_turnover_ratio": 0.97,
            "reinvestment_rate": null,
            "research_to_sale_ratio": null,
            "price_fair": 131.04,
            "eps_avg_yearly": 3.74,
            "eps_latest_yearly": 1.28,
            "eps_growth_yearly": 468.77
        },
        "20123": {
            "year_quarter": 20123,
            "year": 2012,
            "quarter": 3,
            "eps": 1.75,
            "eps_growth_year": -3.35,
            "eps_4q": 3.95,
            "eps_4q_growth_year": 60.4,
            "roe": 11.33,
            "roe_4q": 26.4,
            "gross_profit": 172422,
            "gross_margin": 35.02,
            "gross_margin_4q_avg": 30.6,
            "net_income": 73455,
            "net_income_4q": null,
            "revenue": 492367,
            "revenue_4q": null,
            "common_shares": 420000,
            "book_valuer_per_share": 16.24,
            "book_valuer_per_share_4q_avg": 16.91,
            "equity": 681897,
            "current_ratio": 182.29,
            "debt_ratio": 43.54,
            "inventory_turnover_ratio": 2.74,
            "account_receivable_turnover_ratio": 1.36,
            "reinvestment_rate": null,
            "research_to_sale_ratio": null,
            "price_fair": 150.03,
            "eps_avg_yearly": 4.29,
            "eps_latest_yearly": 7,
            "eps_growth_yearly": 688.56
        },
        "20124": {
            "year_quarter": 20124,
            "year": 2012,
            "quarter": 4,
            "eps": 1.62,
            "eps_growth_year": 1.03,
            "eps_4q": 4.05,
            "eps_4q_growth_year": 5.76,
            "roe": 9.43,
            "roe_4q": 24.809999999999995,
            "gross_profit": 168285,
            "gross_margin": 32.1,
            "gross_margin_4q_avg": 31.21,
            "net_income": 68211,
            "net_income_4q": null,
            "revenue": 524272,
            "revenue_4q": null,
            "common_shares": 420000,
            "book_valuer_per_share": 18.19,
            "book_valuer_per_share_4q_avg": 17.02,
            "equity": 764075,
            "current_ratio": 223.63,
            "debt_ratio": 37.09,
            "inventory_turnover_ratio": 3.26,
            "account_receivable_turnover_ratio": 1.31,
            "reinvestment_rate": null,
            "research_to_sale_ratio": null,
            "price_fair": 161,
            "eps_avg_yearly": 4.6,
            "eps_latest_yearly": 6.48,
            "eps_growth_yearly": 585.95
        },
        "20131": {
            "year_quarter": 20131,
            "year": 2013,
            "quarter": 1,
            "eps": 0.43,
            "eps_growth_year": 16.22,
            "eps_4q": 4.12,
            "eps_4q_growth_year": -0.09,
            "roe": 2.29,
            "roe_4q": 25.039999999999996,
            "gross_profit": 98168,
            "gross_margin": 26.94,
            "gross_margin_4q_avg": 31.11,
            "net_income": 17910,
            "net_income_4q": null,
            "revenue": 364382,
            "revenue_4q": null,
            "common_shares": 420000,
            "book_valuer_per_share": 19.07,
            "book_valuer_per_share_4q_avg": 17.22,
            "equity": 800852,
            "current_ratio": 218.9,
            "debt_ratio": 35.99,
            "inventory_turnover_ratio": 2.3,
            "account_receivable_turnover_ratio": 0.98,
            "reinvestment_rate": null,
            "research_to_sale_ratio": null,
            "price_fair": 148.4,
            "eps_avg_yearly": 4.24,
            "eps_latest_yearly": 1.72,
            "eps_growth_yearly": 475.98
        },
        "20132": {
            "year_quarter": 20132,
            "year": 2013,
            "quarter": 2,
            "eps": 0.88,
            "eps_growth_year": 176.07,
            "eps_4q": 4.68,
            "eps_4q_growth_year": 24.75,
            "roe": 4.94,
            "roe_4q": 27.990000000000002,
            "gross_profit": 119669,
            "gross_margin": 26.06,
            "gross_margin_4q_avg": 30.03,
            "net_income": 37146,
            "net_income_4q": null,
            "revenue": 459245,
            "revenue_4q": null,
            "common_shares": 420000,
            "book_valuer_per_share": 16.72,
            "book_valuer_per_share_4q_avg": 17.56,
            "equity": 702326,
            "current_ratio": 152.16,
            "debt_ratio": 47.42,
            "inventory_turnover_ratio": 3.09,
            "account_receivable_turnover_ratio": 1.47,
            "reinvestment_rate": null,
            "research_to_sale_ratio": null,
            "price_fair": 145.6,
            "eps_avg_yearly": 4.16,
            "eps_latest_yearly": 3.52,
            "eps_growth_yearly": 469.6
        },
        "20133": {
            "year_quarter": 20133,
            "year": 2013,
            "quarter": 3,
            "eps": 1.9,
            "eps_growth_year": 8.64,
            "eps_4q": 4.83,
            "eps_4q_growth_year": 22.25,
            "roe": 10.89,
            "roe_4q": 27.55,
            "gross_profit": 191556,
            "gross_margin": 41.7,
            "gross_margin_4q_avg": 31.7,
            "net_income": 79668,
            "net_income_4q": null,
            "revenue": 459344,
            "revenue_4q": null,
            "common_shares": 420000,
            "book_valuer_per_share": 18.13,
            "book_valuer_per_share_4q_avg": 18.03,
            "equity": 761287,
            "current_ratio": 181.42,
            "debt_ratio": 47.83,
            "inventory_turnover_ratio": 2.51,
            "account_receivable_turnover_ratio": 1.48,
            "reinvestment_rate": null,
            "research_to_sale_ratio": null,
            "price_fair": 157.64,
            "eps_avg_yearly": 4.5,
            "eps_latest_yearly": 7.6,
            "eps_growth_yearly": 469
        },
        "20134": {
            "year_quarter": 20134,
            "year": 2013,
            "quarter": 4,
            "eps": 2.27,
            "eps_growth_year": 40.06,
            "eps_4q": 5.48,
            "eps_4q_growth_year": 35.52,
            "roe": 11.84,
            "roe_4q": 29.96,
            "gross_profit": 207040,
            "gross_margin": 35.68,
            "gross_margin_4q_avg": 32.6,
            "net_income": 95539,
            "net_income_4q": null,
            "revenue": 580317,
            "revenue_4q": null,
            "common_shares": 420000,
            "book_valuer_per_share": 20.29,
            "book_valuer_per_share_4q_avg": 18.55,
            "equity": 852347,
            "current_ratio": 179.87,
            "debt_ratio": 47.92,
            "inventory_turnover_ratio": 3.18,
            "account_receivable_turnover_ratio": 1.4,
            "reinvestment_rate": 48,
            "research_to_sale_ratio": null,
            "price_fair": 172.2,
            "eps_avg_yearly": 4.92,
            "eps_latest_yearly": 9.08,
            "eps_growth_yearly": 433.45
        },
        "20141": {
            "year_quarter": 20141,
            "year": 2014,
            "quarter": 1,
            "eps": 1.66,
            "eps_growth_year": 286.05,
            "eps_4q": 6.25,
            "eps_4q_growth_year": 51.65,
            "roe": 7.46,
            "roe_4q": 35.13,
            "gross_profit": 188792,
            "gross_margin": 32.83,
            "gross_margin_4q_avg": 34.07,
            "net_income": 74919,
            "net_income_4q": null,
            "revenue": 575110,
            "revenue_4q": null,
            "common_shares": 460000,
            "book_valuer_per_share": 25.11,
            "book_valuer_per_share_4q_avg": 20.06,
            "equity": 1155224,
            "current_ratio": 197.55,
            "debt_ratio": 40.15,
            "inventory_turnover_ratio": 2.83,
            "account_receivable_turnover_ratio": 1.03,
            "reinvestment_rate": 37.58,
            "research_to_sale_ratio": null,
            "price_fair": 177.22,
            "eps_avg_yearly": 5.06,
            "eps_latest_yearly": 6.64,
            "eps_growth_yearly": 388.37
        },
        "20142": {
            "year_quarter": 20142,
            "year": 2014,
            "quarter": 2,
            "eps": 1.2,
            "eps_growth_year": 36.36,
            "eps_4q": 6.31,
            "eps_4q_growth_year": 34.77,
            "roe": 4.98,
            "roe_4q": 35.17,
            "gross_profit": 160711,
            "gross_margin": 27.46,
            "gross_margin_4q_avg": 34.42,
            "net_income": 54761,
            "net_income_4q": null,
            "revenue": 585188,
            "revenue_4q": null,
            "common_shares": 460000,
            "book_valuer_per_share": 22.65,
            "book_valuer_per_share_4q_avg": 21.55,
            "equity": 1041967,
            "current_ratio": 183.51,
            "debt_ratio": 41.95,
            "inventory_turnover_ratio": 2.91,
            "account_receivable_turnover_ratio": 1.09,
            "reinvestment_rate": 80.2,
            "research_to_sale_ratio": null,
            "price_fair": 176.51,
            "eps_avg_yearly": 5.04,
            "eps_latest_yearly": 4.8,
            "eps_growth_yearly": 349.97
        },
        "20143": {
            "year_quarter": 20143,
            "year": 2014,
            "quarter": 3,
            "eps": 0.58,
            "eps_growth_year": -69.47,
            "eps_4q": 5.24,
            "eps_4q_growth_year": 8.43,
            "roe": 2.64,
            "roe_4q": 26.92,
            "gross_profit": 130688,
            "gross_margin": 30.05,
            "gross_margin_4q_avg": 31.51,
            "net_income": 27825,
            "net_income_4q": null,
            "revenue": 434872,
            "revenue_4q": null,
            "common_shares": 483000,
            "book_valuer_per_share": 22.15,
            "book_valuer_per_share_4q_avg": 22.55,
            "equity": 1069749,
            "current_ratio": 207.71,
            "debt_ratio": 36.08,
            "inventory_turnover_ratio": 2.16,
            "account_receivable_turnover_ratio": 0.92,
            "reinvestment_rate": 78.75,
            "research_to_sale_ratio": null,
            "price_fair": 169.7,
            "eps_avg_yearly": 4.85,
            "eps_latest_yearly": 2.32,
            "eps_growth_yearly": 310.21
        },
        "20144": {
            "year_quarter": 20144,
            "year": 2014,
            "quarter": 4,
            "eps": 0.78,
            "eps_growth_year": -65.85,
            "eps_4q": 4.06,
            "eps_4q_growth_year": -25.86,
            "roe": 3.48,
            "roe_4q": 18.560000000000002,
            "gross_profit": 128946,
            "gross_margin": 25.87,
            "gross_margin_4q_avg": 29.05,
            "net_income": 37219,
            "net_income_4q": null,
            "revenue": 498509,
            "revenue_4q": null,
            "common_shares": 483000,
            "book_valuer_per_share": 22.34,
            "book_valuer_per_share_4q_avg": 23.06,
            "equity": 1070066,
            "current_ratio": 209.94,
            "debt_ratio": 33.63,
            "inventory_turnover_ratio": 3.28,
            "account_receivable_turnover_ratio": 0.98,
            "reinvestment_rate": 34.35,
            "research_to_sale_ratio": null,
            "price_fair": 165.67,
            "eps_avg_yearly": 4.73,
            "eps_latest_yearly": 3.12,
            "eps_growth_yearly": 298.72
        },
        "20151": {
            "year_quarter": 20151,
            "year": 2015,
            "quarter": 1,
            "eps": 0.55,
            "eps_growth_year": -66.87,
            "eps_4q": 3.05,
            "eps_4q_growth_year": -51.16,
            "roe": 2.5,
            "roe_4q": 13.600000000000001,
            "gross_profit": 122165,
            "gross_margin": 27.24,
            "gross_margin_4q_avg": 27.66,
            "net_income": 26128,
            "net_income_4q": null,
            "revenue": 448474,
            "revenue_4q": null,
            "common_shares": 483000,
            "book_valuer_per_share": 21.25,
            "book_valuer_per_share_4q_avg": 22.1,
            "equity": 1016651,
            "current_ratio": 209.99,
            "debt_ratio": 32.93,
            "inventory_turnover_ratio": 3.28,
            "account_receivable_turnover_ratio": 1.02,
            "reinvestment_rate": 20.88,
            "research_to_sale_ratio": null,
            "price_fair": 160.13,
            "eps_avg_yearly": 4.58,
            "eps_latest_yearly": 2.2,
            "eps_growth_yearly": 272.68
        },
        "20152": {
            "year_quarter": 20152,
            "year": 2015,
            "quarter": 2,
            "eps": 0.28,
            "eps_growth_year": -76.67,
            "eps_4q": 2.19,
            "eps_4q_growth_year": -65.33,
            "roe": 1.44,
            "roe_4q": 10.06,
            "gross_profit": 106636,
            "gross_margin": 26.05,
            "gross_margin_4q_avg": 27.3,
            "net_income": 13550,
            "net_income_4q": null,
            "revenue": 409410,
            "revenue_4q": null,
            "common_shares": 483000,
            "book_valuer_per_share": 18.19,
            "book_valuer_per_share_4q_avg": 20.98,
            "equity": 870615,
            "current_ratio": 151.08,
            "debt_ratio": 43.21,
            "inventory_turnover_ratio": 2.47,
            "account_receivable_turnover_ratio": 1.09,
            "reinvestment_rate": 14.65,
            "research_to_sale_ratio": null,
            "price_fair": 157.59,
            "eps_avg_yearly": 4.5,
            "eps_latest_yearly": 1.12,
            "eps_growth_yearly": 142.91
        },
        "20153": {
            "year_quarter": 20153,
            "year": 2015,
            "quarter": 3,
            "eps": 0.88,
            "eps_growth_year": 51.72,
            "eps_4q": 2.49,
            "eps_4q_growth_year": -52.53,
            "roe": 4.81,
            "roe_4q": 12.23,
            "gross_profit": 144638,
            "gross_margin": 34.34,
            "gross_margin_4q_avg": 28.38,
            "net_income": 42107,
            "net_income_4q": null,
            "revenue": 421174,
            "revenue_4q": null,
            "common_shares": 483000,
            "book_valuer_per_share": 18.43,
            "book_valuer_per_share_4q_avg": 20.05,
            "equity": 881904,
            "current_ratio": 170.13,
            "debt_ratio": 38.05,
            "inventory_turnover_ratio": 2.34,
            "account_receivable_turnover_ratio": 1.11,
            "reinvestment_rate": 6.49,
            "research_to_sale_ratio": null,
            "price_fair": 149.45,
            "eps_avg_yearly": 4.27,
            "eps_latest_yearly": 3.52,
            "eps_growth_yearly": 142.1
        },
        "20154": {
            "year_quarter": 20154,
            "year": 2015,
            "quarter": 4,
            "eps": 1.55,
            "eps_growth_year": 99.98,
            "eps_4q": 3.26,
            "eps_4q_growth_year": -19.72,
            "roe": 8.1,
            "roe_4q": 16.85,
            "gross_profit": 175834,
            "gross_margin": 37.33,
            "gross_margin_4q_avg": 31.24,
            "net_income": 74340,
            "net_income_4q": null,
            "revenue": 470998,
            "revenue_4q": null,
            "common_shares": 483000,
            "book_valuer_per_share": 19.92,
            "book_valuer_per_share_4q_avg": 19.45,
            "equity": 953055,
            "current_ratio": 177.85,
            "debt_ratio": 38.59,
            "inventory_turnover_ratio": 2.69,
            "account_receivable_turnover_ratio": 1.2,
            "reinvestment_rate": 1.39,
            "research_to_sale_ratio": null,
            "price_fair": 148.93,
            "eps_avg_yearly": 4.26,
            "eps_latest_yearly": 6.2,
            "eps_growth_yearly": 163.89
        },
        "20161": {
            "year_quarter": 20161,
            "year": 2016,
            "quarter": 1,
            "eps": 1.1,
            "eps_growth_year": 100,
            "eps_4q": 3.82,
            "eps_4q_growth_year": 25.25,
            "roe": 5.27,
            "roe_4q": 19.62,
            "gross_profit": 179931,
            "gross_margin": 35.26,
            "gross_margin_4q_avg": 33.25,
            "net_income": 52782,
            "net_income_4q": null,
            "revenue": 510325,
            "revenue_4q": null,
            "common_shares": 483000,
            "book_valuer_per_share": 21.97,
            "book_valuer_per_share_4q_avg": 19.63,
            "equity": 1051479,
            "current_ratio": 172.51,
            "debt_ratio": 43.27,
            "inventory_turnover_ratio": 2.77,
            "account_receivable_turnover_ratio": 1.07,
            "reinvestment_rate": 15.44,
            "research_to_sale_ratio": null,
            "price_fair": 155.31,
            "eps_avg_yearly": 4.44,
            "eps_latest_yearly": 4.4,
            "eps_growth_yearly": 175.89
        },
        "20162": {
            "year_quarter": 20162,
            "year": 2016,
            "quarter": 2,
            "eps": 1.92,
            "eps_growth_year": 585.71,
            "eps_4q": 5.46,
            "eps_4q_growth_year": 149.49,
            "roe": 8.94,
            "roe_4q": 27.119999999999997,
            "gross_profit": 223630,
            "gross_margin": 38.09,
            "gross_margin_4q_avg": 36.26,
            "net_income": 92044,
            "net_income_4q": null,
            "revenue": 587088,
            "revenue_4q": null,
            "common_shares": 483000,
            "book_valuer_per_share": 21.04,
            "book_valuer_per_share_4q_avg": 20.34,
            "equity": 1006618,
            "current_ratio": 163.69,
            "debt_ratio": 47.22,
            "inventory_turnover_ratio": 2.8,
            "account_receivable_turnover_ratio": 1.16,
            "reinvestment_rate": 11.46,
            "research_to_sale_ratio": null,
            "price_fair": 169.31,
            "eps_avg_yearly": 4.84,
            "eps_latest_yearly": 7.68,
            "eps_growth_yearly": 197.9
        },
        "20163": {
            "year_quarter": 20163,
            "year": 2016,
            "quarter": 3,
            "eps": 1.44,
            "eps_growth_year": 63.64,
            "eps_4q": 6.02,
            "eps_4q_growth_year": 142.1,
            "roe": 6.78,
            "roe_4q": 29.089999999999996,
            "gross_profit": 175457,
            "gross_margin": 36.34,
            "gross_margin_4q_avg": 36.76,
            "net_income": 68939,
            "net_income_4q": null,
            "revenue": 482803,
            "revenue_4q": null,
            "common_shares": 483000,
            "book_valuer_per_share": 21.47,
            "book_valuer_per_share_4q_avg": 21.1,
            "equity": 1027557,
            "current_ratio": 193.25,
            "debt_ratio": 40.97,
            "inventory_turnover_ratio": 2.51,
            "account_receivable_turnover_ratio": 1.18,
            "reinvestment_rate": 7.28,
            "research_to_sale_ratio": null,
            "price_fair": 166.6,
            "eps_avg_yearly": 4.76,
            "eps_latest_yearly": 5.76,
            "eps_growth_yearly": 79.93
        },
        "20164": {
            "year_quarter": 20164,
            "year": 2016,
            "quarter": 4,
            "eps": 1.61,
            "eps_growth_year": 3.65,
            "eps_4q": 6.08,
            "eps_4q_growth_year": 86.27,
            "roe": 7.38,
            "roe_4q": 28.37,
            "gross_profit": 193227,
            "gross_margin": 40.23,
            "gross_margin_4q_avg": 37.48,
            "net_income": 77054,
            "net_income_4q": null,
            "revenue": 480330,
            "revenue_4q": null,
            "common_shares": 483000,
            "book_valuer_per_share": 22.19,
            "book_valuer_per_share_4q_avg": 21.67,
            "equity": 1061651,
            "current_ratio": 221.52,
            "debt_ratio": 36.46,
            "inventory_turnover_ratio": 2.79,
            "account_receivable_turnover_ratio": 1.37,
            "reinvestment_rate": 0.28,
            "research_to_sale_ratio": null,
            "price_fair": 166.51,
            "eps_avg_yearly": 4.76,
            "eps_latest_yearly": 6.44,
            "eps_growth_yearly": 84.74
        },
        "20171": {
            "year_quarter": 20171,
            "year": 2017,
            "quarter": 1,
            "eps": 0.29,
            "eps_growth_year": -73.64,
            "eps_4q": 5.26,
            "eps_4q_growth_year": 37.76,
            "roe": 1.31,
            "roe_4q": 24.409999999999997,
            "gross_profit": 97465,
            "gross_margin": 31.89,
            "gross_margin_4q_avg": 36.64,
            "net_income": 13766,
            "net_income_4q": null,
            "revenue": 305596,
            "revenue_4q": null,
            "common_shares": 483000,
            "book_valuer_per_share": 21.82,
            "book_valuer_per_share_4q_avg": 21.63,
            "equity": 1043906,
            "current_ratio": 241.58,
            "debt_ratio": 32.22,
            "inventory_turnover_ratio": 2.53,
            "account_receivable_turnover_ratio": 0.98,
            "reinvestment_rate": -5.45,
            "research_to_sale_ratio": null,
            "price_fair": 165.29,
            "eps_avg_yearly": 4.72,
            "eps_latest_yearly": 1.16,
            "eps_growth_yearly": 82.61
        },
        "20172": {
            "year_quarter": 20172,
            "year": 2017,
            "quarter": 2,
            "eps": 0.42,
            "eps_growth_year": -78.12,
            "eps_4q": 3.6,
            "eps_4q_growth_year": -34.1,
            "roe": 2.16,
            "roe_4q": 17.63,
            "gross_profit": 106694,
            "gross_margin": 31.14,
            "gross_margin_4q_avg": 34.9,
            "net_income": 21027,
            "net_income_4q": null,
            "revenue": 342588,
            "revenue_4q": null,
            "common_shares": 506925,
            "book_valuer_per_share": 17.95,
            "book_valuer_per_share_4q_avg": 20.86,
            "equity": 901863,
            "current_ratio": 162.18,
            "debt_ratio": 45.14,
            "inventory_turnover_ratio": 3.32,
            "account_receivable_turnover_ratio": 0.96,
            "reinvestment_rate": -4.86,
            "research_to_sale_ratio": null,
            "price_fair": 161.26,
            "eps_avg_yearly": 4.61,
            "eps_latest_yearly": 1.68,
            "eps_growth_yearly": 67.65
        },
        "20173": {
            "year_quarter": 20173,
            "year": 2017,
            "quarter": 3,
            "eps": 1.23,
            "eps_growth_year": -14.58,
            "eps_4q": 3.46,
            "eps_4q_growth_year": -42.56,
            "roe": 6.61,
            "roe_4q": 17.46,
            "gross_profit": 160346,
            "gross_margin": 31.18,
            "gross_margin_4q_avg": 33.61,
            "net_income": 61910,
            "net_income_4q": null,
            "revenue": 514265,
            "revenue_4q": null,
            "common_shares": 506925,
            "book_valuer_per_share": 19.36,
            "book_valuer_per_share_4q_avg": 20.33,
            "equity": 972699,
            "current_ratio": 194.48,
            "debt_ratio": 39.99,
            "inventory_turnover_ratio": 5.68,
            "account_receivable_turnover_ratio": 1.16,
            "reinvestment_rate": 2.5,
            "research_to_sale_ratio": null,
            "price_fair": 155.4,
            "eps_avg_yearly": 4.44,
            "eps_latest_yearly": 4.92,
            "eps_growth_yearly": 86.89
        },
        "20174": {
            "year_quarter": 20174,
            "year": 2017,
            "quarter": 4,
            "eps": 1.46,
            "eps_growth_year": -9.21,
            "eps_4q": 3.39,
            "eps_4q_growth_year": -44.28,
            "roe": 7.24,
            "roe_4q": 17.32,
            "gross_profit": 195542,
            "gross_margin": 32.13,
            "gross_margin_4q_avg": 31.59,
            "net_income": 73456,
            "net_income_4q": null,
            "revenue": 608683,
            "revenue_4q": null,
            "common_shares": 506925,
            "book_valuer_per_share": 21.05,
            "book_valuer_per_share_4q_avg": 20.05,
            "equity": 1057667,
            "current_ratio": 217.91,
            "debt_ratio": 36.98,
            "inventory_turnover_ratio": 6.6,
            "account_receivable_turnover_ratio": 1.32,
            "reinvestment_rate": 4.29,
            "research_to_sale_ratio": null,
            "price_fair": 148.31,
            "eps_avg_yearly": 4.24,
            "eps_latest_yearly": 5.84,
            "eps_growth_yearly": 86.7
        },
        "20181": {
            "year_quarter": 20181,
            "year": 2018,
            "quarter": 1,
            "eps": -1.2,
            "eps_growth_year": -513.79,
            "eps_4q": 1.91,
            "eps_4q_growth_year": -63.68,
            "roe": -5.84,
            "roe_4q": 10.170000000000002,
            "gross_profit": 26378,
            "gross_margin": 13.96,
            "gross_margin_4q_avg": 27.1,
            "net_income": -60353,
            "net_income_4q": null,
            "revenue": 188991,
            "revenue_4q": null,
            "common_shares": 502425,
            "book_valuer_per_share": 20.1,
            "book_valuer_per_share_4q_avg": 19.62,
            "equity": 1010019,
            "current_ratio": 248.46,
            "debt_ratio": 35.68,
            "inventory_turnover_ratio": 2.44,
            "account_receivable_turnover_ratio": 0.5,
            "reinvestment_rate": -10.22,
            "research_to_sale_ratio": null,
            "price_fair": 142.71,
            "eps_avg_yearly": 4.08,
            "eps_latest_yearly": 5.84,
            "eps_growth_yearly": 99.64
        },
        "20182": {
            "year_quarter": 20182,
            "year": 2018,
            "quarter": 2,
            "eps": -1.17,
            "eps_growth_year": -378.57,
            "eps_4q": 0.33,
            "eps_4q_growth_year": -90.93,
            "roe": -6.24,
            "roe_4q": 1.7700000000000005,
            "gross_profit": 21536,
            "gross_margin": 6.87,
            "gross_margin_4q_avg": 21.04,
            "net_income": -58621,
            "net_income_4q": null,
            "revenue": 313363,
            "revenue_4q": null,
            "common_shares": 502425,
            "book_valuer_per_share": 17.3,
            "book_valuer_per_share_4q_avg": 19.45,
            "equity": 869209,
            "current_ratio": 166.32,
            "debt_ratio": 48.35,
            "inventory_turnover_ratio": 5.37,
            "account_receivable_turnover_ratio": 0.98,
            "reinvestment_rate": -15.94,
            "research_to_sale_ratio": null,
            "price_fair": 140.9,
            "eps_avg_yearly": 4.03,
            "eps_latest_yearly": 5.84,
            "eps_growth_yearly": 114.68
        },
        "20183": {
            "year_quarter": 20183,
            "year": 2018,
            "quarter": 3,
            "eps": 0.45,
            "eps_growth_year": -63.41,
            "eps_4q": -0.45,
            "eps_4q_growth_year": -113.13,
            "roe": 2.6,
            "roe_4q": -2.24,
            "gross_profit": 112849,
            "gross_margin": 26.54,
            "gross_margin_4q_avg": 19.88,
            "net_income": 22704,
            "net_income_4q": null,
            "revenue": 425168,
            "revenue_4q": null,
            "common_shares": 502425,
            "book_valuer_per_share": 17.43,
            "book_valuer_per_share_4q_avg": 18.97,
            "equity": 875966,
            "current_ratio": 167.89,
            "debt_ratio": 44.85,
            "inventory_turnover_ratio": 6.24,
            "account_receivable_turnover_ratio": 1.24,
            "reinvestment_rate": -21.04,
            "research_to_sale_ratio": null,
            "price_fair": 145.49,
            "eps_avg_yearly": 4.16,
            "eps_latest_yearly": 5.84,
            "eps_growth_yearly": 139.4
        },
        "20184": {
            "year_quarter": 20184,
            "year": 2018,
            "quarter": 4,
            "eps": 1.43,
            "eps_growth_year": -2.27,
            "eps_4q": -0.49,
            "eps_4q_growth_year": -114.39,
            "roe": 7.88,
            "roe_4q": -1.5999999999999996,
            "gross_profit": 169262,
            "gross_margin": 29.25,
            "gross_margin_4q_avg": 19.16,
            "net_income": 71787,
            "net_income_4q": null,
            "revenue": 578706,
            "revenue_4q": null,
            "common_shares": 502425,
            "book_valuer_per_share": 18.83,
            "book_valuer_per_share_4q_avg": 18.42,
            "equity": 946147,
            "current_ratio": 165.09,
            "debt_ratio": 43.26,
            "inventory_turnover_ratio": 7.16,
            "account_receivable_turnover_ratio": 1.75,
            "reinvestment_rate": -14.85,
            "research_to_sale_ratio": null,
            "price_fair": 152.49,
            "eps_avg_yearly": 4.36,
            "eps_latest_yearly": 5.72,
            "eps_growth_yearly": 195.8
        },
        "20191": {
            "year_quarter": 20191,
            "year": 2019,
            "quarter": 1,
            "eps": -1.19,
            "eps_growth_year": null,
            "eps_4q": -0.47,
            "eps_4q_growth_year": -124.81,
            "roe": -6.47,
            "roe_4q": -2.2300000000000004,
            "gross_profit": 27237,
            "gross_margin": 12.79,
            "gross_margin_4q_avg": 18.86,
            "net_income": -59702,
            "net_income_4q": null,
            "revenue": 212964,
            "revenue_4q": null,
            "common_shares": 502425,
            "book_valuer_per_share": 17.91,
            "book_valuer_per_share_4q_avg": 17.87,
            "equity": 900076,
            "current_ratio": 183.72,
            "debt_ratio": 38.94,
            "inventory_turnover_ratio": 3.23,
            "account_receivable_turnover_ratio": 0.82,
            "reinvestment_rate": -4.86,
            "research_to_sale_ratio": null,
            "price_fair": 158.78,
            "eps_avg_yearly": 4.54,
            "eps_latest_yearly": 5.72,
            "eps_growth_yearly": 221.94
        },
        "20192": {
            "year_quarter": 20192,
            "year": 2019,
            "quarter": 2,
            "eps": -0.55,
            "eps_growth_year": null,
            "eps_4q": 0.14,
            "eps_4q_growth_year": -56.74,
            "roe": -3.13,
            "roe_4q": 0.8800000000000003,
            "gross_profit": 55660,
            "gross_margin": 17.66,
            "gross_margin_4q_avg": 21.56,
            "net_income": -27697,
            "net_income_4q": null,
            "revenue": 315157,
            "revenue_4q": null,
            "common_shares": 502425,
            "book_valuer_per_share": 17.35,
            "book_valuer_per_share_4q_avg": 17.88,
            "equity": 871593,
            "current_ratio": 148.86,
            "debt_ratio": 46.37,
            "inventory_turnover_ratio": 4.23,
            "account_receivable_turnover_ratio": 1.59,
            "reinvestment_rate": 17.54,
            "research_to_sale_ratio": null,
            "price_fair": 169.65,
            "eps_avg_yearly": 4.85,
            "eps_latest_yearly": 5.72,
            "eps_growth_yearly": 259.97
        },
        "20193": {
            "year_quarter": 20193,
            "year": 2019,
            "quarter": 3,
            "eps": 1.17,
            "eps_growth_year": 160,
            "eps_4q": 0.86,
            "eps_4q_growth_year": null,
            "roe": 6.57,
            "roe_4q": 4.8500000000000005,
            "gross_profit": 172621,
            "gross_margin": 30.23,
            "gross_margin_4q_avg": 22.48,
            "net_income": 58596,
            "net_income_4q": null,
            "revenue": 571012,
            "revenue_4q": null,
            "common_shares": 502425,
            "book_valuer_per_share": 18.17,
            "book_valuer_per_share_4q_avg": 18.07,
            "equity": 912895,
            "current_ratio": 152.76,
            "debt_ratio": 49.31,
            "inventory_turnover_ratio": 5.59,
            "account_receivable_turnover_ratio": 2.27,
            "reinvestment_rate": 35.89,
            "research_to_sale_ratio": null,
            "price_fair": 174.3,
            "eps_avg_yearly": 4.98,
            "eps_latest_yearly": 5.72,
            "eps_growth_yearly": 200.25
        },
        "20194": {
            "year_quarter": 20194,
            "year": 2019,
            "quarter": 4,
            "eps": 1.17,
            "eps_growth_year": -18.42,
            "eps_4q": 0.59,
            "eps_4q_growth_year": null,
            "roe": 6.41,
            "roe_4q": 3.3800000000000017,
            "gross_profit": 165850,
            "gross_margin": 29.88,
            "gross_margin_4q_avg": 22.64,
            "net_income": 58564,
            "net_income_4q": null,
            "revenue": 555081,
            "revenue_4q": null,
            "common_shares": 502425,
            "book_valuer_per_share": 18.17,
            "book_valuer_per_share_4q_avg": 17.9,
            "equity": 912994,
            "current_ratio": 149.14,
            "debt_ratio": 50.54,
            "inventory_turnover_ratio": 4.81,
            "account_receivable_turnover_ratio": 2.26,
            "reinvestment_rate": 73.58,
            "research_to_sale_ratio": null,
            "price_fair": 168.98,
            "eps_avg_yearly": 4.83,
            "eps_latest_yearly": 4.68,
            "eps_growth_yearly": 169.8
        },
        "20201": {
            "year_quarter": 20201,
            "year": 2020,
            "quarter": 1,
            "eps": -1.51,
            "eps_growth_year": null,
            "eps_4q": 0.27,
            "eps_4q_growth_year": null,
            "roe": -8.83,
            "roe_4q": 1.0200000000000005,
            "gross_profit": 8071,
            "gross_margin": 4.2,
            "gross_margin_4q_avg": 20.49,
            "net_income": -75695,
            "net_income_4q": null,
            "revenue": 192230,
            "revenue_4q": null,
            "common_shares": 502425,
            "book_valuer_per_share": 15.97,
            "book_valuer_per_share_4q_avg": 17.42,
            "equity": 802153,
            "current_ratio": 136.87,
            "debt_ratio": 55.87,
            "inventory_turnover_ratio": 2.16,
            "account_receivable_turnover_ratio": 1.02,
            "reinvestment_rate": 84.53,
            "research_to_sale_ratio": null,
            "price_fair": 170.64,
            "eps_avg_yearly": 4.88,
            "eps_latest_yearly": 4.68,
            "eps_growth_yearly": 201.57
        },
        "20202": {
            "year_quarter": 20202,
            "year": 2020,
            "quarter": 2,
            "eps": -0.46,
            "eps_growth_year": null,
            "eps_4q": 0.37,
            "eps_4q_growth_year": 160.25,
            "roe": -2.92,
            "roe_4q": 1.2300000000000004,
            "gross_profit": 9481,
            "gross_margin": 6.08,
            "gross_margin_4q_avg": 17.6,
            "net_income": -23008,
            "net_income_4q": null,
            "revenue": 155895,
            "revenue_4q": null,
            "common_shares": 502425,
            "book_valuer_per_share": 15.4,
            "book_valuer_per_share_4q_avg": 16.93,
            "equity": 773520,
            "current_ratio": 161.23,
            "debt_ratio": 58.06,
            "inventory_turnover_ratio": 1.55,
            "account_receivable_turnover_ratio": 1.03,
            "reinvestment_rate": 147.05,
            "research_to_sale_ratio": null,
            "price_fair": 158.38,
            "eps_avg_yearly": 4.53,
            "eps_latest_yearly": 4.68,
            "eps_growth_yearly": 189.49
        },
        "20203": {
            "year_quarter": 20203,
            "year": 2020,
            "quarter": 3,
            "eps": 0.07,
            "eps_growth_year": -94.02,
            "eps_4q": -0.73,
            "eps_4q_growth_year": -185.69,
            "roe": 0.42,
            "roe_4q": -4.92,
            "gross_profit": 44642,
            "gross_margin": 22.52,
            "gross_margin_4q_avg": 15.67,
            "net_income": 3306,
            "net_income_4q": null,
            "revenue": 198228,
            "revenue_4q": null,
            "common_shares": 502425,
            "book_valuer_per_share": 15.6,
            "book_valuer_per_share_4q_avg": 16.29,
            "equity": 783546,
            "current_ratio": 157.58,
            "debt_ratio": 57.62,
            "inventory_turnover_ratio": 1.51,
            "account_receivable_turnover_ratio": 1.13,
            "reinvestment_rate": 246.07,
            "research_to_sale_ratio": null,
            "price_fair": 152.2,
            "eps_avg_yearly": 4.35,
            "eps_latest_yearly": 4.68,
            "eps_growth_yearly": 230.85
        },
        "20204": {
            "year_quarter": 20204,
            "year": 2020,
            "quarter": 4,
            "eps": -0.62,
            "eps_growth_year": -153,
            "eps_4q": -2.52,
            "eps_4q_growth_year": -524.83,
            "roe": -4.03,
            "roe_4q": -15.36,
            "gross_profit": 4996,
            "gross_margin": 2.16,
            "gross_margin_4q_avg": 8.74,
            "net_income": -31037,
            "net_income_4q": null,
            "revenue": 231183,
            "revenue_4q": null,
            "common_shares": 502425,
            "book_valuer_per_share": 15.04,
            "book_valuer_per_share_4q_avg": 15.5,
            "equity": 755709,
            "current_ratio": 144.79,
            "debt_ratio": 59.71,
            "inventory_turnover_ratio": 2.51,
            "account_receivable_turnover_ratio": 1.17,
            "reinvestment_rate": 952.8,
            "research_to_sale_ratio": null,
            "price_fair": 140,
            "eps_avg_yearly": 4,
            "eps_latest_yearly": 4.68,
            "eps_growth_yearly": 261.45
        },
        "20211": {
            "year_quarter": 20211,
            "year": 2021,
            "quarter": 1,
            "eps": -0.38,
            "eps_growth_year": null,
            "eps_4q": -1.39,
            "eps_4q_growth_year": -607.59,
            "roe": -2.6,
            "roe_4q": -9.13,
            "gross_profit": 50431,
            "gross_margin": 18.95,
            "gross_margin_4q_avg": 12.43,
            "net_income": -19146,
            "net_income_4q": null,
            "revenue": 266172,
            "revenue_4q": null,
            "common_shares": 502425,
            "book_valuer_per_share": 14.33,
            "book_valuer_per_share_4q_avg": 15.09,
            "equity": 719876,
            "current_ratio": 136.66,
            "debt_ratio": 62.09,
            "inventory_turnover_ratio": 2.71,
            "account_receivable_turnover_ratio": 1.32,
            "reinvestment_rate": 3059.95,
            "research_to_sale_ratio": null,
            "price_fair": 159.88,
            "eps_avg_yearly": 4.57,
            "eps_latest_yearly": 4.68,
            "eps_growth_yearly": 379.33
        },
        "20212": {
            "year_quarter": 20212,
            "year": 2021,
            "quarter": 2,
            "eps": -0.13,
            "eps_growth_year": null,
            "eps_4q": -1.06,
            "eps_4q_growth_year": -388.75,
            "roe": -0.91,
            "roe_4q": -7.120000000000001,
            "gross_profit": 72480,
            "gross_margin": 21.86,
            "gross_margin_4q_avg": 16.37,
            "net_income": -6418,
            "net_income_4q": null,
            "revenue": 331573,
            "revenue_4q": null,
            "common_shares": 502425,
            "book_valuer_per_share": 13.87,
            "book_valuer_per_share_4q_avg": 14.71,
            "equity": 696940,
            "current_ratio": 142.87,
            "debt_ratio": 61.48,
            "inventory_turnover_ratio": 3.36,
            "account_receivable_turnover_ratio": 2.24,
            "reinvestment_rate": null,
            "research_to_sale_ratio": null,
            "price_fair": 185.15,
            "eps_avg_yearly": 5.29,
            "eps_latest_yearly": 4.68,
            "eps_growth_yearly": 429.33
        },
        "20213": {
            "year_quarter": 20213,
            "year": 2021,
            "quarter": 3,
            "eps": -0.12,
            "eps_growth_year": -271.43,
            "eps_4q": -1.25,
            "eps_4q_growth_year": null,
            "roe": -0.87,
            "roe_4q": -8.41,
            "gross_profit": 72382,
            "gross_margin": 21.04,
            "gross_margin_4q_avg": 16,
            "net_income": -5978,
            "net_income_4q": null,
            "revenue": 343976,
            "revenue_4q": null,
            "common_shares": 502425,
            "book_valuer_per_share": 13.6,
            "book_valuer_per_share_4q_avg": 14.21,
            "equity": 683482,
            "current_ratio": 141.75,
            "debt_ratio": 62.13,
            "inventory_turnover_ratio": 3.39,
            "account_receivable_turnover_ratio": 2.22,
            "reinvestment_rate": null,
            "research_to_sale_ratio": null,
            "price_fair": 189.47,
            "eps_avg_yearly": 5.41,
            "eps_latest_yearly": 4.68,
            "eps_growth_yearly": 315.3
        },
        "20214": {
            "year_quarter": 20214,
            "year": 2021,
            "quarter": 4,
            "eps": 0.74,
            "eps_growth_year": null,
            "eps_4q": 0.12,
            "eps_4q_growth_year": null,
            "roe": 5.34,
            "roe_4q": 0.9599999999999995,
            "gross_profit": 111233,
            "gross_margin": 23.25,
            "gross_margin_4q_avg": 21.28,
            "net_income": 37361,
            "net_income_4q": null,
            "revenue": 478449,
            "revenue_4q": null,
            "common_shares": 502425,
            "book_valuer_per_share": 14.25,
            "book_valuer_per_share_4q_avg": 14.01,
            "equity": 716105,
            "current_ratio": 142.45,
            "debt_ratio": 61.21,
            "inventory_turnover_ratio": 4.75,
            "account_receivable_turnover_ratio": 2.07,
            "reinvestment_rate": null,
            "research_to_sale_ratio": null,
            "price_fair": 182,
            "eps_avg_yearly": 5.2,
            "eps_latest_yearly": 4.68,
            "eps_growth_yearly": 435.56
        },
        "20221": {
            "year_quarter": 20221,
            "year": 2022,
            "quarter": 1,
            "eps": -0.55,
            "eps_growth_year": null,
            "eps_4q": -0.05,
            "eps_4q_growth_year": null,
            "roe": -3.89,
            "roe_4q": -0.3300000000000003,
            "gross_profit": 58898,
            "gross_margin": 18.84,
            "gross_margin_4q_avg": 21.25,
            "net_income": -27591,
            "net_income_4q": null,
            "revenue": 312691,
            "revenue_4q": null,
            "common_shares": 502425,
            "book_valuer_per_share": 13.98,
            "book_valuer_per_share_4q_avg": 13.93,
            "equity": 702462,
            "current_ratio": 137.75,
            "debt_ratio": 60.92,
            "inventory_turnover_ratio": 3.34,
            "account_receivable_turnover_ratio": 1.49,
            "reinvestment_rate": null,
            "research_to_sale_ratio": null,
            "price_fair": 182,
            "eps_avg_yearly": 5.2,
            "eps_latest_yearly": 4.68,
            "eps_growth_yearly": 435.56
        },
        "20222": {
            "year_quarter": 20222,
            "year": 2022,
            "quarter": 2,
            "eps": -0.98,
            "eps_growth_year": null,
            "eps_4q": -0.9,
            "eps_4q_growth_year": null,
            "roe": -7.28,
            "roe_4q": -6.7,
            "gross_profit": 31563,
            "gross_margin": 11.62,
            "gross_margin_4q_avg": 18.69,
            "net_income": -49102,
            "net_income_4q": null,
            "revenue": 271598,
            "revenue_4q": null,
            "common_shares": 502425,
            "book_valuer_per_share": 12.85,
            "book_valuer_per_share_4q_avg": 13.67,
            "equity": 645614,
            "current_ratio": 123.26,
            "debt_ratio": 64.36,
            "inventory_turnover_ratio": 3.06,
            "account_receivable_turnover_ratio": 1.25,
            "reinvestment_rate": null,
            "research_to_sale_ratio": null,
            "price_fair": 182,
            "eps_avg_yearly": 5.2,
            "eps_latest_yearly": 4.68,
            "eps_growth_yearly": 435.56
        },
        "20223": {
            "year_quarter": 20223,
            "year": 2022,
            "quarter": 3,
            "eps": 1.07,
            "eps_growth_year": null,
            "eps_4q": 0.29,
            "eps_4q_growth_year": null,
            "roe": 7.95,
            "roe_4q": 2.1199999999999997,
            "gross_profit": 160319,
            "gross_margin": 30.18,
            "gross_margin_4q_avg": 20.97,
            "net_income": 53938,
            "net_income_4q": null,
            "revenue": 531202,
            "revenue_4q": null,
            "common_shares": 502425,
            "book_valuer_per_share": 14.15,
            "book_valuer_per_share_4q_avg": 13.81,
            "equity": 711011,
            "current_ratio": 124.89,
            "debt_ratio": 65.58,
            "inventory_turnover_ratio": 4.54,
            "account_receivable_turnover_ratio": 2.05,
            "reinvestment_rate": null,
            "research_to_sale_ratio": null,
            "price_fair": 182,
            "eps_avg_yearly": 5.2,
            "eps_latest_yearly": 4.68,
            "eps_growth_yearly": 435.56
        },
        "20224": {
            "year_quarter": 20224,
            "year": 2022,
            "quarter": 4,
            "eps": 1.1,
            "eps_growth_year": 47.42,
            "eps_4q": 0.64,
            "eps_4q_growth_year": 455.46,
            "roe": 7.39,
            "roe_4q": 4.169999999999998,
            "gross_profit": 193491,
            "gross_margin": 33.15,
            "gross_margin_4q_avg": 23.45,
            "net_income": 55077,
            "net_income_4q": null,
            "revenue": 583633,
            "revenue_4q": null,
            "common_shares": 502425,
            "book_valuer_per_share": 15.52,
            "book_valuer_per_share_4q_avg": 14.13,
            "equity": 779768,
            "current_ratio": 130.58,
            "debt_ratio": 64.73,
            "inventory_turnover_ratio": 4.31,
            "account_receivable_turnover_ratio": 2.1,
            "reinvestment_rate": null,
            "research_to_sale_ratio": null,
            "price_fair": 70.86,
            "eps_avg_yearly": 4.54,
            "eps_latest_yearly": 4.4,
            "eps_growth_yearly": 5.61
        },
        "20231": {
            "year_quarter": 20231,
            "year": 2023,
            "quarter": 1,
            "eps": 1.12,
            "eps_growth_year": null,
            "eps_4q": 2.32,
            "eps_4q_growth_year": null,
            "roe": 7.04,
            "roe_4q": 15.099999999999998,
            "gross_profit": 179262,
            "gross_margin": 34.41,
            "gross_margin_4q_avg": 27.34,
            "net_income": 56487,
            "net_income_4q": null,
            "revenue": 520955,
            "revenue_4q": null,
            "common_shares": 502425,
            "book_valuer_per_share": 16.41,
            "book_valuer_per_share_4q_avg": 14.73,
            "equity": 824306,
            "current_ratio": 138.59,
            "debt_ratio": 61.82,
            "inventory_turnover_ratio": 3.7,
            "account_receivable_turnover_ratio": 1.27,
            "reinvestment_rate": 661.41,
            "research_to_sale_ratio": null,
            "price_fair": 73.05,
            "eps_avg_yearly": 4.52,
            "eps_latest_yearly": 4.48,
            "eps_growth_yearly": 6.16
        },
        "20232": {
            "year_quarter": 20232,
            "year": 2023,
            "quarter": 2,
            "eps": 0.78,
            "eps_growth_year": null,
            "eps_4q": 4.07,
            "eps_4q_growth_year": null,
            "roe": 4.72,
            "roe_4q": 27.099999999999998,
            "gross_profit": 159664,
            "gross_margin": 26.46,
            "gross_margin_4q_avg": 31.05,
            "net_income": 39183,
            "net_income_4q": null,
            "revenue": 603352,
            "revenue_4q": null,
            "common_shares": 502425,
            "book_valuer_per_share": 16.66,
            "book_valuer_per_share_4q_avg": 15.69,
            "equity": 836904,
            "current_ratio": 137.56,
            "debt_ratio": 62.51,
            "inventory_turnover_ratio": 4.41,
            "account_receivable_turnover_ratio": 1.24,
            "reinvestment_rate": 234.23,
            "research_to_sale_ratio": null,
            "price_fair": 12.51,
            "eps_avg_yearly": 4.17,
            "eps_latest_yearly": 3.12,
            "eps_growth_yearly": -25.74
        },
        "20233": {
            "year_quarter": 20233,
            "year": 2023,
            "quarter": 3,
            "eps": 1.75,
            "eps_growth_year": 63.55,
            "eps_4q": 4.75,
            "eps_4q_growth_year": 1534.01,
            "roe": 9.86,
            "roe_4q": 29.009999999999998,
            "gross_profit": 230214,
            "gross_margin": 29.48,
            "gross_margin_4q_avg": 30.88,
            "net_income": 87916,
            "net_income_4q": null,
            "revenue": 780787,
            "revenue_4q": null,
            "common_shares": 502425,
            "book_valuer_per_share": 18.84,
            "book_valuer_per_share_4q_avg": 16.86,
            "equity": 946480,
            "current_ratio": 138.57,
            "debt_ratio": 62,
            "inventory_turnover_ratio": 4.38,
            "account_receivable_turnover_ratio": 1.64,
            "reinvestment_rate": 154.85,
            "research_to_sale_ratio": null,
            "price_fair": 165.76,
            "eps_avg_yearly": 4.74,
            "eps_latest_yearly": 7,
            "eps_growth_yearly": 78.9
        },
        "20234": {
            "year_quarter": 20234,
            "year": 2023,
            "quarter": 4,
            "eps": 2.89,
            "eps_growth_year": 164.07,
            "eps_4q": 6.55,
            "eps_4q_growth_year": 917.98,
            "roe": 14.39,
            "roe_4q": 36.01,
            "gross_profit": 350045,
            "gross_margin": 36.65,
            "gross_margin_4q_avg": 31.75,
            "net_income": 145444,
            "net_income_4q": null,
            "revenue": 955160,
            "revenue_4q": null,
            "common_shares": 502425,
            "book_valuer_per_share": 21.41,
            "book_valuer_per_share_4q_avg": 18.33,
            "equity": 1075480,
            "current_ratio": 170.58,
            "debt_ratio": 53.42,
            "inventory_turnover_ratio": 4.51,
            "account_receivable_turnover_ratio": 1.99,
            "reinvestment_rate": 23.6,
            "research_to_sale_ratio": null,
            "price_fair": 213.92,
            "eps_avg_yearly": 6.11,
            "eps_latest_yearly": 11.56,
            "eps_growth_yearly": 131.01
        }
    },
    "months": {
        "2011-07": {
            "month": "2011-07",
            "price": "68.77",
            "revenue": 106972
        },
        "2011-08": {
            "month": "2011-08",
            "price": "64.15",
            "revenue": 150536
        },
        "2011-09": {
            "month": "2011-09",
            "price": "62.55",
            "revenue": 186688
        },
        "2011-10": {
            "month": "2011-10",
            "price": "66.10",
            "revenue": 136706
        },
        "2011-11": {
            "month": "2011-11",
            "price": "68.55",
            "revenue": 172902
        },
        "2011-12": {
            "month": "2011-12",
            "price": "40.62",
            "revenue": 197615
        },
        "2012-01": {
            "month": "2012-01",
            "price": "39.91",
            "revenue": 112322
        },
        "2012-02": {
            "month": "2012-02",
            "price": "47.68",
            "revenue": 89378
        },
        "2012-03": {
            "month": "2012-03",
            "price": "50.39",
            "revenue": 135353
        },
        "2012-04": {
            "month": "2012-04",
            "price": "48.64",
            "revenue": 97307
        },
        "2012-05": {
            "month": "2012-05",
            "price": "47.75",
            "revenue": 111572
        },
        "2012-06": {
            "month": "2012-06",
            "price": "47.71",
            "revenue": 95255
        },
        "2012-07": {
            "month": "2012-07",
            "price": "43.69",
            "revenue": 155283
        },
        "2012-08": {
            "month": "2012-08",
            "price": "43.34",
            "revenue": 129167
        },
        "2012-09": {
            "month": "2012-09",
            "price": "43.10",
            "revenue": 206204
        },
        "2012-10": {
            "month": "2012-10",
            "price": "42.18",
            "revenue": 172421
        },
        "2012-11": {
            "month": "2012-11",
            "price": "40.40",
            "revenue": 192804
        },
        "2012-12": {
            "month": "2012-12",
            "price": "41.42",
            "revenue": 160002
        },
        "2013-01": {
            "month": "2013-01",
            "price": "42.29",
            "revenue": 115515
        },
        "2013-02": {
            "month": "2013-02",
            "price": "42.19",
            "revenue": 104936
        },
        "2013-03": {
            "month": "2013-03",
            "price": "43.26",
            "revenue": 143615
        },
        "2013-04": {
            "month": "2013-04",
            "price": "43.45",
            "revenue": 136750
        },
        "2013-05": {
            "month": "2013-05",
            "price": "44.46",
            "revenue": 149998
        },
        "2013-06": {
            "month": "2013-06",
            "price": "43.87",
            "revenue": 157809
        },
        "2013-07": {
            "month": "2013-07",
            "price": "44.00",
            "revenue": 139531
        },
        "2013-08": {
            "month": "2013-08",
            "price": "46.79",
            "revenue": 147922
        },
        "2013-09": {
            "month": "2013-09",
            "price": "45.87",
            "revenue": 188947
        },
        "2013-10": {
            "month": "2013-10",
            "price": "48.03",
            "revenue": 191303
        },
        "2013-11": {
            "month": "2013-11",
            "price": "53.03",
            "revenue": 191152
        },
        "2013-12": {
            "month": "2013-12",
            "price": "72.67",
            "revenue": 250651
        },
        "2014-01": {
            "month": "2014-01",
            "price": "66.88",
            "revenue": 173509
        },
        "2014-02": {
            "month": "2014-02",
            "price": "65.91",
            "revenue": 183322
        },
        "2014-03": {
            "month": "2014-03",
            "price": "78.14",
            "revenue": 217944
        },
        "2014-04": {
            "month": "2014-04",
            "price": "85.48",
            "revenue": 177654
        },
        "2014-05": {
            "month": "2014-05",
            "price": "84.44",
            "revenue": 157122
        },
        "2014-06": {
            "month": "2014-06",
            "price": "78.54",
            "revenue": 246845
        },
        "2014-07": {
            "month": "2014-07",
            "price": "76.48",
            "revenue": 150323
        },
        "2014-08": {
            "month": "2014-08",
            "price": "77.76",
            "revenue": 158246
        },
        "2014-09": {
            "month": "2014-09",
            "price": "76.22",
            "revenue": 134744
        },
        "2014-10": {
            "month": "2014-10",
            "price": "62.03",
            "revenue": 138217
        },
        "2014-11": {
            "month": "2014-11",
            "price": "53.05",
            "revenue": 145280
        },
        "2014-12": {
            "month": "2014-12",
            "price": "54.54",
            "revenue": 166760
        },
        "2015-01": {
            "month": "2015-01",
            "price": "55.44",
            "revenue": 148287
        },
        "2015-02": {
            "month": "2015-02",
            "price": "53.11",
            "revenue": 162134
        },
        "2015-03": {
            "month": "2015-03",
            "price": "53.88",
            "revenue": 139257
        },
        "2015-04": {
            "month": "2015-04",
            "price": "53.52",
            "revenue": 137583
        },
        "2015-05": {
            "month": "2015-05",
            "price": "45.74",
            "revenue": 135527
        },
        "2015-06": {
            "month": "2015-06",
            "price": "39.00",
            "revenue": 135866
        },
        "2015-07": {
            "month": "2015-07",
            "price": "32.00",
            "revenue": 109823
        },
        "2015-08": {
            "month": "2015-08",
            "price": "24.50",
            "revenue": 154072
        },
        "2015-09": {
            "month": "2015-09",
            "price": "23.89",
            "revenue": 156758
        },
        "2015-10": {
            "month": "2015-10",
            "price": "27.37",
            "revenue": 138592
        },
        "2015-11": {
            "month": "2015-11",
            "price": "27.38",
            "revenue": 154377
        },
        "2015-12": {
            "month": "2015-12",
            "price": "25.62",
            "revenue": 172283
        },
        "2016-01": {
            "month": "2016-01",
            "price": "28.91",
            "revenue": 151804
        },
        "2016-02": {
            "month": "2016-02",
            "price": "43.21",
            "revenue": 166663
        },
        "2016-03": {
            "month": "2016-03",
            "price": "45.57",
            "revenue": 192430
        },
        "2016-04": {
            "month": "2016-04",
            "price": "52.76",
            "revenue": 198002
        },
        "2016-05": {
            "month": "2016-05",
            "price": "46.52",
            "revenue": 196003
        },
        "2016-06": {
            "month": "2016-06",
            "price": "46.09",
            "revenue": 191891
        },
        "2016-07": {
            "month": "2016-07",
            "price": "43.97",
            "revenue": 158333
        },
        "2016-08": {
            "month": "2016-08",
            "price": "49.96",
            "revenue": 161003
        },
        "2016-09": {
            "month": "2016-09",
            "price": "54.62",
            "revenue": 164304
        },
        "2016-10": {
            "month": "2016-10",
            "price": "50.04",
            "revenue": 160664
        },
        "2016-11": {
            "month": "2016-11",
            "price": "49.32",
            "revenue": 173082
        },
        "2016-12": {
            "month": "2016-12",
            "price": "52.20",
            "revenue": 148761
        },
        "2017-01": {
            "month": "2017-01",
            "price": "52.45",
            "revenue": 128528
        },
        "2017-02": {
            "month": "2017-02",
            "price": "50.78",
            "revenue": 98159
        },
        "2017-03": {
            "month": "2017-03",
            "price": "50.76",
            "revenue": 78938
        },
        "2017-04": {
            "month": "2017-04",
            "price": "48.52",
            "revenue": 95502
        },
        "2017-05": {
            "month": "2017-05",
            "price": "44.87",
            "revenue": 112601
        },
        "2017-06": {
            "month": "2017-06",
            "price": "45.04",
            "revenue": 135652
        },
        "2017-07": {
            "month": "2017-07",
            "price": "40.83",
            "revenue": 147585
        },
        "2017-08": {
            "month": "2017-08",
            "price": "41.18",
            "revenue": 182089
        },
        "2017-09": {
            "month": "2017-09",
            "price": "40.89",
            "revenue": 183374
        },
        "2017-10": {
            "month": "2017-10",
            "price": "40.54",
            "revenue": 210467
        },
        "2017-11": {
            "month": "2017-11",
            "price": "40.77",
            "revenue": 202381
        },
        "2017-12": {
            "month": "2017-12",
            "price": "40.95",
            "revenue": 195268
        },
        "2018-01": {
            "month": "2018-01",
            "price": "40.94",
            "revenue": 77932
        },
        "2018-02": {
            "month": "2018-02",
            "price": "35.83",
            "revenue": 47352
        },
        "2018-03": {
            "month": "2018-03",
            "price": "33.98",
            "revenue": 63205
        },
        "2018-04": {
            "month": "2018-04",
            "price": "29.98",
            "revenue": 82257
        },
        "2018-05": {
            "month": "2018-05",
            "price": "27.96",
            "revenue": 90524
        },
        "2018-06": {
            "month": "2018-06",
            "price": "28.86",
            "revenue": 140600
        },
        "2018-07": {
            "month": "2018-07",
            "price": "28.02",
            "revenue": 124064
        },
        "2018-08": {
            "month": "2018-08",
            "price": "25.93",
            "revenue": 137276
        },
        "2018-09": {
            "month": "2018-09",
            "price": "23.09",
            "revenue": 163843
        },
        "2018-10": {
            "month": "2018-10",
            "price": "21.18",
            "revenue": 188820
        },
        "2018-11": {
            "month": "2018-11",
            "price": "21.53",
            "revenue": 217929
        },
        "2018-12": {
            "month": "2018-12",
            "price": "22.91",
            "revenue": 175308
        },
        "2019-01": {
            "month": "2019-01",
            "price": "22.74",
            "revenue": 70372
        },
        "2019-02": {
            "month": "2019-02",
            "price": "22.55",
            "revenue": 52771
        },
        "2019-03": {
            "month": "2019-03",
            "price": "22.02",
            "revenue": 90076
        },
        "2019-04": {
            "month": "2019-04",
            "price": "24.38",
            "revenue": 85811
        },
        "2019-05": {
            "month": "2019-05",
            "price": "21.76",
            "revenue": 90214
        },
        "2019-06": {
            "month": "2019-06",
            "price": "20.68",
            "revenue": 139850
        },
        "2019-07": {
            "month": "2019-07",
            "price": "20.80",
            "revenue": 175605
        },
        "2019-08": {
            "month": "2019-08",
            "price": "20.57",
            "revenue": 185638
        },
        "2019-09": {
            "month": "2019-09",
            "price": "21.72",
            "revenue": 210807
        },
        "2019-10": {
            "month": "2019-10",
            "price": "22.94",
            "revenue": 184299
        },
        "2019-11": {
            "month": "2019-11",
            "price": "22.81",
            "revenue": 199141
        },
        "2019-12": {
            "month": "2019-12",
            "price": "22.90",
            "revenue": 172118
        },
        "2020-01": {
            "month": "2020-01",
            "price": "22.63",
            "revenue": 59013
        },
        "2020-02": {
            "month": "2020-02",
            "price": "20.37",
            "revenue": 61631
        },
        "2020-03": {
            "month": "2020-03",
            "price": "15.09",
            "revenue": 72099
        },
        "2020-04": {
            "month": "2020-04",
            "price": "13.21",
            "revenue": 36585
        },
        "2020-05": {
            "month": "2020-05",
            "price": "13.33",
            "revenue": 39342
        },
        "2020-06": {
            "month": "2020-06",
            "price": "14.17",
            "revenue": 78205
        },
        "2020-07": {
            "month": "2020-07",
            "price": "14.46",
            "revenue": 54527
        },
        "2020-08": {
            "month": "2020-08",
            "price": "13.68",
            "revenue": 56369
        },
        "2020-09": {
            "month": "2020-09",
            "price": "13.38",
            "revenue": 88053
        },
        "2020-10": {
            "month": "2020-10",
            "price": "13.00",
            "revenue": 78655
        },
        "2020-11": {
            "month": "2020-11",
            "price": "13.18",
            "revenue": 93700
        },
        "2020-12": {
            "month": "2020-12",
            "price": "13.97",
            "revenue": 58934
        },
        "2021-01": {
            "month": "2021-01",
            "price": "12.42",
            "revenue": 93479
        },
        "2021-02": {
            "month": "2021-02",
            "price": "13.49",
            "revenue": 49710
        },
        "2021-03": {
            "month": "2021-03",
            "price": "15.72",
            "revenue": 123144
        },
        "2021-04": {
            "month": "2021-04",
            "price": "17.07",
            "revenue": 115819
        },
        "2021-05": {
            "month": "2021-05",
            "price": "17.90",
            "revenue": 127800
        },
        "2021-06": {
            "month": "2021-06",
            "price": "17.78",
            "revenue": 88624
        },
        "2021-07": {
            "month": "2021-07",
            "price": "17.59",
            "revenue": 111276
        },
        "2021-08": {
            "month": "2021-08",
            "price": "15.26",
            "revenue": 78921
        },
        "2021-09": {
            "month": "2021-09",
            "price": "15.81",
            "revenue": 155439
        },
        "2021-10": {
            "month": "2021-10",
            "price": "16.58",
            "revenue": 201715
        },
        "2021-11": {
            "month": "2021-11",
            "price": "16.88",
            "revenue": 133847
        },
        "2021-12": {
            "month": "2021-12",
            "price": "16.66",
            "revenue": 142238
        },
        "2022-01": {
            "month": "2022-01",
            "price": "15.83",
            "revenue": 114431
        },
        "2022-02": {
            "month": "2022-02",
            "price": "16.41",
            "revenue": 90262
        },
        "2022-03": {
            "month": "2022-03",
            "price": "16.18",
            "revenue": 107970
        },
        "2022-04": {
            "month": "2022-04",
            "price": "16.09",
            "revenue": 74970
        },
        "2022-05": {
            "month": "2022-05",
            "price": "14.94",
            "revenue": 81163
        },
        "2022-06": {
            "month": "2022-06",
            "price": "14.29",
            "revenue": 115802
        },
        "2022-07": {
            "month": "2022-07",
            "price": "13.65",
            "revenue": 150732
        },
        "2022-08": {
            "month": "2022-08",
            "price": "13.92",
            "revenue": 167713
        },
        "2022-09": {
            "month": "2022-09",
            "price": "20.55",
            "revenue": 212581
        },
        "2022-10": {
            "month": "2022-10",
            "price": "26.81",
            "revenue": 191776
        },
        "2022-11": {
            "month": "2022-11",
            "price": "27.97",
            "revenue": 200410
        },
        "2022-12": {
            "month": "2022-12",
            "price": "27.99",
            "revenue": 191435
        },
        "2023-01": {
            "month": "2023-01",
            "price": "28.09",
            "revenue": 155730
        },
        "2023-02": {
            "month": "2023-02",
            "price": "35.46",
            "revenue": 158879
        },
        "2023-03": {
            "month": "2023-03",
            "price": "38.62",
            "revenue": 206189
        },
        "2023-04": {
            "month": "2023-04",
            "price": "44.82",
            "revenue": 169902
        },
        "2023-05": {
            "month": "2023-05",
            "price": "58.98",
            "revenue": 202833
        },
        "2023-06": {
            "month": "2023-06",
            "price": "66.05",
            "revenue": 230498
        },
        "2023-07": {
            "month": "2023-07",
            "price": "62.19",
            "revenue": 251772
        },
        "2023-08": {
            "month": "2023-08",
            "price": "55.47",
            "revenue": 240809
        },
        "2023-09": {
            "month": "2023-09",
            "price": "53.87",
            "revenue": 288214
        },
        "2023-10": {
            "month": "2023-10",
            "price": "54.95",
            "revenue": 287142
        },
        "2023-11": {
            "month": "2023-11",
            "price": "61.42",
            "revenue": 397450
        },
        "2023-12": {
            "month": "2023-12",
            "price": "77.43",
            "revenue": 270736
        }
    }
}
