{
    "summary": {
        "stock_name": "基勝-KY",
        "stock_id": "8427",
        "category": "其他",
        "main_business": "戶外休閒金屬傢俱相關製品設計、生產及銷售",
        "website_url": "http://www.keysheen.com",
        "ceo": "劉怡孝",
        "pe_ratio": -89,
        "report_year_from": 2009,
        "report_year_to": 2021,
        "age": 14,
        "eps_negative_percentage": 36,
        "eps_growth_avg": {
            "last_all": -54.58,
            "last_2y": -100,
            "last_4y": -98.24,
            "last_8y": -59.68,
            "last_12y": null,
            "last_16y": null,
            "last_20y": null,
            "at_2006_last_3y": null,
            "at_2007_last_3y": null,
            "at_2008_last_3y": null,
            "at_2009_last_3y": null,
            "at_2010_last_3y": null,
            "at_2011_last_3y": null,
            "at_2012_last_3y": null,
            "at_2013_last_3y": null,
            "at_2014_last_3y": null,
            "at_2015_last_3y": -59.47,
            "at_2016_last_3y": -21.12,
            "at_2017_last_3y": -34.54,
            "at_2018_last_3y": -34.54,
            "at_2019_last_3y": -34.54,
            "at_2020_last_3y": -98.24,
            "at_2021_last_3y": -100,
            "at_2022_last_3y": -100,
            "at_2023_last_3y": -100,
            "at_2006_last_all": null,
            "at_2007_last_all": null,
            "at_2008_last_all": null,
            "at_2009_last_all": null,
            "at_2010_last_all": null,
            "at_2011_last_all": null,
            "at_2012_last_all": null,
            "at_2013_last_all": -39.21,
            "at_2014_last_all": -59.47,
            "at_2015_last_all": -59.47,
            "at_2016_last_all": -21.83,
            "at_2017_last_all": -36.41,
            "at_2018_last_all": -47.01,
            "at_2019_last_all": -47.01,
            "at_2020_last_all": -54.58,
            "at_2021_last_all": -54.58,
            "at_2022_last_all": -54.58,
            "at_2023_last_all": -54.58
        },
        "latest_eps": -0.84,
        "latest_price": 74.9,
        "latest_roe": -2.43,
        "latest_gross_margin": -602.4,
        "latest_equity": 3534279,
        "latest_revenue": 18506,
        "latest_gross_profit": -111480,
        "latest_net_income": -197341,
        "latest_debt_ratio": 38.13,
        "latest_current_ratio": 239.1,
        "latest_account_receivable_turnover_ratio": 0.08,
        "latest_inventory_turnover_ratio": 0.49,
        "latest_reinvestment_rate": null,
        "latest_research_to_sale_ratio": 3.5
    },
    "eps_dividends": {
        "2001": {
            "cash": 0,
            "stock": 0,
            "eps": 0
        },
        "2002": {
            "cash": 0,
            "stock": 0,
            "eps": 0
        },
        "2003": {
            "cash": 0,
            "stock": 0,
            "eps": 0
        },
        "2004": {
            "cash": 0,
            "stock": 0,
            "eps": 0
        },
        "2005": {
            "cash": 0,
            "stock": 0,
            "eps": 0
        },
        "2006": {
            "cash": 0,
            "stock": 0,
            "eps": 0
        },
        "2007": {
            "cash": 0,
            "stock": 0,
            "eps": 0
        },
        "2008": {
            "cash": 0,
            "stock": 0,
            "eps": 0
        },
        "2009": {
            "cash": 0,
            "stock": 0,
            "eps": 0
        },
        "2010": {
            "cash": 0,
            "stock": 0,
            "eps": 0
        },
        "2011": {
            "cash": 9,
            "stock": 2,
            "eps": 6.18
        },
        "2012": {
            "cash": 0,
            "stock": 0,
            "eps": 4.7
        },
        "2013": {
            "cash": 3.5,
            "stock": 0,
            "eps": 2.14
        },
        "2014": {
            "cash": 1.9,
            "stock": 0,
            "eps": -0.15
        },
        "2015": {
            "cash": 1.5,
            "stock": 0,
            "eps": 4.27
        },
        "2016": {
            "cash": 3.6,
            "stock": 0,
            "eps": 8.16
        },
        "2017": {
            "cash": 4,
            "stock": 0,
            "eps": 0.43
        },
        "2018": {
            "cash": 0.35,
            "stock": 0,
            "eps": -0.48
        },
        "2019": {
            "cash": 0,
            "stock": 0,
            "eps": 0.45
        },
        "2020": {
            "cash": 0.37,
            "stock": 0,
            "eps": -1.15
        },
        "2021": {
            "cash": 0,
            "stock": 0,
            "eps": -1.34
        }
    },
    "dividends": {
        "2011-01-01": {
            "cash": 3,
            "stock": 2
        },
        "2011-05-16": {
            "cash": 6,
            "stock": 0
        },
        "2013-03-14": {
            "cash": 3.5,
            "stock": 0
        },
        "2014-06-13": {
            "cash": 1.9,
            "stock": 0
        },
        "2015-07-08": {
            "cash": 1.5,
            "stock": 0
        },
        "2016-07-07": {
            "cash": 3.6,
            "stock": 0
        },
        "2017-08-03": {
            "cash": 4,
            "stock": 0
        },
        "2018-07-12": {
            "cash": 0.35,
            "stock": 0
        },
        "2020-08-20": {
            "cash": 0.37,
            "stock": 0
        }
    },
    "prices": {
        "200101": "無",
        "200102": "無",
        "200103": "無",
        "200104": "無",
        "200105": "無",
        "200106": "無",
        "200107": "無",
        "200108": "無",
        "200109": "無",
        "200110": "無",
        "200111": "無",
        "200112": "無",
        "200201": "無",
        "200202": "無",
        "200203": "無",
        "200204": "無",
        "200205": "無",
        "200206": "無",
        "200207": "無",
        "200208": "無",
        "200209": "無",
        "200210": "無",
        "200211": "無",
        "200212": "無",
        "200301": "無",
        "200302": "無",
        "200303": "無",
        "200304": "無",
        "200305": "無",
        "200306": "無",
        "200307": "無",
        "200308": "無",
        "200309": "無",
        "200310": "無",
        "200311": "無",
        "200312": "無",
        "200401": "無",
        "200402": "無",
        "200403": "無",
        "200404": "無",
        "200405": "無",
        "200406": "無",
        "200407": "無",
        "200408": "無",
        "200409": "無",
        "200410": "無",
        "200411": "無",
        "200412": "無",
        "200501": "無",
        "200502": "無",
        "200503": "無",
        "200504": "無",
        "200505": "無",
        "200506": "無",
        "200507": "無",
        "200508": "無",
        "200509": "無",
        "200510": "無",
        "200511": "無",
        "200512": "無",
        "200601": "無",
        "200602": "無",
        "200603": "無",
        "200604": "無",
        "200605": "無",
        "200606": "無",
        "200607": "無",
        "200608": "無",
        "200609": "無",
        "200610": "無",
        "200611": "無",
        "200612": "無",
        "200701": "無",
        "200702": "無",
        "200703": "無",
        "200704": "無",
        "200705": "無",
        "200706": "無",
        "200707": "無",
        "200708": "無",
        "200709": "無",
        "200710": "無",
        "200711": "無",
        "200712": "無",
        "200801": "無",
        "200802": "無",
        "200803": "無",
        "200804": "無",
        "200805": "無",
        "200806": "無",
        "200807": "無",
        "200808": "無",
        "200809": "無",
        "200810": "無",
        "200811": "無",
        "200812": "無",
        "200901": "無",
        "200902": "無",
        "200903": "無",
        "200904": "無",
        "200905": "無",
        "200906": "無",
        "200907": "無",
        "200908": "無",
        "200909": "無",
        "200910": "無",
        "200911": "無",
        "200912": "無",
        "201001": "無",
        "201002": "無",
        "201003": "無",
        "201004": "無",
        "201005": "無",
        "201006": "無",
        "201007": "無",
        "201008": "無",
        "201009": "無",
        "201010": "無",
        "201011": "無",
        "201012": "無",
        "201101": "無",
        "201102": "無",
        "201103": "無",
        "201104": "無",
        "201105": "無",
        "201106": "無",
        "201107": "無",
        "201108": "無",
        "201109": "無",
        "201110": "無",
        "201111": "無",
        "201112": "69.80",
        "201201": "72.30",
        "201202": "78.54",
        "201203": "76.76",
        "201204": "84.16",
        "201205": "83.36",
        "201206": "76.98",
        "201207": "64.15",
        "201208": "68.30",
        "201209": "69.88",
        "201210": "66.80",
        "201211": "62.69",
        "201212": "63.81",
        "201301": "61.50",
        "201302": "63.28",
        "201303": "61.40",
        "201304": "60.52",
        "201305": "61.14",
        "201306": "62.35",
        "201307": "64.26",
        "201308": "62.51",
        "201309": "59.92",
        "201310": "54.67",
        "201311": "57.60",
        "201312": "60.50",
        "201401": "59.83",
        "201402": "59.80",
        "201403": "55.15",
        "201404": "53.40",
        "201405": "50.68",
        "201406": "50.26",
        "201407": "48.84",
        "201408": "50.48",
        "201409": "51.26",
        "201410": "48.53",
        "201411": "46.12",
        "201412": "44.95",
        "201501": "46.95",
        "201502": "51.07",
        "201503": "51.60",
        "201504": "57.79",
        "201505": "50.17",
        "201506": "45.07",
        "201507": "42.76",
        "201508": "44.19",
        "201509": "47.27",
        "201510": "49.50",
        "201511": "55.74",
        "201512": "53.66",
        "201601": "51.42",
        "201602": "50.89",
        "201603": "52.97",
        "201604": "55.74",
        "201605": "57.19",
        "201606": "64.79",
        "201607": "68.24",
        "201608": "70.47",
        "201609": "76.14",
        "201610": "72.38",
        "201611": "67.45",
        "201612": "65.64",
        "201701": "65.09",
        "201702": "64.46",
        "201703": "64.00",
        "201704": "57.20",
        "201705": "53.61",
        "201706": "54.82",
        "201707": "53.56",
        "201708": "51.64",
        "201709": "50.16",
        "201710": "49.22",
        "201711": "45.92",
        "201712": "43.95",
        "201801": "43.57",
        "201802": "42.15",
        "201803": "40.82",
        "201804": "39.75",
        "201805": "40.52",
        "201806": "41.92",
        "201807": "43.08",
        "201808": "42.12",
        "201809": "41.58",
        "201810": "38.70",
        "201811": "37.33",
        "201812": "39.62",
        "201901": "39.80",
        "201902": "39.54",
        "201903": "39.59",
        "201904": "39.41",
        "201905": "39.17",
        "201906": "39.23",
        "201907": "40.11",
        "201908": "38.92",
        "201909": "39.45",
        "201910": "39.32",
        "201911": "38.58",
        "201912": "42.55",
        "202001": "49.46",
        "202002": "48.34",
        "202003": "41.10",
        "202004": "42.06",
        "202005": "48.23",
        "202006": "46.76",
        "202007": "45.76",
        "202008": "42.57",
        "202009": "43.37",
        "202010": "44.91",
        "202011": "43.73",
        "202012": "45.24",
        "202101": "40.15",
        "202102": "45.64",
        "202103": "51.51",
        "202104": "51.29",
        "202105": "51.32",
        "202106": "50.60",
        "202107": "48.24",
        "202108": "46.46",
        "202109": "46.71",
        "202110": "46.49",
        "202111": "67.01",
        "202112": "73.26",
        "202201": "74.06",
        "202202": "74.85",
        "202203": "無",
        "202204": "無",
        "202205": "無",
        "202206": "無",
        "202207": "無",
        "202208": "無",
        "202209": "無",
        "202210": "無",
        "202211": "無",
        "202212": "無",
        "202301": "無",
        "202302": "無",
        "202303": "無",
        "202304": "無",
        "202305": "無"
    },
    "quarters": {
        "20011": {
            "year_quarter": 20011,
            "year": 2001,
            "quarter": 1,
            "eps": null,
            "eps_growth_year": null,
            "eps_4q": null,
            "eps_4q_growth_year": null,
            "roe": null,
            "roe_4q": 0,
            "gross_profit": null,
            "gross_margin": null,
            "gross_margin_4q_avg": 0,
            "net_income": null,
            "revenue": null,
            "common_shares": null,
            "book_valuer_per_share": null,
            "book_valuer_per_share_4q_avg": 0,
            "equity": null,
            "current_ratio": null,
            "debt_ratio": null,
            "inventory_turnover_ratio": null,
            "account_receivable_turnover_ratio": null,
            "reinvestment_rate": null,
            "research_to_sale_ratio": null,
            "price_fair": 0,
            "eps_avg_yearly": 0,
            "eps_latest_yearly": 0,
            "eps_growth_yearly": 0
        },
        "20012": {
            "year_quarter": 20012,
            "year": 2001,
            "quarter": 2,
            "eps": null,
            "eps_growth_year": null,
            "eps_4q": null,
            "eps_4q_growth_year": null,
            "roe": null,
            "roe_4q": 0,
            "gross_profit": null,
            "gross_margin": null,
            "gross_margin_4q_avg": 0,
            "net_income": null,
            "revenue": null,
            "common_shares": null,
            "book_valuer_per_share": null,
            "book_valuer_per_share_4q_avg": 0,
            "equity": null,
            "current_ratio": null,
            "debt_ratio": null,
            "inventory_turnover_ratio": null,
            "account_receivable_turnover_ratio": null,
            "reinvestment_rate": null,
            "research_to_sale_ratio": null,
            "price_fair": 0,
            "eps_avg_yearly": 0,
            "eps_latest_yearly": 0,
            "eps_growth_yearly": 0
        },
        "20013": {
            "year_quarter": 20013,
            "year": 2001,
            "quarter": 3,
            "eps": null,
            "eps_growth_year": null,
            "eps_4q": null,
            "eps_4q_growth_year": null,
            "roe": null,
            "roe_4q": 0,
            "gross_profit": null,
            "gross_margin": null,
            "gross_margin_4q_avg": 0,
            "net_income": null,
            "revenue": null,
            "common_shares": null,
            "book_valuer_per_share": null,
            "book_valuer_per_share_4q_avg": 0,
            "equity": null,
            "current_ratio": null,
            "debt_ratio": null,
            "inventory_turnover_ratio": null,
            "account_receivable_turnover_ratio": null,
            "reinvestment_rate": null,
            "research_to_sale_ratio": null,
            "price_fair": 0,
            "eps_avg_yearly": 0,
            "eps_latest_yearly": 0,
            "eps_growth_yearly": 0
        },
        "20014": {
            "year_quarter": 20014,
            "year": 2001,
            "quarter": 4,
            "eps": null,
            "eps_growth_year": null,
            "eps_4q": null,
            "eps_4q_growth_year": null,
            "roe": null,
            "roe_4q": 0,
            "gross_profit": null,
            "gross_margin": null,
            "gross_margin_4q_avg": 0,
            "net_income": null,
            "revenue": null,
            "common_shares": null,
            "book_valuer_per_share": null,
            "book_valuer_per_share_4q_avg": 0,
            "equity": null,
            "current_ratio": null,
            "debt_ratio": null,
            "inventory_turnover_ratio": null,
            "account_receivable_turnover_ratio": null,
            "reinvestment_rate": null,
            "research_to_sale_ratio": null,
            "price_fair": 0,
            "eps_avg_yearly": 0,
            "eps_latest_yearly": 0,
            "eps_growth_yearly": 0
        },
        "20021": {
            "year_quarter": 20021,
            "year": 2002,
            "quarter": 1,
            "eps": null,
            "eps_growth_year": null,
            "eps_4q": null,
            "eps_4q_growth_year": null,
            "roe": null,
            "roe_4q": 0,
            "gross_profit": null,
            "gross_margin": null,
            "gross_margin_4q_avg": 0,
            "net_income": null,
            "revenue": null,
            "common_shares": null,
            "book_valuer_per_share": null,
            "book_valuer_per_share_4q_avg": 0,
            "equity": null,
            "current_ratio": null,
            "debt_ratio": null,
            "inventory_turnover_ratio": null,
            "account_receivable_turnover_ratio": null,
            "reinvestment_rate": null,
            "research_to_sale_ratio": null,
            "price_fair": 0,
            "eps_avg_yearly": 0,
            "eps_latest_yearly": 0,
            "eps_growth_yearly": 0
        },
        "20022": {
            "year_quarter": 20022,
            "year": 2002,
            "quarter": 2,
            "eps": null,
            "eps_growth_year": null,
            "eps_4q": null,
            "eps_4q_growth_year": null,
            "roe": null,
            "roe_4q": 0,
            "gross_profit": null,
            "gross_margin": null,
            "gross_margin_4q_avg": 0,
            "net_income": null,
            "revenue": null,
            "common_shares": null,
            "book_valuer_per_share": null,
            "book_valuer_per_share_4q_avg": 0,
            "equity": null,
            "current_ratio": null,
            "debt_ratio": null,
            "inventory_turnover_ratio": null,
            "account_receivable_turnover_ratio": null,
            "reinvestment_rate": null,
            "research_to_sale_ratio": null,
            "price_fair": 0,
            "eps_avg_yearly": 0,
            "eps_latest_yearly": 0,
            "eps_growth_yearly": 0
        },
        "20023": {
            "year_quarter": 20023,
            "year": 2002,
            "quarter": 3,
            "eps": null,
            "eps_growth_year": null,
            "eps_4q": null,
            "eps_4q_growth_year": null,
            "roe": null,
            "roe_4q": 0,
            "gross_profit": null,
            "gross_margin": null,
            "gross_margin_4q_avg": 0,
            "net_income": null,
            "revenue": null,
            "common_shares": null,
            "book_valuer_per_share": null,
            "book_valuer_per_share_4q_avg": 0,
            "equity": null,
            "current_ratio": null,
            "debt_ratio": null,
            "inventory_turnover_ratio": null,
            "account_receivable_turnover_ratio": null,
            "reinvestment_rate": null,
            "research_to_sale_ratio": null,
            "price_fair": 0,
            "eps_avg_yearly": 0,
            "eps_latest_yearly": 0,
            "eps_growth_yearly": 0
        },
        "20024": {
            "year_quarter": 20024,
            "year": 2002,
            "quarter": 4,
            "eps": null,
            "eps_growth_year": null,
            "eps_4q": null,
            "eps_4q_growth_year": null,
            "roe": null,
            "roe_4q": 0,
            "gross_profit": null,
            "gross_margin": null,
            "gross_margin_4q_avg": 0,
            "net_income": null,
            "revenue": null,
            "common_shares": null,
            "book_valuer_per_share": null,
            "book_valuer_per_share_4q_avg": 0,
            "equity": null,
            "current_ratio": null,
            "debt_ratio": null,
            "inventory_turnover_ratio": null,
            "account_receivable_turnover_ratio": null,
            "reinvestment_rate": null,
            "research_to_sale_ratio": null,
            "price_fair": 0,
            "eps_avg_yearly": 0,
            "eps_latest_yearly": 0,
            "eps_growth_yearly": 0
        },
        "20031": {
            "year_quarter": 20031,
            "year": 2003,
            "quarter": 1,
            "eps": null,
            "eps_growth_year": null,
            "eps_4q": null,
            "eps_4q_growth_year": null,
            "roe": null,
            "roe_4q": 0,
            "gross_profit": null,
            "gross_margin": null,
            "gross_margin_4q_avg": 0,
            "net_income": null,
            "revenue": null,
            "common_shares": null,
            "book_valuer_per_share": null,
            "book_valuer_per_share_4q_avg": 0,
            "equity": null,
            "current_ratio": null,
            "debt_ratio": null,
            "inventory_turnover_ratio": null,
            "account_receivable_turnover_ratio": null,
            "reinvestment_rate": null,
            "research_to_sale_ratio": null,
            "price_fair": 0,
            "eps_avg_yearly": 0,
            "eps_latest_yearly": 0,
            "eps_growth_yearly": 0
        },
        "20032": {
            "year_quarter": 20032,
            "year": 2003,
            "quarter": 2,
            "eps": null,
            "eps_growth_year": null,
            "eps_4q": null,
            "eps_4q_growth_year": null,
            "roe": null,
            "roe_4q": 0,
            "gross_profit": null,
            "gross_margin": null,
            "gross_margin_4q_avg": 0,
            "net_income": null,
            "revenue": null,
            "common_shares": null,
            "book_valuer_per_share": null,
            "book_valuer_per_share_4q_avg": 0,
            "equity": null,
            "current_ratio": null,
            "debt_ratio": null,
            "inventory_turnover_ratio": null,
            "account_receivable_turnover_ratio": null,
            "reinvestment_rate": null,
            "research_to_sale_ratio": null,
            "price_fair": 0,
            "eps_avg_yearly": 0,
            "eps_latest_yearly": 0,
            "eps_growth_yearly": 0
        },
        "20033": {
            "year_quarter": 20033,
            "year": 2003,
            "quarter": 3,
            "eps": null,
            "eps_growth_year": null,
            "eps_4q": null,
            "eps_4q_growth_year": null,
            "roe": null,
            "roe_4q": 0,
            "gross_profit": null,
            "gross_margin": null,
            "gross_margin_4q_avg": 0,
            "net_income": null,
            "revenue": null,
            "common_shares": null,
            "book_valuer_per_share": null,
            "book_valuer_per_share_4q_avg": 0,
            "equity": null,
            "current_ratio": null,
            "debt_ratio": null,
            "inventory_turnover_ratio": null,
            "account_receivable_turnover_ratio": null,
            "reinvestment_rate": null,
            "research_to_sale_ratio": null,
            "price_fair": 0,
            "eps_avg_yearly": 0,
            "eps_latest_yearly": 0,
            "eps_growth_yearly": 0
        },
        "20034": {
            "year_quarter": 20034,
            "year": 2003,
            "quarter": 4,
            "eps": null,
            "eps_growth_year": null,
            "eps_4q": null,
            "eps_4q_growth_year": null,
            "roe": null,
            "roe_4q": 0,
            "gross_profit": null,
            "gross_margin": null,
            "gross_margin_4q_avg": 0,
            "net_income": null,
            "revenue": null,
            "common_shares": null,
            "book_valuer_per_share": null,
            "book_valuer_per_share_4q_avg": 0,
            "equity": null,
            "current_ratio": null,
            "debt_ratio": null,
            "inventory_turnover_ratio": null,
            "account_receivable_turnover_ratio": null,
            "reinvestment_rate": null,
            "research_to_sale_ratio": null,
            "price_fair": 0,
            "eps_avg_yearly": 0,
            "eps_latest_yearly": 0,
            "eps_growth_yearly": 0
        },
        "20041": {
            "year_quarter": 20041,
            "year": 2004,
            "quarter": 1,
            "eps": null,
            "eps_growth_year": null,
            "eps_4q": null,
            "eps_4q_growth_year": null,
            "roe": null,
            "roe_4q": 0,
            "gross_profit": null,
            "gross_margin": null,
            "gross_margin_4q_avg": 0,
            "net_income": null,
            "revenue": null,
            "common_shares": null,
            "book_valuer_per_share": null,
            "book_valuer_per_share_4q_avg": 0,
            "equity": null,
            "current_ratio": null,
            "debt_ratio": null,
            "inventory_turnover_ratio": null,
            "account_receivable_turnover_ratio": null,
            "reinvestment_rate": null,
            "research_to_sale_ratio": null,
            "price_fair": 0,
            "eps_avg_yearly": 0,
            "eps_latest_yearly": 0,
            "eps_growth_yearly": 0
        },
        "20042": {
            "year_quarter": 20042,
            "year": 2004,
            "quarter": 2,
            "eps": null,
            "eps_growth_year": null,
            "eps_4q": null,
            "eps_4q_growth_year": null,
            "roe": null,
            "roe_4q": 0,
            "gross_profit": null,
            "gross_margin": null,
            "gross_margin_4q_avg": 0,
            "net_income": null,
            "revenue": null,
            "common_shares": null,
            "book_valuer_per_share": null,
            "book_valuer_per_share_4q_avg": 0,
            "equity": null,
            "current_ratio": null,
            "debt_ratio": null,
            "inventory_turnover_ratio": null,
            "account_receivable_turnover_ratio": null,
            "reinvestment_rate": null,
            "research_to_sale_ratio": null,
            "price_fair": 0,
            "eps_avg_yearly": 0,
            "eps_latest_yearly": 0,
            "eps_growth_yearly": 0
        },
        "20043": {
            "year_quarter": 20043,
            "year": 2004,
            "quarter": 3,
            "eps": null,
            "eps_growth_year": null,
            "eps_4q": null,
            "eps_4q_growth_year": null,
            "roe": null,
            "roe_4q": 0,
            "gross_profit": null,
            "gross_margin": null,
            "gross_margin_4q_avg": 0,
            "net_income": null,
            "revenue": null,
            "common_shares": null,
            "book_valuer_per_share": null,
            "book_valuer_per_share_4q_avg": 0,
            "equity": null,
            "current_ratio": null,
            "debt_ratio": null,
            "inventory_turnover_ratio": null,
            "account_receivable_turnover_ratio": null,
            "reinvestment_rate": null,
            "research_to_sale_ratio": null,
            "price_fair": 0,
            "eps_avg_yearly": 0,
            "eps_latest_yearly": 0,
            "eps_growth_yearly": 0
        },
        "20044": {
            "year_quarter": 20044,
            "year": 2004,
            "quarter": 4,
            "eps": null,
            "eps_growth_year": null,
            "eps_4q": null,
            "eps_4q_growth_year": null,
            "roe": null,
            "roe_4q": 0,
            "gross_profit": null,
            "gross_margin": null,
            "gross_margin_4q_avg": 0,
            "net_income": null,
            "revenue": null,
            "common_shares": null,
            "book_valuer_per_share": null,
            "book_valuer_per_share_4q_avg": 0,
            "equity": null,
            "current_ratio": null,
            "debt_ratio": null,
            "inventory_turnover_ratio": null,
            "account_receivable_turnover_ratio": null,
            "reinvestment_rate": null,
            "research_to_sale_ratio": null,
            "price_fair": 0,
            "eps_avg_yearly": 0,
            "eps_latest_yearly": 0,
            "eps_growth_yearly": 0
        },
        "20051": {
            "year_quarter": 20051,
            "year": 2005,
            "quarter": 1,
            "eps": null,
            "eps_growth_year": null,
            "eps_4q": null,
            "eps_4q_growth_year": null,
            "roe": null,
            "roe_4q": 0,
            "gross_profit": null,
            "gross_margin": null,
            "gross_margin_4q_avg": 0,
            "net_income": null,
            "revenue": null,
            "common_shares": null,
            "book_valuer_per_share": null,
            "book_valuer_per_share_4q_avg": 0,
            "equity": null,
            "current_ratio": null,
            "debt_ratio": null,
            "inventory_turnover_ratio": null,
            "account_receivable_turnover_ratio": null,
            "reinvestment_rate": null,
            "research_to_sale_ratio": null,
            "price_fair": 0,
            "eps_avg_yearly": 0,
            "eps_latest_yearly": 0,
            "eps_growth_yearly": 0
        },
        "20052": {
            "year_quarter": 20052,
            "year": 2005,
            "quarter": 2,
            "eps": null,
            "eps_growth_year": null,
            "eps_4q": null,
            "eps_4q_growth_year": null,
            "roe": null,
            "roe_4q": 0,
            "gross_profit": null,
            "gross_margin": null,
            "gross_margin_4q_avg": 0,
            "net_income": null,
            "revenue": null,
            "common_shares": null,
            "book_valuer_per_share": null,
            "book_valuer_per_share_4q_avg": 0,
            "equity": null,
            "current_ratio": null,
            "debt_ratio": null,
            "inventory_turnover_ratio": null,
            "account_receivable_turnover_ratio": null,
            "reinvestment_rate": null,
            "research_to_sale_ratio": null,
            "price_fair": 0,
            "eps_avg_yearly": 0,
            "eps_latest_yearly": 0,
            "eps_growth_yearly": 0
        },
        "20053": {
            "year_quarter": 20053,
            "year": 2005,
            "quarter": 3,
            "eps": null,
            "eps_growth_year": null,
            "eps_4q": null,
            "eps_4q_growth_year": null,
            "roe": null,
            "roe_4q": 0,
            "gross_profit": null,
            "gross_margin": null,
            "gross_margin_4q_avg": 0,
            "net_income": null,
            "revenue": null,
            "common_shares": null,
            "book_valuer_per_share": null,
            "book_valuer_per_share_4q_avg": 0,
            "equity": null,
            "current_ratio": null,
            "debt_ratio": null,
            "inventory_turnover_ratio": null,
            "account_receivable_turnover_ratio": null,
            "reinvestment_rate": null,
            "research_to_sale_ratio": null,
            "price_fair": 0,
            "eps_avg_yearly": 0,
            "eps_latest_yearly": 0,
            "eps_growth_yearly": 0
        },
        "20054": {
            "year_quarter": 20054,
            "year": 2005,
            "quarter": 4,
            "eps": null,
            "eps_growth_year": null,
            "eps_4q": null,
            "eps_4q_growth_year": null,
            "roe": null,
            "roe_4q": 0,
            "gross_profit": null,
            "gross_margin": null,
            "gross_margin_4q_avg": 0,
            "net_income": null,
            "revenue": null,
            "common_shares": null,
            "book_valuer_per_share": null,
            "book_valuer_per_share_4q_avg": 0,
            "equity": null,
            "current_ratio": null,
            "debt_ratio": null,
            "inventory_turnover_ratio": null,
            "account_receivable_turnover_ratio": null,
            "reinvestment_rate": null,
            "research_to_sale_ratio": null,
            "price_fair": 0,
            "eps_avg_yearly": 0,
            "eps_latest_yearly": 0,
            "eps_growth_yearly": 0
        },
        "20061": {
            "year_quarter": 20061,
            "year": 2006,
            "quarter": 1,
            "eps": null,
            "eps_growth_year": null,
            "eps_4q": null,
            "eps_4q_growth_year": null,
            "roe": null,
            "roe_4q": 0,
            "gross_profit": null,
            "gross_margin": null,
            "gross_margin_4q_avg": 0,
            "net_income": null,
            "revenue": null,
            "common_shares": null,
            "book_valuer_per_share": null,
            "book_valuer_per_share_4q_avg": 0,
            "equity": null,
            "current_ratio": null,
            "debt_ratio": null,
            "inventory_turnover_ratio": null,
            "account_receivable_turnover_ratio": null,
            "reinvestment_rate": null,
            "research_to_sale_ratio": null,
            "price_fair": 0,
            "eps_avg_yearly": 0,
            "eps_latest_yearly": 0,
            "eps_growth_yearly": 0
        },
        "20062": {
            "year_quarter": 20062,
            "year": 2006,
            "quarter": 2,
            "eps": null,
            "eps_growth_year": null,
            "eps_4q": null,
            "eps_4q_growth_year": null,
            "roe": null,
            "roe_4q": 0,
            "gross_profit": null,
            "gross_margin": null,
            "gross_margin_4q_avg": 0,
            "net_income": null,
            "revenue": null,
            "common_shares": null,
            "book_valuer_per_share": null,
            "book_valuer_per_share_4q_avg": 0,
            "equity": null,
            "current_ratio": null,
            "debt_ratio": null,
            "inventory_turnover_ratio": null,
            "account_receivable_turnover_ratio": null,
            "reinvestment_rate": null,
            "research_to_sale_ratio": null,
            "price_fair": 0,
            "eps_avg_yearly": 0,
            "eps_latest_yearly": 0,
            "eps_growth_yearly": 0
        },
        "20063": {
            "year_quarter": 20063,
            "year": 2006,
            "quarter": 3,
            "eps": null,
            "eps_growth_year": null,
            "eps_4q": null,
            "eps_4q_growth_year": null,
            "roe": null,
            "roe_4q": 0,
            "gross_profit": null,
            "gross_margin": null,
            "gross_margin_4q_avg": 0,
            "net_income": null,
            "revenue": null,
            "common_shares": null,
            "book_valuer_per_share": null,
            "book_valuer_per_share_4q_avg": 0,
            "equity": null,
            "current_ratio": null,
            "debt_ratio": null,
            "inventory_turnover_ratio": null,
            "account_receivable_turnover_ratio": null,
            "reinvestment_rate": null,
            "research_to_sale_ratio": null,
            "price_fair": 0,
            "eps_avg_yearly": 0,
            "eps_latest_yearly": 0,
            "eps_growth_yearly": 0
        },
        "20064": {
            "year_quarter": 20064,
            "year": 2006,
            "quarter": 4,
            "eps": null,
            "eps_growth_year": null,
            "eps_4q": null,
            "eps_4q_growth_year": null,
            "roe": null,
            "roe_4q": 0,
            "gross_profit": null,
            "gross_margin": null,
            "gross_margin_4q_avg": 0,
            "net_income": null,
            "revenue": null,
            "common_shares": null,
            "book_valuer_per_share": null,
            "book_valuer_per_share_4q_avg": 0,
            "equity": null,
            "current_ratio": null,
            "debt_ratio": null,
            "inventory_turnover_ratio": null,
            "account_receivable_turnover_ratio": null,
            "reinvestment_rate": null,
            "research_to_sale_ratio": null,
            "price_fair": 0,
            "eps_avg_yearly": 0,
            "eps_latest_yearly": 0,
            "eps_growth_yearly": 0
        },
        "20071": {
            "year_quarter": 20071,
            "year": 2007,
            "quarter": 1,
            "eps": null,
            "eps_growth_year": null,
            "eps_4q": null,
            "eps_4q_growth_year": null,
            "roe": null,
            "roe_4q": 0,
            "gross_profit": null,
            "gross_margin": null,
            "gross_margin_4q_avg": 0,
            "net_income": null,
            "revenue": null,
            "common_shares": null,
            "book_valuer_per_share": null,
            "book_valuer_per_share_4q_avg": 0,
            "equity": null,
            "current_ratio": null,
            "debt_ratio": null,
            "inventory_turnover_ratio": null,
            "account_receivable_turnover_ratio": null,
            "reinvestment_rate": null,
            "research_to_sale_ratio": null,
            "price_fair": 0,
            "eps_avg_yearly": 0,
            "eps_latest_yearly": 0,
            "eps_growth_yearly": 0
        },
        "20072": {
            "year_quarter": 20072,
            "year": 2007,
            "quarter": 2,
            "eps": null,
            "eps_growth_year": null,
            "eps_4q": null,
            "eps_4q_growth_year": null,
            "roe": null,
            "roe_4q": 0,
            "gross_profit": null,
            "gross_margin": null,
            "gross_margin_4q_avg": 0,
            "net_income": null,
            "revenue": null,
            "common_shares": null,
            "book_valuer_per_share": null,
            "book_valuer_per_share_4q_avg": 0,
            "equity": null,
            "current_ratio": null,
            "debt_ratio": null,
            "inventory_turnover_ratio": null,
            "account_receivable_turnover_ratio": null,
            "reinvestment_rate": null,
            "research_to_sale_ratio": null,
            "price_fair": 0,
            "eps_avg_yearly": 0,
            "eps_latest_yearly": 0,
            "eps_growth_yearly": 0
        },
        "20073": {
            "year_quarter": 20073,
            "year": 2007,
            "quarter": 3,
            "eps": null,
            "eps_growth_year": null,
            "eps_4q": null,
            "eps_4q_growth_year": null,
            "roe": null,
            "roe_4q": 0,
            "gross_profit": null,
            "gross_margin": null,
            "gross_margin_4q_avg": 0,
            "net_income": null,
            "revenue": null,
            "common_shares": null,
            "book_valuer_per_share": null,
            "book_valuer_per_share_4q_avg": 0,
            "equity": null,
            "current_ratio": null,
            "debt_ratio": null,
            "inventory_turnover_ratio": null,
            "account_receivable_turnover_ratio": null,
            "reinvestment_rate": null,
            "research_to_sale_ratio": null,
            "price_fair": 0,
            "eps_avg_yearly": 0,
            "eps_latest_yearly": 0,
            "eps_growth_yearly": 0
        },
        "20074": {
            "year_quarter": 20074,
            "year": 2007,
            "quarter": 4,
            "eps": null,
            "eps_growth_year": null,
            "eps_4q": null,
            "eps_4q_growth_year": null,
            "roe": null,
            "roe_4q": 0,
            "gross_profit": null,
            "gross_margin": null,
            "gross_margin_4q_avg": 0,
            "net_income": null,
            "revenue": null,
            "common_shares": null,
            "book_valuer_per_share": null,
            "book_valuer_per_share_4q_avg": 0,
            "equity": null,
            "current_ratio": null,
            "debt_ratio": null,
            "inventory_turnover_ratio": null,
            "account_receivable_turnover_ratio": null,
            "reinvestment_rate": null,
            "research_to_sale_ratio": null,
            "price_fair": 0,
            "eps_avg_yearly": 0,
            "eps_latest_yearly": 0,
            "eps_growth_yearly": 0
        },
        "20081": {
            "year_quarter": 20081,
            "year": 2008,
            "quarter": 1,
            "eps": null,
            "eps_growth_year": null,
            "eps_4q": null,
            "eps_4q_growth_year": null,
            "roe": null,
            "roe_4q": 0,
            "gross_profit": null,
            "gross_margin": null,
            "gross_margin_4q_avg": 0,
            "net_income": null,
            "revenue": null,
            "common_shares": null,
            "book_valuer_per_share": null,
            "book_valuer_per_share_4q_avg": 0,
            "equity": null,
            "current_ratio": null,
            "debt_ratio": null,
            "inventory_turnover_ratio": null,
            "account_receivable_turnover_ratio": null,
            "reinvestment_rate": null,
            "research_to_sale_ratio": null,
            "price_fair": 0,
            "eps_avg_yearly": 0,
            "eps_latest_yearly": 0,
            "eps_growth_yearly": 0
        },
        "20082": {
            "year_quarter": 20082,
            "year": 2008,
            "quarter": 2,
            "eps": null,
            "eps_growth_year": null,
            "eps_4q": null,
            "eps_4q_growth_year": null,
            "roe": null,
            "roe_4q": 0,
            "gross_profit": null,
            "gross_margin": null,
            "gross_margin_4q_avg": 0,
            "net_income": null,
            "revenue": null,
            "common_shares": null,
            "book_valuer_per_share": null,
            "book_valuer_per_share_4q_avg": 0,
            "equity": null,
            "current_ratio": null,
            "debt_ratio": null,
            "inventory_turnover_ratio": null,
            "account_receivable_turnover_ratio": null,
            "reinvestment_rate": null,
            "research_to_sale_ratio": null,
            "price_fair": 0,
            "eps_avg_yearly": 0,
            "eps_latest_yearly": 0,
            "eps_growth_yearly": 0
        },
        "20083": {
            "year_quarter": 20083,
            "year": 2008,
            "quarter": 3,
            "eps": null,
            "eps_growth_year": null,
            "eps_4q": null,
            "eps_4q_growth_year": null,
            "roe": null,
            "roe_4q": 0,
            "gross_profit": null,
            "gross_margin": null,
            "gross_margin_4q_avg": 0,
            "net_income": null,
            "revenue": null,
            "common_shares": null,
            "book_valuer_per_share": null,
            "book_valuer_per_share_4q_avg": 0,
            "equity": null,
            "current_ratio": null,
            "debt_ratio": null,
            "inventory_turnover_ratio": null,
            "account_receivable_turnover_ratio": null,
            "reinvestment_rate": null,
            "research_to_sale_ratio": null,
            "price_fair": 0,
            "eps_avg_yearly": 0,
            "eps_latest_yearly": 0,
            "eps_growth_yearly": 0
        },
        "20084": {
            "year_quarter": 20084,
            "year": 2008,
            "quarter": 4,
            "eps": null,
            "eps_growth_year": null,
            "eps_4q": null,
            "eps_4q_growth_year": null,
            "roe": null,
            "roe_4q": 0,
            "gross_profit": null,
            "gross_margin": null,
            "gross_margin_4q_avg": 0,
            "net_income": null,
            "revenue": null,
            "common_shares": 830293,
            "book_valuer_per_share": 35.11,
            "book_valuer_per_share_4q_avg": 8.78,
            "equity": 2914855,
            "current_ratio": 139.48,
            "debt_ratio": 46.4,
            "inventory_turnover_ratio": null,
            "account_receivable_turnover_ratio": null,
            "reinvestment_rate": null,
            "research_to_sale_ratio": null,
            "price_fair": 0,
            "eps_avg_yearly": 0,
            "eps_latest_yearly": 0,
            "eps_growth_yearly": 0
        },
        "20091": {
            "year_quarter": 20091,
            "year": 2009,
            "quarter": 1,
            "eps": null,
            "eps_growth_year": null,
            "eps_4q": null,
            "eps_4q_growth_year": null,
            "roe": null,
            "roe_4q": 0,
            "gross_profit": null,
            "gross_margin": null,
            "gross_margin_4q_avg": 0,
            "net_income": null,
            "revenue": null,
            "common_shares": null,
            "book_valuer_per_share": null,
            "book_valuer_per_share_4q_avg": 8.78,
            "equity": null,
            "current_ratio": null,
            "debt_ratio": null,
            "inventory_turnover_ratio": null,
            "account_receivable_turnover_ratio": null,
            "reinvestment_rate": null,
            "research_to_sale_ratio": null,
            "price_fair": 0,
            "eps_avg_yearly": 0,
            "eps_latest_yearly": 0,
            "eps_growth_yearly": 0
        },
        "20092": {
            "year_quarter": 20092,
            "year": 2009,
            "quarter": 2,
            "eps": null,
            "eps_growth_year": null,
            "eps_4q": null,
            "eps_4q_growth_year": null,
            "roe": null,
            "roe_4q": 0,
            "gross_profit": null,
            "gross_margin": null,
            "gross_margin_4q_avg": 0,
            "net_income": null,
            "revenue": null,
            "common_shares": null,
            "book_valuer_per_share": null,
            "book_valuer_per_share_4q_avg": 8.78,
            "equity": null,
            "current_ratio": null,
            "debt_ratio": null,
            "inventory_turnover_ratio": null,
            "account_receivable_turnover_ratio": null,
            "reinvestment_rate": null,
            "research_to_sale_ratio": null,
            "price_fair": 0,
            "eps_avg_yearly": 0,
            "eps_latest_yearly": 0,
            "eps_growth_yearly": 0
        },
        "20093": {
            "year_quarter": 20093,
            "year": 2009,
            "quarter": 3,
            "eps": null,
            "eps_growth_year": null,
            "eps_4q": null,
            "eps_4q_growth_year": null,
            "roe": null,
            "roe_4q": 0,
            "gross_profit": null,
            "gross_margin": null,
            "gross_margin_4q_avg": 0,
            "net_income": null,
            "revenue": null,
            "common_shares": null,
            "book_valuer_per_share": null,
            "book_valuer_per_share_4q_avg": 8.78,
            "equity": null,
            "current_ratio": null,
            "debt_ratio": null,
            "inventory_turnover_ratio": null,
            "account_receivable_turnover_ratio": null,
            "reinvestment_rate": null,
            "research_to_sale_ratio": null,
            "price_fair": 0,
            "eps_avg_yearly": 0,
            "eps_latest_yearly": 0,
            "eps_growth_yearly": 0
        },
        "20094": {
            "year_quarter": 20094,
            "year": 2009,
            "quarter": 4,
            "eps": null,
            "eps_growth_year": null,
            "eps_4q": null,
            "eps_4q_growth_year": null,
            "roe": null,
            "roe_4q": 0,
            "gross_profit": null,
            "gross_margin": null,
            "gross_margin_4q_avg": 0,
            "net_income": null,
            "revenue": null,
            "common_shares": 799999,
            "book_valuer_per_share": 43.14,
            "book_valuer_per_share_4q_avg": 10.79,
            "equity": 3451509,
            "current_ratio": 203.4,
            "debt_ratio": 32.58,
            "inventory_turnover_ratio": null,
            "account_receivable_turnover_ratio": null,
            "reinvestment_rate": null,
            "research_to_sale_ratio": null,
            "price_fair": 0,
            "eps_avg_yearly": 0,
            "eps_latest_yearly": 0,
            "eps_growth_yearly": 0
        },
        "20101": {
            "year_quarter": 20101,
            "year": 2010,
            "quarter": 1,
            "eps": null,
            "eps_growth_year": null,
            "eps_4q": null,
            "eps_4q_growth_year": null,
            "roe": null,
            "roe_4q": 0,
            "gross_profit": 0,
            "gross_margin": null,
            "gross_margin_4q_avg": 0,
            "net_income": 0,
            "revenue": 0,
            "common_shares": 0,
            "book_valuer_per_share": null,
            "book_valuer_per_share_4q_avg": 10.79,
            "equity": 0,
            "current_ratio": null,
            "debt_ratio": null,
            "inventory_turnover_ratio": null,
            "account_receivable_turnover_ratio": null,
            "reinvestment_rate": null,
            "research_to_sale_ratio": null,
            "price_fair": 0,
            "eps_avg_yearly": 0,
            "eps_latest_yearly": 0,
            "eps_growth_yearly": 0
        },
        "20102": {
            "year_quarter": 20102,
            "year": 2010,
            "quarter": 2,
            "eps": null,
            "eps_growth_year": null,
            "eps_4q": null,
            "eps_4q_growth_year": null,
            "roe": null,
            "roe_4q": 0,
            "gross_profit": 0,
            "gross_margin": null,
            "gross_margin_4q_avg": 0,
            "net_income": 0,
            "revenue": 0,
            "common_shares": 0,
            "book_valuer_per_share": null,
            "book_valuer_per_share_4q_avg": 10.79,
            "equity": 0,
            "current_ratio": null,
            "debt_ratio": null,
            "inventory_turnover_ratio": null,
            "account_receivable_turnover_ratio": null,
            "reinvestment_rate": null,
            "research_to_sale_ratio": null,
            "price_fair": 0,
            "eps_avg_yearly": 0,
            "eps_latest_yearly": 0,
            "eps_growth_yearly": 0
        },
        "20103": {
            "year_quarter": 20103,
            "year": 2010,
            "quarter": 3,
            "eps": null,
            "eps_growth_year": null,
            "eps_4q": null,
            "eps_4q_growth_year": null,
            "roe": null,
            "roe_4q": 0,
            "gross_profit": null,
            "gross_margin": null,
            "gross_margin_4q_avg": 0,
            "net_income": null,
            "revenue": null,
            "common_shares": null,
            "book_valuer_per_share": null,
            "book_valuer_per_share_4q_avg": 10.79,
            "equity": null,
            "current_ratio": null,
            "debt_ratio": null,
            "inventory_turnover_ratio": null,
            "account_receivable_turnover_ratio": null,
            "reinvestment_rate": null,
            "research_to_sale_ratio": null,
            "price_fair": 0,
            "eps_avg_yearly": 0,
            "eps_latest_yearly": 0,
            "eps_growth_yearly": 0
        },
        "20104": {
            "year_quarter": 20104,
            "year": 2010,
            "quarter": 4,
            "eps": null,
            "eps_growth_year": null,
            "eps_4q": null,
            "eps_4q_growth_year": null,
            "roe": null,
            "roe_4q": 0,
            "gross_profit": null,
            "gross_margin": null,
            "gross_margin_4q_avg": 0,
            "net_income": null,
            "revenue": null,
            "common_shares": 800000,
            "book_valuer_per_share": 38.76,
            "book_valuer_per_share_4q_avg": 9.69,
            "equity": 3101049,
            "current_ratio": 128.17,
            "debt_ratio": 56.09,
            "inventory_turnover_ratio": null,
            "account_receivable_turnover_ratio": null,
            "reinvestment_rate": null,
            "research_to_sale_ratio": null,
            "price_fair": 0,
            "eps_avg_yearly": 0,
            "eps_latest_yearly": 0,
            "eps_growth_yearly": 0
        },
        "20111": {
            "year_quarter": 20111,
            "year": 2011,
            "quarter": 1,
            "eps": 5.5,
            "eps_growth_year": null,
            "eps_4q": null,
            "eps_4q_growth_year": null,
            "roe": 13.16,
            "roe_4q": 13.16,
            "gross_profit": 999486,
            "gross_margin": 24.37,
            "gross_margin_4q_avg": 6.09,
            "net_income": 440047,
            "revenue": 4100539,
            "common_shares": 800000,
            "book_valuer_per_share": 44.85,
            "book_valuer_per_share_4q_avg": 20.9,
            "equity": 3588315,
            "current_ratio": 139.38,
            "debt_ratio": 50.8,
            "inventory_turnover_ratio": 2.28,
            "account_receivable_turnover_ratio": 3.22,
            "reinvestment_rate": null,
            "research_to_sale_ratio": 0.24,
            "price_fair": 0,
            "eps_avg_yearly": 0,
            "eps_latest_yearly": 0,
            "eps_growth_yearly": 0
        },
        "20112": {
            "year_quarter": 20112,
            "year": 2011,
            "quarter": 2,
            "eps": 0.68,
            "eps_growth_year": null,
            "eps_4q": null,
            "eps_4q_growth_year": null,
            "roe": 1.62,
            "roe_4q": 14.780000000000001,
            "gross_profit": 293030,
            "gross_margin": 23.89,
            "gross_margin_4q_avg": 12.07,
            "net_income": 54258,
            "revenue": 1226755,
            "common_shares": 800000,
            "book_valuer_per_share": 39.04,
            "book_valuer_per_share_4q_avg": 30.66,
            "equity": 3123349,
            "current_ratio": 132.52,
            "debt_ratio": 48.1,
            "inventory_turnover_ratio": 1.14,
            "account_receivable_turnover_ratio": 1.53,
            "reinvestment_rate": null,
            "research_to_sale_ratio": 1.16,
            "price_fair": 8.16,
            "eps_avg_yearly": 2.72,
            "eps_latest_yearly": 2.72,
            "eps_growth_yearly": -350.55
        },
        "20113": {
            "year_quarter": 20113,
            "year": 2011,
            "quarter": 3,
            "eps": null,
            "eps_growth_year": null,
            "eps_4q": null,
            "eps_4q_growth_year": null,
            "roe": null,
            "roe_4q": 14.780000000000001,
            "gross_profit": 26979,
            "gross_margin": null,
            "gross_margin_4q_avg": 12.07,
            "net_income": -18366,
            "revenue": 321529,
            "common_shares": 800000,
            "book_valuer_per_share": 41.87,
            "book_valuer_per_share_4q_avg": 41.13,
            "equity": 3349676,
            "current_ratio": 135.43,
            "debt_ratio": 44.22,
            "inventory_turnover_ratio": null,
            "account_receivable_turnover_ratio": null,
            "reinvestment_rate": null,
            "research_to_sale_ratio": null,
            "price_fair": 8.16,
            "eps_avg_yearly": 2.72,
            "eps_latest_yearly": 2.72,
            "eps_growth_yearly": -350.55
        },
        "20114": {
            "year_quarter": 20114,
            "year": 2011,
            "quarter": 4,
            "eps": null,
            "eps_growth_year": null,
            "eps_4q": null,
            "eps_4q_growth_year": null,
            "roe": null,
            "roe_4q": 14.780000000000001,
            "gross_profit": 346713,
            "gross_margin": null,
            "gross_margin_4q_avg": 12.07,
            "net_income": 248557,
            "revenue": 1590728,
            "common_shares": 900000,
            "book_valuer_per_share": 48.42,
            "book_valuer_per_share_4q_avg": 43.55,
            "equity": 4358046,
            "current_ratio": 151.41,
            "debt_ratio": 45.33,
            "inventory_turnover_ratio": null,
            "account_receivable_turnover_ratio": null,
            "reinvestment_rate": null,
            "research_to_sale_ratio": null,
            "price_fair": 8.16,
            "eps_avg_yearly": 2.72,
            "eps_latest_yearly": 2.72,
            "eps_growth_yearly": -350.55
        },
        "20121": {
            "year_quarter": 20121,
            "year": 2012,
            "quarter": 1,
            "eps": 4.1,
            "eps_growth_year": -25.45,
            "eps_4q": 4.71,
            "eps_4q_growth_year": null,
            "roe": 8.23,
            "roe_4q": 9.850000000000001,
            "gross_profit": 826178,
            "gross_margin": 22.83,
            "gross_margin_4q_avg": 11.68,
            "net_income": 369395,
            "revenue": 3618996,
            "common_shares": 900000,
            "book_valuer_per_share": 51.32,
            "book_valuer_per_share_4q_avg": 45.16,
            "equity": 4618962,
            "current_ratio": 207.11,
            "debt_ratio": 31.51,
            "inventory_turnover_ratio": 1.94,
            "account_receivable_turnover_ratio": 3.27,
            "reinvestment_rate": null,
            "research_to_sale_ratio": 0.4,
            "price_fair": 8.16,
            "eps_avg_yearly": 2.72,
            "eps_latest_yearly": 2.72,
            "eps_growth_yearly": -350.55
        },
        "20122": {
            "year_quarter": 20122,
            "year": 2012,
            "quarter": 2,
            "eps": 0.35,
            "eps_growth_year": -48.84,
            "eps_4q": 3.77,
            "eps_4q_growth_year": null,
            "roe": 0.83,
            "roe_4q": 9.06,
            "gross_profit": 220821,
            "gross_margin": 21.62,
            "gross_margin_4q_avg": 11.11,
            "net_income": 37477,
            "revenue": 1021186,
            "common_shares": 900000,
            "book_valuer_per_share": 49.15,
            "book_valuer_per_share_4q_avg": 47.69,
            "equity": 4423526,
            "current_ratio": 248.22,
            "debt_ratio": 24.37,
            "inventory_turnover_ratio": 0.8,
            "account_receivable_turnover_ratio": 1.43,
            "reinvestment_rate": null,
            "research_to_sale_ratio": 1.74,
            "price_fair": 6.18,
            "eps_avg_yearly": 2.06,
            "eps_latest_yearly": 1.4,
            "eps_growth_yearly": -358.2
        },
        "20123": {
            "year_quarter": 20123,
            "year": 2012,
            "quarter": 3,
            "eps": -0.64,
            "eps_growth_year": null,
            "eps_4q": 3.13,
            "eps_4q_growth_year": null,
            "roe": -1.59,
            "roe_4q": 7.470000000000001,
            "gross_profit": 82001,
            "gross_margin": 22.63,
            "gross_margin_4q_avg": 16.77,
            "net_income": -68963,
            "revenue": 362304,
            "common_shares": 1080000,
            "book_valuer_per_share": 39.43,
            "book_valuer_per_share_4q_avg": 47.08,
            "equity": 4258811,
            "current_ratio": 248.69,
            "debt_ratio": 24.04,
            "inventory_turnover_ratio": 0.18,
            "account_receivable_turnover_ratio": 2.82,
            "reinvestment_rate": null,
            "research_to_sale_ratio": 4.9,
            "price_fair": 6.18,
            "eps_avg_yearly": 2.06,
            "eps_latest_yearly": 1.4,
            "eps_growth_yearly": -358.2
        },
        "20124": {
            "year_quarter": 20124,
            "year": 2012,
            "quarter": 4,
            "eps": 0.89,
            "eps_growth_year": null,
            "eps_4q": 4.02,
            "eps_4q_growth_year": null,
            "roe": 2.24,
            "roe_4q": 9.71,
            "gross_profit": 354603,
            "gross_margin": 22.08,
            "gross_margin_4q_avg": 22.29,
            "net_income": 96640,
            "revenue": 1606352,
            "common_shares": 1080000,
            "book_valuer_per_share": 40.3,
            "book_valuer_per_share_4q_avg": 45.05,
            "equity": 4352719,
            "current_ratio": 209.31,
            "debt_ratio": 30.89,
            "inventory_turnover_ratio": 0.63,
            "account_receivable_turnover_ratio": 2.65,
            "reinvestment_rate": null,
            "research_to_sale_ratio": 1.16,
            "price_fair": 6.18,
            "eps_avg_yearly": 2.06,
            "eps_latest_yearly": 1.4,
            "eps_growth_yearly": -358.2
        },
        "20131": {
            "year_quarter": 20131,
            "year": 2013,
            "quarter": 1,
            "eps": 2.68,
            "eps_growth_year": -34.63,
            "eps_4q": 3.28,
            "eps_4q_growth_year": -30.22,
            "roe": 6.31,
            "roe_4q": 7.790000000000001,
            "gross_profit": 731982,
            "gross_margin": 23.73,
            "gross_margin_4q_avg": 22.52,
            "net_income": 289621,
            "revenue": 3084562,
            "common_shares": 1080000,
            "book_valuer_per_share": 44.65,
            "book_valuer_per_share_4q_avg": 43.38,
            "equity": 4821841,
            "current_ratio": 287.91,
            "debt_ratio": 23.76,
            "inventory_turnover_ratio": 1.64,
            "account_receivable_turnover_ratio": 2.93,
            "reinvestment_rate": null,
            "research_to_sale_ratio": 0.7,
            "price_fair": 173.13,
            "eps_avg_yearly": 4.95,
            "eps_latest_yearly": 10.72,
            "eps_growth_yearly": 29.37
        },
        "20132": {
            "year_quarter": 20132,
            "year": 2013,
            "quarter": 2,
            "eps": -0.97,
            "eps_growth_year": -379.53,
            "eps_4q": 1.97,
            "eps_4q_growth_year": -47.81,
            "roe": -2.28,
            "roe_4q": 4.68,
            "gross_profit": 48097,
            "gross_margin": 6.64,
            "gross_margin_4q_avg": 18.77,
            "net_income": -104969,
            "revenue": 724009,
            "common_shares": 1080000,
            "book_valuer_per_share": 40.77,
            "book_valuer_per_share_4q_avg": 41.29,
            "equity": 4402911,
            "current_ratio": 302.4,
            "debt_ratio": 20.92,
            "inventory_turnover_ratio": 0.78,
            "account_receivable_turnover_ratio": 1.18,
            "reinvestment_rate": null,
            "research_to_sale_ratio": 3.03,
            "price_fair": 173.13,
            "eps_avg_yearly": 4.95,
            "eps_latest_yearly": 10.72,
            "eps_growth_yearly": 29.37
        },
        "20133": {
            "year_quarter": 20133,
            "year": 2013,
            "quarter": 3,
            "eps": -0.91,
            "eps_growth_year": null,
            "eps_4q": 1.69,
            "eps_4q_growth_year": -45.86,
            "roe": -2.27,
            "roe_4q": 4,
            "gross_profit": 6628,
            "gross_margin": 2.58,
            "gross_margin_4q_avg": 13.76,
            "net_income": -98350,
            "revenue": 256612,
            "common_shares": 1080000,
            "book_valuer_per_share": 39.36,
            "book_valuer_per_share_4q_avg": 41.27,
            "equity": 4251079,
            "current_ratio": 282.46,
            "debt_ratio": 22.33,
            "inventory_turnover_ratio": 0.18,
            "account_receivable_turnover_ratio": 1.6,
            "reinvestment_rate": null,
            "research_to_sale_ratio": 7.44,
            "price_fair": 173.13,
            "eps_avg_yearly": 4.95,
            "eps_latest_yearly": 10.72,
            "eps_growth_yearly": 29.37
        },
        "20134": {
            "year_quarter": 20134,
            "year": 2013,
            "quarter": 4,
            "eps": 1.34,
            "eps_growth_year": 50,
            "eps_4q": 2.14,
            "eps_4q_growth_year": -46.78,
            "roe": 3.33,
            "roe_4q": 5.09,
            "gross_profit": 357700,
            "gross_margin": 20.61,
            "gross_margin_4q_avg": 13.39,
            "net_income": 144957,
            "revenue": 1735791,
            "common_shares": 1080000,
            "book_valuer_per_share": 41.36,
            "book_valuer_per_share_4q_avg": 41.54,
            "equity": 4466471,
            "current_ratio": 189.42,
            "debt_ratio": 38.28,
            "inventory_turnover_ratio": 0.7,
            "account_receivable_turnover_ratio": 3.33,
            "reinvestment_rate": null,
            "research_to_sale_ratio": 1.12,
            "price_fair": 173.13,
            "eps_avg_yearly": 4.95,
            "eps_latest_yearly": 10.72,
            "eps_growth_yearly": 29.37
        },
        "20141": {
            "year_quarter": 20141,
            "year": 2014,
            "quarter": 1,
            "eps": -0.33,
            "eps_growth_year": -112.31,
            "eps_4q": -0.87,
            "eps_4q_growth_year": -126.35,
            "roe": -0.79,
            "roe_4q": -2.01,
            "gross_profit": 546421,
            "gross_margin": 17.74,
            "gross_margin_4q_avg": 11.89,
            "net_income": -35122,
            "revenue": 3080655,
            "common_shares": 1080000,
            "book_valuer_per_share": 40.94,
            "book_valuer_per_share_4q_avg": 40.61,
            "equity": 4421157,
            "current_ratio": 216.17,
            "debt_ratio": 32.94,
            "inventory_turnover_ratio": 1.61,
            "account_receivable_turnover_ratio": 2.79,
            "reinvestment_rate": null,
            "research_to_sale_ratio": 0.62,
            "price_fair": 173.13,
            "eps_avg_yearly": 4.95,
            "eps_latest_yearly": 10.72,
            "eps_growth_yearly": 29.37
        },
        "20142": {
            "year_quarter": 20142,
            "year": 2014,
            "quarter": 2,
            "eps": -1.22,
            "eps_growth_year": null,
            "eps_4q": -1.12,
            "eps_4q_growth_year": -156.78,
            "roe": -3.13,
            "roe_4q": -2.86,
            "gross_profit": 86018,
            "gross_margin": 9.21,
            "gross_margin_4q_avg": 12.54,
            "net_income": -132049,
            "revenue": 933586,
            "common_shares": 1080000,
            "book_valuer_per_share": 37.1,
            "book_valuer_per_share_4q_avg": 39.69,
            "equity": 4006330,
            "current_ratio": 234.86,
            "debt_ratio": 28.33,
            "inventory_turnover_ratio": 0.83,
            "account_receivable_turnover_ratio": 1.22,
            "reinvestment_rate": null,
            "research_to_sale_ratio": 2.17,
            "price_fair": 173.13,
            "eps_avg_yearly": 4.95,
            "eps_latest_yearly": 10.72,
            "eps_growth_yearly": 29.37
        },
        "20143": {
            "year_quarter": 20143,
            "year": 2014,
            "quarter": 3,
            "eps": -0.67,
            "eps_growth_year": null,
            "eps_4q": -0.89,
            "eps_4q_growth_year": -152.37,
            "roe": -1.81,
            "roe_4q": -2.3999999999999995,
            "gross_profit": 50585,
            "gross_margin": 18.39,
            "gross_margin_4q_avg": 16.49,
            "net_income": -72180,
            "revenue": 275077,
            "common_shares": 1080000,
            "book_valuer_per_share": 37.16,
            "book_valuer_per_share_4q_avg": 39.14,
            "equity": 3953823,
            "current_ratio": 202.88,
            "debt_ratio": 32.56,
            "inventory_turnover_ratio": 0.15,
            "account_receivable_turnover_ratio": 1.81,
            "reinvestment_rate": null,
            "research_to_sale_ratio": 7.68,
            "price_fair": 173.13,
            "eps_avg_yearly": 4.95,
            "eps_latest_yearly": 10.72,
            "eps_growth_yearly": 29.37
        },
        "20144": {
            "year_quarter": 20144,
            "year": 2014,
            "quarter": 4,
            "eps": 2.07,
            "eps_growth_year": 54.17,
            "eps_4q": -0.18,
            "eps_4q_growth_year": -108.53,
            "roe": 5.33,
            "roe_4q": -0.3999999999999999,
            "gross_profit": 622085,
            "gross_margin": 29.11,
            "gross_margin_4q_avg": 18.61,
            "net_income": 219936,
            "revenue": 2137039,
            "common_shares": 1062850,
            "book_valuer_per_share": 40.43,
            "book_valuer_per_share_4q_avg": 38.91,
            "equity": 4297238,
            "current_ratio": 192.83,
            "debt_ratio": 37.9,
            "inventory_turnover_ratio": 0.79,
            "account_receivable_turnover_ratio": 3.48,
            "reinvestment_rate": 14.85,
            "research_to_sale_ratio": 1.02,
            "price_fair": 173.13,
            "eps_avg_yearly": 4.95,
            "eps_latest_yearly": 10.72,
            "eps_growth_yearly": 29.37
        },
        "20151": {
            "year_quarter": 20151,
            "year": 2015,
            "quarter": 1,
            "eps": 3.88,
            "eps_growth_year": null,
            "eps_4q": 4.03,
            "eps_4q_growth_year": null,
            "roe": 9.2,
            "roe_4q": 9.59,
            "gross_profit": 905110,
            "gross_margin": 28.1,
            "gross_margin_4q_avg": 21.2,
            "net_income": 412742,
            "revenue": 3220512,
            "common_shares": 1062850,
            "book_valuer_per_share": 43.96,
            "book_valuer_per_share_4q_avg": 39.66,
            "equity": 4671890,
            "current_ratio": 244.85,
            "debt_ratio": 32.51,
            "inventory_turnover_ratio": 2.04,
            "account_receivable_turnover_ratio": 3.25,
            "reinvestment_rate": -1.62,
            "research_to_sale_ratio": 0.54,
            "price_fair": 265.65,
            "eps_avg_yearly": 7.59,
            "eps_latest_yearly": 15.52,
            "eps_growth_yearly": 109.46
        },
        "20152": {
            "year_quarter": 20152,
            "year": 2015,
            "quarter": 2,
            "eps": -0.6,
            "eps_growth_year": null,
            "eps_4q": 4.68,
            "eps_4q_growth_year": null,
            "roe": -1.4,
            "roe_4q": 11.319999999999999,
            "gross_profit": 56512,
            "gross_margin": 15.09,
            "gross_margin_4q_avg": 22.67,
            "net_income": -63457,
            "revenue": 374598,
            "common_shares": 1062850,
            "book_valuer_per_share": 41.2,
            "book_valuer_per_share_4q_avg": 40.69,
            "equity": 4378658,
            "current_ratio": 336.79,
            "debt_ratio": 24.03,
            "inventory_turnover_ratio": 0.48,
            "account_receivable_turnover_ratio": 0.72,
            "reinvestment_rate": -14,
            "research_to_sale_ratio": 5.61,
            "price_fair": 322.47,
            "eps_avg_yearly": 9.21,
            "eps_latest_yearly": 15.52,
            "eps_growth_yearly": 262.8
        },
        "20153": {
            "year_quarter": 20153,
            "year": 2015,
            "quarter": 3,
            "eps": -0.4,
            "eps_growth_year": null,
            "eps_4q": 5.05,
            "eps_4q_growth_year": null,
            "roe": -0.96,
            "roe_4q": 12.17,
            "gross_profit": 42856,
            "gross_margin": 22.39,
            "gross_margin_4q_avg": 23.67,
            "net_income": -42222,
            "revenue": 191369,
            "common_shares": 1062850,
            "book_valuer_per_share": 42.63,
            "book_valuer_per_share_4q_avg": 42.06,
            "equity": 4444684,
            "current_ratio": 225.59,
            "debt_ratio": 33.17,
            "inventory_turnover_ratio": 0.11,
            "account_receivable_turnover_ratio": 1.31,
            "reinvestment_rate": -34.71,
            "research_to_sale_ratio": 7.8,
            "price_fair": 322.47,
            "eps_avg_yearly": 9.21,
            "eps_latest_yearly": 15.52,
            "eps_growth_yearly": 262.8
        },
        "20154": {
            "year_quarter": 20154,
            "year": 2015,
            "quarter": 4,
            "eps": 1.39,
            "eps_growth_year": -32.63,
            "eps_4q": 4.34,
            "eps_4q_growth_year": null,
            "roe": 3.27,
            "roe_4q": 10.11,
            "gross_profit": 680626,
            "gross_margin": 32.51,
            "gross_margin_4q_avg": 24.52,
            "net_income": 145358,
            "revenue": 2093871,
            "common_shares": 1042610,
            "book_valuer_per_share": 42.69,
            "book_valuer_per_share_4q_avg": 42.62,
            "equity": 4450447,
            "current_ratio": 198.97,
            "debt_ratio": 39.34,
            "inventory_turnover_ratio": 0.89,
            "account_receivable_turnover_ratio": 3.54,
            "reinvestment_rate": -58.81,
            "research_to_sale_ratio": 0.74,
            "price_fair": 322.47,
            "eps_avg_yearly": 9.21,
            "eps_latest_yearly": 15.52,
            "eps_growth_yearly": 262.8
        },
        "20161": {
            "year_quarter": 20161,
            "year": 2016,
            "quarter": 1,
            "eps": 3.39,
            "eps_growth_year": -12.63,
            "eps_4q": 3.77,
            "eps_4q_growth_year": -6.56,
            "roe": 7.65,
            "roe_4q": 8.56,
            "gross_profit": 779324,
            "gross_margin": 32.06,
            "gross_margin_4q_avg": 25.51,
            "net_income": 353053,
            "revenue": 2430584,
            "common_shares": 1042610,
            "book_valuer_per_share": 45.79,
            "book_valuer_per_share_4q_avg": 43.08,
            "equity": 4773943,
            "current_ratio": 241.26,
            "debt_ratio": 33.11,
            "inventory_turnover_ratio": 1.8,
            "account_receivable_turnover_ratio": 2.66,
            "reinvestment_rate": -70.82,
            "research_to_sale_ratio": 0.62,
            "price_fair": 360.5,
            "eps_avg_yearly": 10.3,
            "eps_latest_yearly": 13.56,
            "eps_growth_yearly": 340.98
        },
        "20162": {
            "year_quarter": 20162,
            "year": 2016,
            "quarter": 2,
            "eps": 4.89,
            "eps_growth_year": null,
            "eps_4q": 9.27,
            "eps_4q_growth_year": 98.2,
            "roe": 10.65,
            "roe_4q": 20.61,
            "gross_profit": 86544,
            "gross_margin": 23.68,
            "gross_margin_4q_avg": 27.66,
            "net_income": 510197,
            "revenue": 365456,
            "common_shares": 1042610,
            "book_valuer_per_share": 46.13,
            "book_valuer_per_share_4q_avg": 44.31,
            "equity": 4809266,
            "current_ratio": 301.63,
            "debt_ratio": 26.87,
            "inventory_turnover_ratio": 0.44,
            "account_receivable_turnover_ratio": 0.87,
            "reinvestment_rate": -45.42,
            "research_to_sale_ratio": 9.81,
            "price_fair": 519.4,
            "eps_avg_yearly": 14.84,
            "eps_latest_yearly": 19.56,
            "eps_growth_yearly": 476.7
        },
        "20163": {
            "year_quarter": 20163,
            "year": 2016,
            "quarter": 3,
            "eps": -1.09,
            "eps_growth_year": null,
            "eps_4q": 8.58,
            "eps_4q_growth_year": 69.82,
            "roe": -2.43,
            "roe_4q": 19.14,
            "gross_profit": 31712,
            "gross_margin": 17.86,
            "gross_margin_4q_avg": 26.53,
            "net_income": -113650,
            "revenue": 177575,
            "common_shares": 1042610,
            "book_valuer_per_share": 43.76,
            "book_valuer_per_share_4q_avg": 44.59,
            "equity": 4562503,
            "current_ratio": 386.8,
            "debt_ratio": 21.29,
            "inventory_turnover_ratio": 0.11,
            "account_receivable_turnover_ratio": 1.93,
            "reinvestment_rate": -44.46,
            "research_to_sale_ratio": 13.04,
            "price_fair": 519.4,
            "eps_avg_yearly": 14.84,
            "eps_latest_yearly": 19.56,
            "eps_growth_yearly": 476.7
        },
        "20164": {
            "year_quarter": 20164,
            "year": 2016,
            "quarter": 4,
            "eps": 0.97,
            "eps_growth_year": -30.37,
            "eps_4q": 8.16,
            "eps_4q_growth_year": 88.06,
            "roe": 2.2,
            "roe_4q": 18.07,
            "gross_profit": 502910,
            "gross_margin": 27.28,
            "gross_margin_4q_avg": 25.22,
            "net_income": 101213,
            "revenue": 1843216,
            "common_shares": 1042610,
            "book_valuer_per_share": 44.56,
            "book_valuer_per_share_4q_avg": 45.06,
            "equity": 4646097,
            "current_ratio": 336.59,
            "debt_ratio": 24.76,
            "inventory_turnover_ratio": 0.84,
            "account_receivable_turnover_ratio": 2.93,
            "reinvestment_rate": -42.19,
            "research_to_sale_ratio": 1.38,
            "price_fair": 519.4,
            "eps_avg_yearly": 14.84,
            "eps_latest_yearly": 19.56,
            "eps_growth_yearly": 476.7
        },
        "20171": {
            "year_quarter": 20171,
            "year": 2017,
            "quarter": 1,
            "eps": 2.05,
            "eps_growth_year": -39.53,
            "eps_4q": 6.83,
            "eps_4q_growth_year": 81.28,
            "roe": 4.61,
            "roe_4q": 15.030000000000001,
            "gross_profit": 651353,
            "gross_margin": 25.67,
            "gross_margin_4q_avg": 23.62,
            "net_income": 214171,
            "revenue": 2537274,
            "common_shares": 1042610,
            "book_valuer_per_share": 44.47,
            "book_valuer_per_share_4q_avg": 44.73,
            "equity": 4636612,
            "current_ratio": 457.79,
            "debt_ratio": 21.15,
            "inventory_turnover_ratio": 2.02,
            "account_receivable_turnover_ratio": 2.51,
            "reinvestment_rate": -46.16,
            "research_to_sale_ratio": 0.94,
            "price_fair": 497.35,
            "eps_avg_yearly": 14.21,
            "eps_latest_yearly": 8.2,
            "eps_growth_yearly": 386.91
        },
        "20172": {
            "year_quarter": 20172,
            "year": 2017,
            "quarter": 2,
            "eps": -0.5,
            "eps_growth_year": -110.22,
            "eps_4q": 1.43,
            "eps_4q_growth_year": -84.57,
            "roe": -1.19,
            "roe_4q": 3.190000000000001,
            "gross_profit": 89447,
            "gross_margin": 20.87,
            "gross_margin_4q_avg": 22.92,
            "net_income": -52650,
            "revenue": 428522,
            "common_shares": 1042610,
            "book_valuer_per_share": 40.49,
            "book_valuer_per_share_4q_avg": 43.32,
            "equity": 4221787,
            "current_ratio": 287.42,
            "debt_ratio": 27.66,
            "inventory_turnover_ratio": 0.5,
            "account_receivable_turnover_ratio": 0.78,
            "reinvestment_rate": -35.61,
            "research_to_sale_ratio": 5.75,
            "price_fair": 497.35,
            "eps_avg_yearly": 14.21,
            "eps_latest_yearly": 8.2,
            "eps_growth_yearly": 386.91
        },
        "20173": {
            "year_quarter": 20173,
            "year": 2017,
            "quarter": 3,
            "eps": -1.2,
            "eps_growth_year": null,
            "eps_4q": 1.32,
            "eps_4q_growth_year": -84.6,
            "roe": -2.99,
            "roe_4q": 2.630000000000001,
            "gross_profit": 45089,
            "gross_margin": 18.64,
            "gross_margin_4q_avg": 23.12,
            "net_income": -124902,
            "revenue": 241936,
            "common_shares": 1042610,
            "book_valuer_per_share": 39.6,
            "book_valuer_per_share_4q_avg": 42.28,
            "equity": 4128714,
            "current_ratio": 271.66,
            "debt_ratio": 29.72,
            "inventory_turnover_ratio": 0.14,
            "account_receivable_turnover_ratio": 1.21,
            "reinvestment_rate": -27.9,
            "research_to_sale_ratio": 11.6,
            "price_fair": 497.35,
            "eps_avg_yearly": 14.21,
            "eps_latest_yearly": 8.2,
            "eps_growth_yearly": 386.91
        },
        "20174": {
            "year_quarter": 20174,
            "year": 2017,
            "quarter": 4,
            "eps": 0.08,
            "eps_growth_year": -91.66,
            "eps_4q": 0.43,
            "eps_4q_growth_year": -94.7,
            "roe": 0.2,
            "roe_4q": 0.6300000000000003,
            "gross_profit": 353121,
            "gross_margin": 21.27,
            "gross_margin_4q_avg": 21.61,
            "net_income": 8439,
            "revenue": 1660168,
            "common_shares": 1042610,
            "book_valuer_per_share": 39.66,
            "book_valuer_per_share_4q_avg": 41.06,
            "equity": 4135359,
            "current_ratio": 183.44,
            "debt_ratio": 42.46,
            "inventory_turnover_ratio": 0.7,
            "account_receivable_turnover_ratio": 2.28,
            "reinvestment_rate": -27.52,
            "research_to_sale_ratio": 1.63,
            "price_fair": 497.35,
            "eps_avg_yearly": 14.21,
            "eps_latest_yearly": 8.2,
            "eps_growth_yearly": 386.91
        },
        "20181": {
            "year_quarter": 20181,
            "year": 2018,
            "quarter": 1,
            "eps": 0.43,
            "eps_growth_year": -79.02,
            "eps_4q": -1.19,
            "eps_4q_growth_year": -117.49,
            "roe": 1.07,
            "roe_4q": -2.91,
            "gross_profit": 446223,
            "gross_margin": 16.4,
            "gross_margin_4q_avg": 19.3,
            "net_income": 44594,
            "revenue": 2720780,
            "common_shares": 1042610,
            "book_valuer_per_share": 40.49,
            "book_valuer_per_share_4q_avg": 40.06,
            "equity": 4221446,
            "current_ratio": 226.88,
            "debt_ratio": 37.91,
            "inventory_turnover_ratio": 1.77,
            "account_receivable_turnover_ratio": 1.76,
            "reinvestment_rate": -19.91,
            "research_to_sale_ratio": 0.79,
            "price_fair": 409.92,
            "eps_avg_yearly": 11.71,
            "eps_latest_yearly": 1.72,
            "eps_growth_yearly": 659.53
        },
        "20182": {
            "year_quarter": 20182,
            "year": 2018,
            "quarter": 2,
            "eps": -1.12,
            "eps_growth_year": null,
            "eps_4q": -1.81,
            "eps_4q_growth_year": -226.47,
            "roe": -2.82,
            "roe_4q": -4.54,
            "gross_profit": 91888,
            "gross_margin": 16.28,
            "gross_margin_4q_avg": 18.15,
            "net_income": -116675,
            "revenue": 564359,
            "common_shares": 1042610,
            "book_valuer_per_share": 38.9,
            "book_valuer_per_share_4q_avg": 39.66,
            "equity": 4055767,
            "current_ratio": 238.39,
            "debt_ratio": 35.1,
            "inventory_turnover_ratio": 0.47,
            "account_receivable_turnover_ratio": 0.48,
            "reinvestment_rate": -10.82,
            "research_to_sale_ratio": 4.51,
            "price_fair": 409.92,
            "eps_avg_yearly": 11.71,
            "eps_latest_yearly": 1.72,
            "eps_growth_yearly": 659.53
        },
        "20183": {
            "year_quarter": 20183,
            "year": 2018,
            "quarter": 3,
            "eps": -1.76,
            "eps_growth_year": null,
            "eps_4q": -2.37,
            "eps_4q_growth_year": -279.16,
            "roe": -4.7,
            "roe_4q": -6.249999999999999,
            "gross_profit": 53795,
            "gross_margin": 18.97,
            "gross_margin_4q_avg": 18.23,
            "net_income": -183304,
            "revenue": 283565,
            "common_shares": 1042610,
            "book_valuer_per_share": 35.99,
            "book_valuer_per_share_4q_avg": 38.76,
            "equity": 3752487,
            "current_ratio": 176.82,
            "debt_ratio": 44.15,
            "inventory_turnover_ratio": 0.13,
            "account_receivable_turnover_ratio": 0.69,
            "reinvestment_rate": -11.05,
            "research_to_sale_ratio": 9.49,
            "price_fair": 409.92,
            "eps_avg_yearly": 11.71,
            "eps_latest_yearly": 1.72,
            "eps_growth_yearly": 659.53
        },
        "20184": {
            "year_quarter": 20184,
            "year": 2018,
            "quarter": 4,
            "eps": 1.97,
            "eps_growth_year": 2330.01,
            "eps_4q": -0.48,
            "eps_4q_growth_year": -211.67,
            "roe": 5.29,
            "roe_4q": -1.16,
            "gross_profit": 657622,
            "gross_margin": 25.46,
            "gross_margin_4q_avg": 19.28,
            "net_income": 205068,
            "revenue": 2583313,
            "common_shares": 1042610,
            "book_valuer_per_share": 38.32,
            "book_valuer_per_share_4q_avg": 38.43,
            "equity": 3995515,
            "current_ratio": 167.43,
            "debt_ratio": 48.95,
            "inventory_turnover_ratio": 1.02,
            "account_receivable_turnover_ratio": 2.19,
            "reinvestment_rate": -12.1,
            "research_to_sale_ratio": 1.05,
            "price_fair": 409.92,
            "eps_avg_yearly": 11.71,
            "eps_latest_yearly": 1.72,
            "eps_growth_yearly": 659.53
        },
        "20191": {
            "year_quarter": 20191,
            "year": 2019,
            "quarter": 1,
            "eps": 1.6,
            "eps_growth_year": 272.09,
            "eps_4q": 0.69,
            "eps_4q_growth_year": null,
            "roe": 4.06,
            "roe_4q": 1.8299999999999996,
            "gross_profit": 564208,
            "gross_margin": 21.3,
            "gross_margin_4q_avg": 20.5,
            "net_income": 167217,
            "revenue": 2648718,
            "common_shares": 1042610,
            "book_valuer_per_share": 40.73,
            "book_valuer_per_share_4q_avg": 38.49,
            "equity": 4246034,
            "current_ratio": 212.68,
            "debt_ratio": 36.24,
            "inventory_turnover_ratio": 1.83,
            "account_receivable_turnover_ratio": 1.2,
            "reinvestment_rate": -9.37,
            "research_to_sale_ratio": 0.82,
            "price_fair": 346.08,
            "eps_avg_yearly": 9.89,
            "eps_latest_yearly": 6.4,
            "eps_growth_yearly": 574.55
        },
        "20192": {
            "year_quarter": 20192,
            "year": 2019,
            "quarter": 2,
            "eps": -0.74,
            "eps_growth_year": null,
            "eps_4q": 1.08,
            "eps_4q_growth_year": null,
            "roe": -1.83,
            "roe_4q": 2.8199999999999994,
            "gross_profit": 79231,
            "gross_margin": 15.43,
            "gross_margin_4q_avg": 20.29,
            "net_income": -76684,
            "revenue": 513405,
            "common_shares": 1042610,
            "book_valuer_per_share": 39.62,
            "book_valuer_per_share_4q_avg": 38.67,
            "equity": 4130547,
            "current_ratio": 282.3,
            "debt_ratio": 25.17,
            "inventory_turnover_ratio": 0.59,
            "account_receivable_turnover_ratio": 0.39,
            "reinvestment_rate": -6.02,
            "research_to_sale_ratio": 4.14,
            "price_fair": 346.08,
            "eps_avg_yearly": 9.89,
            "eps_latest_yearly": 6.4,
            "eps_growth_yearly": 574.55
        },
        "20193": {
            "year_quarter": 20193,
            "year": 2019,
            "quarter": 3,
            "eps": -1.25,
            "eps_growth_year": null,
            "eps_4q": 1.59,
            "eps_4q_growth_year": null,
            "roe": -3.26,
            "roe_4q": 4.26,
            "gross_profit": 21576,
            "gross_margin": 15.84,
            "gross_margin_4q_avg": 19.51,
            "net_income": -130263,
            "revenue": 136227,
            "common_shares": 1042610,
            "book_valuer_per_share": 37.09,
            "book_valuer_per_share_4q_avg": 38.94,
            "equity": 3867028,
            "current_ratio": 220.7,
            "debt_ratio": 32.05,
            "inventory_turnover_ratio": 0.1,
            "account_receivable_turnover_ratio": 0.6,
            "reinvestment_rate": -15.12,
            "research_to_sale_ratio": 13.17,
            "price_fair": 346.08,
            "eps_avg_yearly": 9.89,
            "eps_latest_yearly": 6.4,
            "eps_growth_yearly": 574.55
        },
        "20194": {
            "year_quarter": 20194,
            "year": 2019,
            "quarter": 4,
            "eps": 0.84,
            "eps_growth_year": -57.04,
            "eps_4q": 0.46,
            "eps_4q_growth_year": null,
            "roe": 2.27,
            "roe_4q": 1.2399999999999998,
            "gross_profit": 374494,
            "gross_margin": 27.98,
            "gross_margin_4q_avg": 20.14,
            "net_income": 88098,
            "revenue": 1338651,
            "common_shares": 1042610,
            "book_valuer_per_share": 37.46,
            "book_valuer_per_share_4q_avg": 38.73,
            "equity": 3906035,
            "current_ratio": 210.08,
            "debt_ratio": 34.69,
            "inventory_turnover_ratio": 0.73,
            "account_receivable_turnover_ratio": 2.41,
            "reinvestment_rate": -13.08,
            "research_to_sale_ratio": 1.3,
            "price_fair": 346.08,
            "eps_avg_yearly": 9.89,
            "eps_latest_yearly": 6.4,
            "eps_growth_yearly": 574.55
        },
        "20201": {
            "year_quarter": 20201,
            "year": 2020,
            "quarter": 1,
            "eps": 1.52,
            "eps_growth_year": -5,
            "eps_4q": 0.38,
            "eps_4q_growth_year": -44.86,
            "roe": 4.02,
            "roe_4q": 1.1999999999999993,
            "gross_profit": 432574,
            "gross_margin": 28.34,
            "gross_margin_4q_avg": 21.9,
            "net_income": 158715,
            "revenue": 1526409,
            "common_shares": 1042610,
            "book_valuer_per_share": 38.3,
            "book_valuer_per_share_4q_avg": 38.12,
            "equity": 3992862,
            "current_ratio": 256.42,
            "debt_ratio": 29.14,
            "inventory_turnover_ratio": 1.18,
            "account_receivable_turnover_ratio": 1.38,
            "reinvestment_rate": -0.16,
            "research_to_sale_ratio": 1.09,
            "price_fair": 293.72,
            "eps_avg_yearly": 8.39,
            "eps_latest_yearly": 6.08,
            "eps_growth_yearly": 524.21
        },
        "20202": {
            "year_quarter": 20202,
            "year": 2020,
            "quarter": 2,
            "eps": -0.1,
            "eps_growth_year": null,
            "eps_4q": 1.02,
            "eps_4q_growth_year": -5.39,
            "roe": -0.26,
            "roe_4q": 2.7699999999999996,
            "gross_profit": 201558,
            "gross_margin": 25.04,
            "gross_margin_4q_avg": 24.3,
            "net_income": -10303,
            "revenue": 804955,
            "common_shares": 1042610,
            "book_valuer_per_share": 37.62,
            "book_valuer_per_share_4q_avg": 37.62,
            "equity": 3922701,
            "current_ratio": 330.53,
            "debt_ratio": 22.55,
            "inventory_turnover_ratio": 1.1,
            "account_receivable_turnover_ratio": 0.87,
            "reinvestment_rate": -61.72,
            "research_to_sale_ratio": 2.33,
            "price_fair": 196,
            "eps_avg_yearly": 5.6,
            "eps_latest_yearly": 6.08,
            "eps_growth_yearly": 611.01
        },
        "20203": {
            "year_quarter": 20203,
            "year": 2020,
            "quarter": 3,
            "eps": -3.08,
            "eps_growth_year": null,
            "eps_4q": -0.81,
            "eps_4q_growth_year": -151.26,
            "roe": -8.49,
            "roe_4q": -2.4600000000000004,
            "gross_profit": 60828,
            "gross_margin": 31.52,
            "gross_margin_4q_avg": 28.22,
            "net_income": -321255,
            "revenue": 192974,
            "common_shares": 1042610,
            "book_valuer_per_share": 34.95,
            "book_valuer_per_share_4q_avg": 37.08,
            "equity": 3644187,
            "current_ratio": 287.96,
            "debt_ratio": 25.21,
            "inventory_turnover_ratio": 0.22,
            "account_receivable_turnover_ratio": 0.47,
            "reinvestment_rate": null,
            "research_to_sale_ratio": 4.75,
            "price_fair": 196,
            "eps_avg_yearly": 5.6,
            "eps_latest_yearly": 6.08,
            "eps_growth_yearly": 611.01
        },
        "20204": {
            "year_quarter": 20204,
            "year": 2020,
            "quarter": 4,
            "eps": 0.51,
            "eps_growth_year": -40.23,
            "eps_4q": -1.15,
            "eps_4q_growth_year": -348.49,
            "roe": 1.42,
            "roe_4q": -3.3100000000000005,
            "gross_profit": 241619,
            "gross_margin": 34.08,
            "gross_margin_4q_avg": 29.75,
            "net_income": 52652,
            "revenue": 709003,
            "common_shares": 1042610,
            "book_valuer_per_share": 36.03,
            "book_valuer_per_share_4q_avg": 36.73,
            "equity": 3756598,
            "current_ratio": 275.67,
            "debt_ratio": 32.79,
            "inventory_turnover_ratio": 0.65,
            "account_receivable_turnover_ratio": 1.81,
            "reinvestment_rate": null,
            "research_to_sale_ratio": 1.38,
            "price_fair": 196,
            "eps_avg_yearly": 5.6,
            "eps_latest_yearly": 6.08,
            "eps_growth_yearly": 611.01
        },
        "20211": {
            "year_quarter": 20211,
            "year": 2021,
            "quarter": 1,
            "eps": 1.32,
            "eps_growth_year": -13.16,
            "eps_4q": -1.35,
            "eps_4q_growth_year": -453.15,
            "roe": 3.62,
            "roe_4q": -3.71,
            "gross_profit": 318399,
            "gross_margin": 29.37,
            "gross_margin_4q_avg": 30,
            "net_income": 138120,
            "revenue": 1084080,
            "common_shares": 1042610,
            "book_valuer_per_share": 37.14,
            "book_valuer_per_share_4q_avg": 36.44,
            "equity": 3872612,
            "current_ratio": 256.64,
            "debt_ratio": 35.55,
            "inventory_turnover_ratio": 1.46,
            "account_receivable_turnover_ratio": 1.48,
            "reinvestment_rate": null,
            "research_to_sale_ratio": 0.32,
            "price_fair": 170.45,
            "eps_avg_yearly": 4.87,
            "eps_latest_yearly": 5.28,
            "eps_growth_yearly": 658.49
        },
        "20212": {
            "year_quarter": 20212,
            "year": 2021,
            "quarter": 2,
            "eps": -0.77,
            "eps_growth_year": null,
            "eps_4q": -2.02,
            "eps_4q_growth_year": -298.69,
            "roe": -2.12,
            "roe_4q": -5.57,
            "gross_profit": 30188,
            "gross_margin": 7.55,
            "gross_margin_4q_avg": 25.63,
            "net_income": -80622,
            "revenue": 400077,
            "common_shares": 1042610,
            "book_valuer_per_share": 35.76,
            "book_valuer_per_share_4q_avg": 35.97,
            "equity": 3728188,
            "current_ratio": 216.56,
            "debt_ratio": 42.18,
            "inventory_turnover_ratio": 1.17,
            "account_receivable_turnover_ratio": 0.65,
            "reinvestment_rate": null,
            "research_to_sale_ratio": 0.27,
            "price_fair": 170.45,
            "eps_avg_yearly": 4.87,
            "eps_latest_yearly": 5.28,
            "eps_growth_yearly": 658.49
        },
        "20213": {
            "year_quarter": 20213,
            "year": 2021,
            "quarter": 3,
            "eps": -1.89,
            "eps_growth_year": null,
            "eps_4q": -0.84,
            "eps_4q_growth_year": null,
            "roe": -5.43,
            "roe_4q": -2.51,
            "gross_profit": -111480,
            "gross_margin": -602.4,
            "gross_margin_4q_avg": -132.85,
            "net_income": -197341,
            "revenue": 18506,
            "common_shares": 1042610,
            "book_valuer_per_share": 33.9,
            "book_valuer_per_share_4q_avg": 35.71,
            "equity": 3534279,
            "current_ratio": 239.1,
            "debt_ratio": 38.13,
            "inventory_turnover_ratio": 0.49,
            "account_receivable_turnover_ratio": 0.08,
            "reinvestment_rate": null,
            "research_to_sale_ratio": 3.5,
            "price_fair": 170.45,
            "eps_avg_yearly": 4.87,
            "eps_latest_yearly": 5.28,
            "eps_growth_yearly": 658.49
        }
    },
    "months": {
        "2011-12": {
            "month": "2011-12",
            "price": "69.80",
            "revenue": 1009978
        },
        "2012-01": {
            "month": "2012-01",
            "price": "72.30",
            "revenue": 1233621
        },
        "2012-02": {
            "month": "2012-02",
            "price": "78.54",
            "revenue": 992799
        },
        "2012-03": {
            "month": "2012-03",
            "price": "76.76",
            "revenue": 1392576
        },
        "2012-04": {
            "month": "2012-04",
            "price": "84.16",
            "revenue": 718118
        },
        "2012-05": {
            "month": "2012-05",
            "price": "83.36",
            "revenue": 245151
        },
        "2012-06": {
            "month": "2012-06",
            "price": "76.98",
            "revenue": 57917
        },
        "2012-07": {
            "month": "2012-07",
            "price": "64.15",
            "revenue": 148786
        },
        "2012-08": {
            "month": "2012-08",
            "price": "68.30",
            "revenue": 100466
        },
        "2012-09": {
            "month": "2012-09",
            "price": "69.88",
            "revenue": 113052
        },
        "2012-10": {
            "month": "2012-10",
            "price": "66.80",
            "revenue": 77308
        },
        "2012-11": {
            "month": "2012-11",
            "price": "62.69",
            "revenue": 398367
        },
        "2012-12": {
            "month": "2012-12",
            "price": "63.81",
            "revenue": 1130676
        },
        "2013-01": {
            "month": "2013-01",
            "price": "61.50",
            "revenue": 1275852
        },
        "2013-02": {
            "month": "2013-02",
            "price": "63.28",
            "revenue": 819487
        },
        "2013-03": {
            "month": "2013-03",
            "price": "61.40",
            "revenue": 989223
        },
        "2013-04": {
            "month": "2013-04",
            "price": "60.52",
            "revenue": 557457
        },
        "2013-05": {
            "month": "2013-05",
            "price": "61.14",
            "revenue": 67639
        },
        "2013-06": {
            "month": "2013-06",
            "price": "62.35",
            "revenue": 98913
        },
        "2013-07": {
            "month": "2013-07",
            "price": "64.26",
            "revenue": 115088
        },
        "2013-08": {
            "month": "2013-08",
            "price": "62.51",
            "revenue": 52246
        },
        "2013-09": {
            "month": "2013-09",
            "price": "59.92",
            "revenue": 89278
        },
        "2013-10": {
            "month": "2013-10",
            "price": "54.67",
            "revenue": 96132
        },
        "2013-11": {
            "month": "2013-11",
            "price": "57.60",
            "revenue": 681712
        },
        "2013-12": {
            "month": "2013-12",
            "price": "60.50",
            "revenue": 957947
        },
        "2014-01": {
            "month": "2014-01",
            "price": "59.83",
            "revenue": 947625
        },
        "2014-02": {
            "month": "2014-02",
            "price": "59.80",
            "revenue": 891426
        },
        "2014-03": {
            "month": "2014-03",
            "price": "55.15",
            "revenue": 1241604
        },
        "2014-04": {
            "month": "2014-04",
            "price": "53.40",
            "revenue": 729441
        },
        "2014-05": {
            "month": "2014-05",
            "price": "50.68",
            "revenue": 139222
        },
        "2014-06": {
            "month": "2014-06",
            "price": "50.26",
            "revenue": 64923
        },
        "2014-07": {
            "month": "2014-07",
            "price": "48.84",
            "revenue": 101263
        },
        "2014-08": {
            "month": "2014-08",
            "price": "50.48",
            "revenue": 91019
        },
        "2014-09": {
            "month": "2014-09",
            "price": "51.26",
            "revenue": 82795
        },
        "2014-10": {
            "month": "2014-10",
            "price": "48.53",
            "revenue": 123401
        },
        "2014-11": {
            "month": "2014-11",
            "price": "46.12",
            "revenue": 920681
        },
        "2014-12": {
            "month": "2014-12",
            "price": "44.95",
            "revenue": 1092957
        },
        "2015-01": {
            "month": "2015-01",
            "price": "46.95",
            "revenue": 1308593
        },
        "2015-02": {
            "month": "2015-02",
            "price": "51.07",
            "revenue": 1015081
        },
        "2015-03": {
            "month": "2015-03",
            "price": "51.60",
            "revenue": 896838
        },
        "2015-04": {
            "month": "2015-04",
            "price": "57.79",
            "revenue": 225579
        },
        "2015-05": {
            "month": "2015-05",
            "price": "50.17",
            "revenue": 74737
        },
        "2015-06": {
            "month": "2015-06",
            "price": "45.07",
            "revenue": 74283
        },
        "2015-07": {
            "month": "2015-07",
            "price": "42.76",
            "revenue": 98537
        },
        "2015-08": {
            "month": "2015-08",
            "price": "44.19",
            "revenue": 37899
        },
        "2015-09": {
            "month": "2015-09",
            "price": "47.27",
            "revenue": 54932
        },
        "2015-10": {
            "month": "2015-10",
            "price": "49.50",
            "revenue": 263702
        },
        "2015-11": {
            "month": "2015-11",
            "price": "55.74",
            "revenue": 652132
        },
        "2015-12": {
            "month": "2015-12",
            "price": "53.66",
            "revenue": 1178037
        },
        "2016-01": {
            "month": "2016-01",
            "price": "51.42",
            "revenue": 889502
        },
        "2016-02": {
            "month": "2016-02",
            "price": "50.89",
            "revenue": 716049
        },
        "2016-03": {
            "month": "2016-03",
            "price": "52.97",
            "revenue": 825033
        },
        "2016-04": {
            "month": "2016-04",
            "price": "55.74",
            "revenue": 233292
        },
        "2016-05": {
            "month": "2016-05",
            "price": "57.19",
            "revenue": 82023
        },
        "2016-06": {
            "month": "2016-06",
            "price": "64.79",
            "revenue": 50141
        },
        "2016-07": {
            "month": "2016-07",
            "price": "68.24",
            "revenue": 56442
        },
        "2016-08": {
            "month": "2016-08",
            "price": "70.47",
            "revenue": 52783
        },
        "2016-09": {
            "month": "2016-09",
            "price": "76.14",
            "revenue": 68350
        },
        "2016-10": {
            "month": "2016-10",
            "price": "72.38",
            "revenue": 324226
        },
        "2016-11": {
            "month": "2016-11",
            "price": "67.45",
            "revenue": 522758
        },
        "2016-12": {
            "month": "2016-12",
            "price": "65.64",
            "revenue": 996233
        },
        "2017-01": {
            "month": "2017-01",
            "price": "65.09",
            "revenue": 975380
        },
        "2017-02": {
            "month": "2017-02",
            "price": "64.46",
            "revenue": 772177
        },
        "2017-03": {
            "month": "2017-03",
            "price": "64.00",
            "revenue": 789716
        },
        "2017-04": {
            "month": "2017-04",
            "price": "57.20",
            "revenue": 292475
        },
        "2017-05": {
            "month": "2017-05",
            "price": "53.61",
            "revenue": 84966
        },
        "2017-06": {
            "month": "2017-06",
            "price": "54.82",
            "revenue": 51082
        },
        "2017-07": {
            "month": "2017-07",
            "price": "53.56",
            "revenue": 130220
        },
        "2017-08": {
            "month": "2017-08",
            "price": "51.64",
            "revenue": 47575
        },
        "2017-09": {
            "month": "2017-09",
            "price": "50.16",
            "revenue": 64141
        },
        "2017-10": {
            "month": "2017-10",
            "price": "49.22",
            "revenue": 205422
        },
        "2017-11": {
            "month": "2017-11",
            "price": "45.92",
            "revenue": 529176
        },
        "2017-12": {
            "month": "2017-12",
            "price": "43.95",
            "revenue": 925569
        },
        "2018-01": {
            "month": "2018-01",
            "price": "43.57",
            "revenue": 1223048
        },
        "2018-02": {
            "month": "2018-02",
            "price": "42.15",
            "revenue": 445976
        },
        "2018-03": {
            "month": "2018-03",
            "price": "40.82",
            "revenue": 1051756
        },
        "2018-04": {
            "month": "2018-04",
            "price": "39.75",
            "revenue": 349834
        },
        "2018-05": {
            "month": "2018-05",
            "price": "40.52",
            "revenue": 160335
        },
        "2018-06": {
            "month": "2018-06",
            "price": "41.92",
            "revenue": 54190
        },
        "2018-07": {
            "month": "2018-07",
            "price": "43.08",
            "revenue": 119234
        },
        "2018-08": {
            "month": "2018-08",
            "price": "42.12",
            "revenue": 78382
        },
        "2018-09": {
            "month": "2018-09",
            "price": "41.58",
            "revenue": 85950
        },
        "2018-10": {
            "month": "2018-10",
            "price": "38.70",
            "revenue": 304354
        },
        "2018-11": {
            "month": "2018-11",
            "price": "37.33",
            "revenue": 1173051
        },
        "2018-12": {
            "month": "2018-12",
            "price": "39.62",
            "revenue": 1105908
        },
        "2019-01": {
            "month": "2019-01",
            "price": "39.80",
            "revenue": 1131642
        },
        "2019-02": {
            "month": "2019-02",
            "price": "39.54",
            "revenue": 662511
        },
        "2019-03": {
            "month": "2019-03",
            "price": "39.59",
            "revenue": 854565
        },
        "2019-04": {
            "month": "2019-04",
            "price": "39.41",
            "revenue": 395670
        },
        "2019-05": {
            "month": "2019-05",
            "price": "39.17",
            "revenue": 81754
        },
        "2019-06": {
            "month": "2019-06",
            "price": "39.23",
            "revenue": 35981
        },
        "2019-07": {
            "month": "2019-07",
            "price": "40.11",
            "revenue": 60359
        },
        "2019-08": {
            "month": "2019-08",
            "price": "38.92",
            "revenue": 46071
        },
        "2019-09": {
            "month": "2019-09",
            "price": "39.45",
            "revenue": 29796
        },
        "2019-10": {
            "month": "2019-10",
            "price": "39.32",
            "revenue": 191547
        },
        "2019-11": {
            "month": "2019-11",
            "price": "38.58",
            "revenue": 463264
        },
        "2019-12": {
            "month": "2019-12",
            "price": "42.55",
            "revenue": 683836
        },
        "2020-01": {
            "month": "2020-01",
            "price": "49.46",
            "revenue": 587411
        },
        "2020-02": {
            "month": "2020-02",
            "price": "48.34",
            "revenue": 345595
        },
        "2020-03": {
            "month": "2020-03",
            "price": "41.10",
            "revenue": 593402
        },
        "2020-04": {
            "month": "2020-04",
            "price": "42.06",
            "revenue": 441095
        },
        "2020-05": {
            "month": "2020-05",
            "price": "48.23",
            "revenue": 214505
        },
        "2020-06": {
            "month": "2020-06",
            "price": "46.76",
            "revenue": 150492
        },
        "2020-07": {
            "month": "2020-07",
            "price": "45.76",
            "revenue": 67026
        },
        "2020-08": {
            "month": "2020-08",
            "price": "42.57",
            "revenue": 49681
        },
        "2020-09": {
            "month": "2020-09",
            "price": "43.37",
            "revenue": 75130
        },
        "2020-10": {
            "month": "2020-10",
            "price": "44.91",
            "revenue": 262808
        },
        "2020-11": {
            "month": "2020-11",
            "price": "43.73",
            "revenue": 212347
        },
        "2020-12": {
            "month": "2020-12",
            "price": "45.24",
            "revenue": 233852
        },
        "2021-01": {
            "month": "2021-01",
            "price": "40.15",
            "revenue": 345667
        },
        "2021-02": {
            "month": "2021-02",
            "price": "45.64",
            "revenue": 316768
        },
        "2021-03": {
            "month": "2021-03",
            "price": "51.51",
            "revenue": 421644
        },
        "2021-04": {
            "month": "2021-04",
            "price": "51.29",
            "revenue": 206042
        },
        "2021-05": {
            "month": "2021-05",
            "price": "51.32",
            "revenue": 139548
        },
        "2021-06": {
            "month": "2021-06",
            "price": "50.60",
            "revenue": 54488
        },
        "2021-07": {
            "month": "2021-07",
            "price": "48.24",
            "revenue": 22254
        },
        "2021-08": {
            "month": "2021-08",
            "price": "46.46",
            "revenue": 10426
        },
        "2021-09": {
            "month": "2021-09",
            "price": "46.71",
            "revenue": 2826
        },
        "2021-10": {
            "month": "2021-10",
            "price": "46.49",
            "revenue": 51356
        },
        "2021-11": {
            "month": "2021-11",
            "price": "67.01",
            "revenue": 67500
        },
        "2021-12": {
            "month": "2021-12",
            "price": "73.26",
            "revenue": 13971
        },
        "2022-01": {
            "month": "2022-01",
            "price": "74.06",
            "revenue": 1790
        }
    }
}
