{
    "summary": {
        "stock_name": "金麗-KY",
        "stock_id": "8429",
        "category": "貿易百貨",
        "main_business": "自有品牌休閒鞋、休閒服飾(牛仔服飾)及配件之設計、生產及銷售",
        "website_url": "http://www.jinligroup.com.tw",
        "ceo": "陳泓霖",
        "pe_ratio": -206,
        "report_year_from": 2010,
        "report_year_to": 2023,
        "age": 14,
        "eps_negative_percentage": 33,
        "eps_growth_avg": {
            "last_all": -36.09,
            "last_2y": -100,
            "last_4y": -100,
            "last_8y": -48.1,
            "last_12y": null,
            "last_16y": null,
            "last_20y": null,
            "at_2006_last_3y": null,
            "at_2007_last_3y": null,
            "at_2008_last_3y": null,
            "at_2009_last_3y": null,
            "at_2010_last_3y": null,
            "at_2011_last_3y": null,
            "at_2012_last_3y": null,
            "at_2013_last_3y": null,
            "at_2014_last_3y": null,
            "at_2015_last_3y": null,
            "at_2016_last_3y": -5.19,
            "at_2017_last_3y": -20.02,
            "at_2018_last_3y": -22.15,
            "at_2019_last_3y": -45.87,
            "at_2020_last_3y": -55.99,
            "at_2021_last_3y": -51.29,
            "at_2022_last_3y": -100,
            "at_2023_last_3y": -100,
            "at_2024_last_3y": -100,
            "at_2006_last_all": null,
            "at_2007_last_all": null,
            "at_2008_last_all": null,
            "at_2009_last_all": null,
            "at_2010_last_all": null,
            "at_2011_last_all": null,
            "at_2012_last_all": null,
            "at_2013_last_all": null,
            "at_2014_last_all": -0.06,
            "at_2015_last_all": -1.75,
            "at_2016_last_all": -5.19,
            "at_2017_last_all": -17.23,
            "at_2018_last_all": -14.79,
            "at_2019_last_all": -26.96,
            "at_2020_last_all": -26.96,
            "at_2021_last_all": -26.96,
            "at_2022_last_all": -36.09,
            "at_2023_last_all": -36.09,
            "at_2024_last_all": -36.09
        },
        "latest_eps": -0.05,
        "latest_price": 10.3,
        "latest_roe": -0.15,
        "latest_gross_margin": 14.46,
        "latest_equity": 6237363,
        "latest_revenue": 80200,
        "latest_gross_profit": 11595,
        "latest_net_income": 407,
        "latest_debt_ratio": 10.24,
        "latest_current_ratio": 7476.06,
        "latest_account_receivable_turnover_ratio": 4.12,
        "latest_inventory_turnover_ratio": null,
        "latest_reinvestment_rate": null,
        "latest_research_to_sale_ratio": 0.76
    },
    "eps_dividends": {
        "2001": {
            "cash": 0,
            "stock": 0,
            "eps": 0
        },
        "2002": {
            "cash": 0,
            "stock": 0,
            "eps": 0
        },
        "2003": {
            "cash": 0,
            "stock": 0,
            "eps": 0
        },
        "2004": {
            "cash": 0,
            "stock": 0,
            "eps": 0
        },
        "2005": {
            "cash": 0,
            "stock": 0,
            "eps": 0
        },
        "2006": {
            "cash": 0,
            "stock": 0,
            "eps": 0
        },
        "2007": {
            "cash": 0,
            "stock": 0,
            "eps": 0
        },
        "2008": {
            "cash": 0,
            "stock": 0,
            "eps": 0
        },
        "2009": {
            "cash": 0,
            "stock": 0,
            "eps": 0
        },
        "2010": {
            "cash": 0,
            "stock": 0,
            "eps": 0
        },
        "2011": {
            "cash": 4.34,
            "stock": 0,
            "eps": 0
        },
        "2012": {
            "cash": 0,
            "stock": 0,
            "eps": 8.4
        },
        "2013": {
            "cash": 4.3,
            "stock": 0,
            "eps": 7.89
        },
        "2014": {
            "cash": 3.95,
            "stock": 0,
            "eps": 8.36
        },
        "2015": {
            "cash": 0.7,
            "stock": 0.65,
            "eps": 7.93
        },
        "2016": {
            "cash": 0.4,
            "stock": 3,
            "eps": 6.7
        },
        "2017": {
            "cash": 0.7,
            "stock": 0.3,
            "eps": 2.32
        },
        "2018": {
            "cash": 0.13,
            "stock": 0.17,
            "eps": 2.26
        },
        "2019": {
            "cash": 0.13,
            "stock": 0.17,
            "eps": -0.28
        },
        "2020": {
            "cash": 0.02,
            "stock": 0,
            "eps": -2.7
        },
        "2021": {
            "cash": 0,
            "stock": 0,
            "eps": 0.12
        },
        "2022": {
            "cash": 0,
            "stock": 0,
            "eps": -1.08
        },
        "2023": {
            "cash": 0,
            "stock": 0,
            "eps": -0.09
        }
    },
    "dividends": {
        "2011-01-01": {
            "cash": 4.34,
            "stock": 0
        },
        "2013-04-26": {
            "cash": 4.3,
            "stock": 0
        },
        "2014-09-19": {
            "cash": 3.95,
            "stock": 0
        },
        "2015-10-08": {
            "cash": 0.7,
            "stock": 0.65
        },
        "2016-09-30": {
            "cash": 0.4,
            "stock": 3
        },
        "2017-09-27": {
            "cash": 0.7,
            "stock": 0.3
        },
        "2018-09-27": {
            "cash": 0.13,
            "stock": 0.17
        },
        "2019-09-27": {
            "cash": 0.13,
            "stock": 0.17
        },
        "2020-09-30": {
            "cash": 0.02,
            "stock": 0
        }
    },
    "prices": {
        "200101": "無",
        "200102": "無",
        "200103": "無",
        "200104": "無",
        "200105": "無",
        "200106": "無",
        "200107": "無",
        "200108": "無",
        "200109": "無",
        "200110": "無",
        "200111": "無",
        "200112": "無",
        "200201": "無",
        "200202": "無",
        "200203": "無",
        "200204": "無",
        "200205": "無",
        "200206": "無",
        "200207": "無",
        "200208": "無",
        "200209": "無",
        "200210": "無",
        "200211": "無",
        "200212": "無",
        "200301": "無",
        "200302": "無",
        "200303": "無",
        "200304": "無",
        "200305": "無",
        "200306": "無",
        "200307": "無",
        "200308": "無",
        "200309": "無",
        "200310": "無",
        "200311": "無",
        "200312": "無",
        "200401": "無",
        "200402": "無",
        "200403": "無",
        "200404": "無",
        "200405": "無",
        "200406": "無",
        "200407": "無",
        "200408": "無",
        "200409": "無",
        "200410": "無",
        "200411": "無",
        "200412": "無",
        "200501": "無",
        "200502": "無",
        "200503": "無",
        "200504": "無",
        "200505": "無",
        "200506": "無",
        "200507": "無",
        "200508": "無",
        "200509": "無",
        "200510": "無",
        "200511": "無",
        "200512": "無",
        "200601": "無",
        "200602": "無",
        "200603": "無",
        "200604": "無",
        "200605": "無",
        "200606": "無",
        "200607": "無",
        "200608": "無",
        "200609": "無",
        "200610": "無",
        "200611": "無",
        "200612": "無",
        "200701": "無",
        "200702": "無",
        "200703": "無",
        "200704": "無",
        "200705": "無",
        "200706": "無",
        "200707": "無",
        "200708": "無",
        "200709": "無",
        "200710": "無",
        "200711": "無",
        "200712": "無",
        "200801": "無",
        "200802": "無",
        "200803": "無",
        "200804": "無",
        "200805": "無",
        "200806": "無",
        "200807": "無",
        "200808": "無",
        "200809": "無",
        "200810": "無",
        "200811": "無",
        "200812": "無",
        "200901": "無",
        "200902": "無",
        "200903": "無",
        "200904": "無",
        "200905": "無",
        "200906": "無",
        "200907": "無",
        "200908": "無",
        "200909": "無",
        "200910": "無",
        "200911": "無",
        "200912": "無",
        "201001": "無",
        "201002": "無",
        "201003": "無",
        "201004": "無",
        "201005": "無",
        "201006": "無",
        "201007": "無",
        "201008": "無",
        "201009": "無",
        "201010": "無",
        "201011": "無",
        "201012": "無",
        "201101": "無",
        "201102": "無",
        "201103": "無",
        "201104": "無",
        "201105": "無",
        "201106": "無",
        "201107": "無",
        "201108": "無",
        "201109": "無",
        "201110": "無",
        "201111": "無",
        "201112": "無",
        "201201": "無",
        "201202": "無",
        "201203": "無",
        "201204": "無",
        "201205": "無",
        "201206": "無",
        "201207": "無",
        "201208": "無",
        "201209": "無",
        "201210": "無",
        "201211": "81.75",
        "201212": "68.96",
        "201301": "67.87",
        "201302": "68.04",
        "201303": "68.79",
        "201304": "69.66",
        "201305": "68.89",
        "201306": "65.49",
        "201307": "61.88",
        "201308": "72.90",
        "201309": "71.49",
        "201310": "70.98",
        "201311": "75.90",
        "201312": "101.60",
        "201401": "97.85",
        "201402": "101.76",
        "201403": "102.56",
        "201404": "97.54",
        "201405": "83.26",
        "201406": "81.16",
        "201407": "75.92",
        "201408": "77.80",
        "201409": "72.58",
        "201410": "66.56",
        "201411": "68.26",
        "201412": "72.38",
        "201501": "71.45",
        "201502": "71.73",
        "201503": "71.12",
        "201504": "70.48",
        "201505": "64.74",
        "201506": "61.46",
        "201507": "55.76",
        "201508": "53.17",
        "201509": "56.54",
        "201510": "65.14",
        "201511": "67.44",
        "201512": "60.49",
        "201601": "52.04",
        "201602": "54.16",
        "201603": "59.26",
        "201604": "55.86",
        "201605": "57.74",
        "201606": "58.70",
        "201607": "60.78",
        "201608": "61.60",
        "201609": "48.08",
        "201610": "39.56",
        "201611": "37.90",
        "201612": "38.11",
        "201701": "35.13",
        "201702": "36.79",
        "201703": "36.03",
        "201704": "37.50",
        "201705": "33.94",
        "201706": "36.45",
        "201707": "37.02",
        "201708": "34.81",
        "201709": "30.36",
        "201710": "28.74",
        "201711": "27.01",
        "201712": "24.47",
        "201801": "24.59",
        "201802": "21.24",
        "201803": "21.57",
        "201804": "20.54",
        "201805": "21.92",
        "201806": "25.65",
        "201807": "23.27",
        "201808": "20.96",
        "201809": "19.35",
        "201810": "17.42",
        "201811": "17.60",
        "201812": "18.35",
        "201901": "18.16",
        "201902": "17.57",
        "201903": "17.50",
        "201904": "17.92",
        "201905": "15.80",
        "201906": "14.51",
        "201907": "14.75",
        "201908": "13.69",
        "201909": "13.48",
        "201910": "13.12",
        "201911": "12.30",
        "201912": "11.40",
        "202001": "11.44",
        "202002": "9.77",
        "202003": "7.70",
        "202004": "6.96",
        "202005": "7.34",
        "202006": "7.43",
        "202007": "8.31",
        "202008": "7.91",
        "202009": "8.61",
        "202010": "8.73",
        "202011": "8.52",
        "202012": "9.03",
        "202101": "8.94",
        "202102": "8.45",
        "202103": "8.56",
        "202104": "9.19",
        "202105": "10.34",
        "202106": "14.68",
        "202107": "15.33",
        "202108": "12.86",
        "202109": "12.46",
        "202110": "12.68",
        "202111": "13.71",
        "202112": "12.91",
        "202201": "12.08",
        "202202": "11.82",
        "202203": "11.05",
        "202204": "10.96",
        "202205": "10.36",
        "202206": "10.43",
        "202207": "9.52",
        "202208": "9.67",
        "202209": "10.01",
        "202210": "9.60",
        "202211": "9.58",
        "202212": "10.75",
        "202301": "10.78",
        "202302": "10.95",
        "202303": "10.52",
        "202304": "10.45",
        "202305": "10.73",
        "202306": "10.83",
        "202307": "10.76",
        "202308": "10.04",
        "202309": "10.09",
        "202310": "10.50",
        "202311": "10.72",
        "202312": "10.93"
    },
    "quarters": {
        "20011": {
            "year_quarter": 20011,
            "year": 2001,
            "quarter": 1,
            "eps": null,
            "eps_growth_year": null,
            "eps_4q": null,
            "eps_4q_growth_year": null,
            "roe": null,
            "roe_4q": 0,
            "gross_profit": null,
            "gross_margin": null,
            "gross_margin_4q_avg": 0,
            "net_income": null,
            "net_income_4q": null,
            "revenue": null,
            "revenue_4q": null,
            "common_shares": null,
            "book_valuer_per_share": null,
            "book_valuer_per_share_4q_avg": 0,
            "equity": null,
            "current_ratio": null,
            "debt_ratio": null,
            "inventory_turnover_ratio": null,
            "account_receivable_turnover_ratio": null,
            "reinvestment_rate": null,
            "research_to_sale_ratio": null,
            "price_fair": 0,
            "eps_avg_yearly": 0,
            "eps_latest_yearly": 0,
            "eps_growth_yearly": 0
        },
        "20012": {
            "year_quarter": 20012,
            "year": 2001,
            "quarter": 2,
            "eps": null,
            "eps_growth_year": null,
            "eps_4q": null,
            "eps_4q_growth_year": null,
            "roe": null,
            "roe_4q": 0,
            "gross_profit": null,
            "gross_margin": null,
            "gross_margin_4q_avg": 0,
            "net_income": null,
            "net_income_4q": null,
            "revenue": null,
            "revenue_4q": null,
            "common_shares": null,
            "book_valuer_per_share": null,
            "book_valuer_per_share_4q_avg": 0,
            "equity": null,
            "current_ratio": null,
            "debt_ratio": null,
            "inventory_turnover_ratio": null,
            "account_receivable_turnover_ratio": null,
            "reinvestment_rate": null,
            "research_to_sale_ratio": null,
            "price_fair": 0,
            "eps_avg_yearly": 0,
            "eps_latest_yearly": 0,
            "eps_growth_yearly": 0
        },
        "20013": {
            "year_quarter": 20013,
            "year": 2001,
            "quarter": 3,
            "eps": null,
            "eps_growth_year": null,
            "eps_4q": null,
            "eps_4q_growth_year": null,
            "roe": null,
            "roe_4q": 0,
            "gross_profit": null,
            "gross_margin": null,
            "gross_margin_4q_avg": 0,
            "net_income": null,
            "net_income_4q": null,
            "revenue": null,
            "revenue_4q": null,
            "common_shares": null,
            "book_valuer_per_share": null,
            "book_valuer_per_share_4q_avg": 0,
            "equity": null,
            "current_ratio": null,
            "debt_ratio": null,
            "inventory_turnover_ratio": null,
            "account_receivable_turnover_ratio": null,
            "reinvestment_rate": null,
            "research_to_sale_ratio": null,
            "price_fair": 0,
            "eps_avg_yearly": 0,
            "eps_latest_yearly": 0,
            "eps_growth_yearly": 0
        },
        "20014": {
            "year_quarter": 20014,
            "year": 2001,
            "quarter": 4,
            "eps": null,
            "eps_growth_year": null,
            "eps_4q": null,
            "eps_4q_growth_year": null,
            "roe": null,
            "roe_4q": 0,
            "gross_profit": null,
            "gross_margin": null,
            "gross_margin_4q_avg": 0,
            "net_income": null,
            "net_income_4q": null,
            "revenue": null,
            "revenue_4q": null,
            "common_shares": null,
            "book_valuer_per_share": null,
            "book_valuer_per_share_4q_avg": 0,
            "equity": null,
            "current_ratio": null,
            "debt_ratio": null,
            "inventory_turnover_ratio": null,
            "account_receivable_turnover_ratio": null,
            "reinvestment_rate": null,
            "research_to_sale_ratio": null,
            "price_fair": 0,
            "eps_avg_yearly": 0,
            "eps_latest_yearly": 0,
            "eps_growth_yearly": 0
        },
        "20021": {
            "year_quarter": 20021,
            "year": 2002,
            "quarter": 1,
            "eps": null,
            "eps_growth_year": null,
            "eps_4q": null,
            "eps_4q_growth_year": null,
            "roe": null,
            "roe_4q": 0,
            "gross_profit": null,
            "gross_margin": null,
            "gross_margin_4q_avg": 0,
            "net_income": null,
            "net_income_4q": null,
            "revenue": null,
            "revenue_4q": null,
            "common_shares": null,
            "book_valuer_per_share": null,
            "book_valuer_per_share_4q_avg": 0,
            "equity": null,
            "current_ratio": null,
            "debt_ratio": null,
            "inventory_turnover_ratio": null,
            "account_receivable_turnover_ratio": null,
            "reinvestment_rate": null,
            "research_to_sale_ratio": null,
            "price_fair": 0,
            "eps_avg_yearly": 0,
            "eps_latest_yearly": 0,
            "eps_growth_yearly": 0
        },
        "20022": {
            "year_quarter": 20022,
            "year": 2002,
            "quarter": 2,
            "eps": null,
            "eps_growth_year": null,
            "eps_4q": null,
            "eps_4q_growth_year": null,
            "roe": null,
            "roe_4q": 0,
            "gross_profit": null,
            "gross_margin": null,
            "gross_margin_4q_avg": 0,
            "net_income": null,
            "net_income_4q": null,
            "revenue": null,
            "revenue_4q": null,
            "common_shares": null,
            "book_valuer_per_share": null,
            "book_valuer_per_share_4q_avg": 0,
            "equity": null,
            "current_ratio": null,
            "debt_ratio": null,
            "inventory_turnover_ratio": null,
            "account_receivable_turnover_ratio": null,
            "reinvestment_rate": null,
            "research_to_sale_ratio": null,
            "price_fair": 0,
            "eps_avg_yearly": 0,
            "eps_latest_yearly": 0,
            "eps_growth_yearly": 0
        },
        "20023": {
            "year_quarter": 20023,
            "year": 2002,
            "quarter": 3,
            "eps": null,
            "eps_growth_year": null,
            "eps_4q": null,
            "eps_4q_growth_year": null,
            "roe": null,
            "roe_4q": 0,
            "gross_profit": null,
            "gross_margin": null,
            "gross_margin_4q_avg": 0,
            "net_income": null,
            "net_income_4q": null,
            "revenue": null,
            "revenue_4q": null,
            "common_shares": null,
            "book_valuer_per_share": null,
            "book_valuer_per_share_4q_avg": 0,
            "equity": null,
            "current_ratio": null,
            "debt_ratio": null,
            "inventory_turnover_ratio": null,
            "account_receivable_turnover_ratio": null,
            "reinvestment_rate": null,
            "research_to_sale_ratio": null,
            "price_fair": 0,
            "eps_avg_yearly": 0,
            "eps_latest_yearly": 0,
            "eps_growth_yearly": 0
        },
        "20024": {
            "year_quarter": 20024,
            "year": 2002,
            "quarter": 4,
            "eps": null,
            "eps_growth_year": null,
            "eps_4q": null,
            "eps_4q_growth_year": null,
            "roe": null,
            "roe_4q": 0,
            "gross_profit": null,
            "gross_margin": null,
            "gross_margin_4q_avg": 0,
            "net_income": null,
            "net_income_4q": null,
            "revenue": null,
            "revenue_4q": null,
            "common_shares": null,
            "book_valuer_per_share": null,
            "book_valuer_per_share_4q_avg": 0,
            "equity": null,
            "current_ratio": null,
            "debt_ratio": null,
            "inventory_turnover_ratio": null,
            "account_receivable_turnover_ratio": null,
            "reinvestment_rate": null,
            "research_to_sale_ratio": null,
            "price_fair": 0,
            "eps_avg_yearly": 0,
            "eps_latest_yearly": 0,
            "eps_growth_yearly": 0
        },
        "20031": {
            "year_quarter": 20031,
            "year": 2003,
            "quarter": 1,
            "eps": null,
            "eps_growth_year": null,
            "eps_4q": null,
            "eps_4q_growth_year": null,
            "roe": null,
            "roe_4q": 0,
            "gross_profit": null,
            "gross_margin": null,
            "gross_margin_4q_avg": 0,
            "net_income": null,
            "net_income_4q": null,
            "revenue": null,
            "revenue_4q": null,
            "common_shares": null,
            "book_valuer_per_share": null,
            "book_valuer_per_share_4q_avg": 0,
            "equity": null,
            "current_ratio": null,
            "debt_ratio": null,
            "inventory_turnover_ratio": null,
            "account_receivable_turnover_ratio": null,
            "reinvestment_rate": null,
            "research_to_sale_ratio": null,
            "price_fair": 0,
            "eps_avg_yearly": 0,
            "eps_latest_yearly": 0,
            "eps_growth_yearly": 0
        },
        "20032": {
            "year_quarter": 20032,
            "year": 2003,
            "quarter": 2,
            "eps": null,
            "eps_growth_year": null,
            "eps_4q": null,
            "eps_4q_growth_year": null,
            "roe": null,
            "roe_4q": 0,
            "gross_profit": null,
            "gross_margin": null,
            "gross_margin_4q_avg": 0,
            "net_income": null,
            "net_income_4q": null,
            "revenue": null,
            "revenue_4q": null,
            "common_shares": null,
            "book_valuer_per_share": null,
            "book_valuer_per_share_4q_avg": 0,
            "equity": null,
            "current_ratio": null,
            "debt_ratio": null,
            "inventory_turnover_ratio": null,
            "account_receivable_turnover_ratio": null,
            "reinvestment_rate": null,
            "research_to_sale_ratio": null,
            "price_fair": 0,
            "eps_avg_yearly": 0,
            "eps_latest_yearly": 0,
            "eps_growth_yearly": 0
        },
        "20033": {
            "year_quarter": 20033,
            "year": 2003,
            "quarter": 3,
            "eps": null,
            "eps_growth_year": null,
            "eps_4q": null,
            "eps_4q_growth_year": null,
            "roe": null,
            "roe_4q": 0,
            "gross_profit": null,
            "gross_margin": null,
            "gross_margin_4q_avg": 0,
            "net_income": null,
            "net_income_4q": null,
            "revenue": null,
            "revenue_4q": null,
            "common_shares": null,
            "book_valuer_per_share": null,
            "book_valuer_per_share_4q_avg": 0,
            "equity": null,
            "current_ratio": null,
            "debt_ratio": null,
            "inventory_turnover_ratio": null,
            "account_receivable_turnover_ratio": null,
            "reinvestment_rate": null,
            "research_to_sale_ratio": null,
            "price_fair": 0,
            "eps_avg_yearly": 0,
            "eps_latest_yearly": 0,
            "eps_growth_yearly": 0
        },
        "20034": {
            "year_quarter": 20034,
            "year": 2003,
            "quarter": 4,
            "eps": null,
            "eps_growth_year": null,
            "eps_4q": null,
            "eps_4q_growth_year": null,
            "roe": null,
            "roe_4q": 0,
            "gross_profit": null,
            "gross_margin": null,
            "gross_margin_4q_avg": 0,
            "net_income": null,
            "net_income_4q": null,
            "revenue": null,
            "revenue_4q": null,
            "common_shares": null,
            "book_valuer_per_share": null,
            "book_valuer_per_share_4q_avg": 0,
            "equity": null,
            "current_ratio": null,
            "debt_ratio": null,
            "inventory_turnover_ratio": null,
            "account_receivable_turnover_ratio": null,
            "reinvestment_rate": null,
            "research_to_sale_ratio": null,
            "price_fair": 0,
            "eps_avg_yearly": 0,
            "eps_latest_yearly": 0,
            "eps_growth_yearly": 0
        },
        "20041": {
            "year_quarter": 20041,
            "year": 2004,
            "quarter": 1,
            "eps": null,
            "eps_growth_year": null,
            "eps_4q": null,
            "eps_4q_growth_year": null,
            "roe": null,
            "roe_4q": 0,
            "gross_profit": null,
            "gross_margin": null,
            "gross_margin_4q_avg": 0,
            "net_income": null,
            "net_income_4q": null,
            "revenue": null,
            "revenue_4q": null,
            "common_shares": null,
            "book_valuer_per_share": null,
            "book_valuer_per_share_4q_avg": 0,
            "equity": null,
            "current_ratio": null,
            "debt_ratio": null,
            "inventory_turnover_ratio": null,
            "account_receivable_turnover_ratio": null,
            "reinvestment_rate": null,
            "research_to_sale_ratio": null,
            "price_fair": 0,
            "eps_avg_yearly": 0,
            "eps_latest_yearly": 0,
            "eps_growth_yearly": 0
        },
        "20042": {
            "year_quarter": 20042,
            "year": 2004,
            "quarter": 2,
            "eps": null,
            "eps_growth_year": null,
            "eps_4q": null,
            "eps_4q_growth_year": null,
            "roe": null,
            "roe_4q": 0,
            "gross_profit": null,
            "gross_margin": null,
            "gross_margin_4q_avg": 0,
            "net_income": null,
            "net_income_4q": null,
            "revenue": null,
            "revenue_4q": null,
            "common_shares": null,
            "book_valuer_per_share": null,
            "book_valuer_per_share_4q_avg": 0,
            "equity": null,
            "current_ratio": null,
            "debt_ratio": null,
            "inventory_turnover_ratio": null,
            "account_receivable_turnover_ratio": null,
            "reinvestment_rate": null,
            "research_to_sale_ratio": null,
            "price_fair": 0,
            "eps_avg_yearly": 0,
            "eps_latest_yearly": 0,
            "eps_growth_yearly": 0
        },
        "20043": {
            "year_quarter": 20043,
            "year": 2004,
            "quarter": 3,
            "eps": null,
            "eps_growth_year": null,
            "eps_4q": null,
            "eps_4q_growth_year": null,
            "roe": null,
            "roe_4q": 0,
            "gross_profit": null,
            "gross_margin": null,
            "gross_margin_4q_avg": 0,
            "net_income": null,
            "net_income_4q": null,
            "revenue": null,
            "revenue_4q": null,
            "common_shares": null,
            "book_valuer_per_share": null,
            "book_valuer_per_share_4q_avg": 0,
            "equity": null,
            "current_ratio": null,
            "debt_ratio": null,
            "inventory_turnover_ratio": null,
            "account_receivable_turnover_ratio": null,
            "reinvestment_rate": null,
            "research_to_sale_ratio": null,
            "price_fair": 0,
            "eps_avg_yearly": 0,
            "eps_latest_yearly": 0,
            "eps_growth_yearly": 0
        },
        "20044": {
            "year_quarter": 20044,
            "year": 2004,
            "quarter": 4,
            "eps": null,
            "eps_growth_year": null,
            "eps_4q": null,
            "eps_4q_growth_year": null,
            "roe": null,
            "roe_4q": 0,
            "gross_profit": null,
            "gross_margin": null,
            "gross_margin_4q_avg": 0,
            "net_income": null,
            "net_income_4q": null,
            "revenue": null,
            "revenue_4q": null,
            "common_shares": null,
            "book_valuer_per_share": null,
            "book_valuer_per_share_4q_avg": 0,
            "equity": null,
            "current_ratio": null,
            "debt_ratio": null,
            "inventory_turnover_ratio": null,
            "account_receivable_turnover_ratio": null,
            "reinvestment_rate": null,
            "research_to_sale_ratio": null,
            "price_fair": 0,
            "eps_avg_yearly": 0,
            "eps_latest_yearly": 0,
            "eps_growth_yearly": 0
        },
        "20051": {
            "year_quarter": 20051,
            "year": 2005,
            "quarter": 1,
            "eps": null,
            "eps_growth_year": null,
            "eps_4q": null,
            "eps_4q_growth_year": null,
            "roe": null,
            "roe_4q": 0,
            "gross_profit": null,
            "gross_margin": null,
            "gross_margin_4q_avg": 0,
            "net_income": null,
            "net_income_4q": null,
            "revenue": null,
            "revenue_4q": null,
            "common_shares": null,
            "book_valuer_per_share": null,
            "book_valuer_per_share_4q_avg": 0,
            "equity": null,
            "current_ratio": null,
            "debt_ratio": null,
            "inventory_turnover_ratio": null,
            "account_receivable_turnover_ratio": null,
            "reinvestment_rate": null,
            "research_to_sale_ratio": null,
            "price_fair": 0,
            "eps_avg_yearly": 0,
            "eps_latest_yearly": 0,
            "eps_growth_yearly": 0
        },
        "20052": {
            "year_quarter": 20052,
            "year": 2005,
            "quarter": 2,
            "eps": null,
            "eps_growth_year": null,
            "eps_4q": null,
            "eps_4q_growth_year": null,
            "roe": null,
            "roe_4q": 0,
            "gross_profit": null,
            "gross_margin": null,
            "gross_margin_4q_avg": 0,
            "net_income": null,
            "net_income_4q": null,
            "revenue": null,
            "revenue_4q": null,
            "common_shares": null,
            "book_valuer_per_share": null,
            "book_valuer_per_share_4q_avg": 0,
            "equity": null,
            "current_ratio": null,
            "debt_ratio": null,
            "inventory_turnover_ratio": null,
            "account_receivable_turnover_ratio": null,
            "reinvestment_rate": null,
            "research_to_sale_ratio": null,
            "price_fair": 0,
            "eps_avg_yearly": 0,
            "eps_latest_yearly": 0,
            "eps_growth_yearly": 0
        },
        "20053": {
            "year_quarter": 20053,
            "year": 2005,
            "quarter": 3,
            "eps": null,
            "eps_growth_year": null,
            "eps_4q": null,
            "eps_4q_growth_year": null,
            "roe": null,
            "roe_4q": 0,
            "gross_profit": null,
            "gross_margin": null,
            "gross_margin_4q_avg": 0,
            "net_income": null,
            "net_income_4q": null,
            "revenue": null,
            "revenue_4q": null,
            "common_shares": null,
            "book_valuer_per_share": null,
            "book_valuer_per_share_4q_avg": 0,
            "equity": null,
            "current_ratio": null,
            "debt_ratio": null,
            "inventory_turnover_ratio": null,
            "account_receivable_turnover_ratio": null,
            "reinvestment_rate": null,
            "research_to_sale_ratio": null,
            "price_fair": 0,
            "eps_avg_yearly": 0,
            "eps_latest_yearly": 0,
            "eps_growth_yearly": 0
        },
        "20054": {
            "year_quarter": 20054,
            "year": 2005,
            "quarter": 4,
            "eps": null,
            "eps_growth_year": null,
            "eps_4q": null,
            "eps_4q_growth_year": null,
            "roe": null,
            "roe_4q": 0,
            "gross_profit": null,
            "gross_margin": null,
            "gross_margin_4q_avg": 0,
            "net_income": null,
            "net_income_4q": null,
            "revenue": null,
            "revenue_4q": null,
            "common_shares": null,
            "book_valuer_per_share": null,
            "book_valuer_per_share_4q_avg": 0,
            "equity": null,
            "current_ratio": null,
            "debt_ratio": null,
            "inventory_turnover_ratio": null,
            "account_receivable_turnover_ratio": null,
            "reinvestment_rate": null,
            "research_to_sale_ratio": null,
            "price_fair": 0,
            "eps_avg_yearly": 0,
            "eps_latest_yearly": 0,
            "eps_growth_yearly": 0
        },
        "20061": {
            "year_quarter": 20061,
            "year": 2006,
            "quarter": 1,
            "eps": null,
            "eps_growth_year": null,
            "eps_4q": null,
            "eps_4q_growth_year": null,
            "roe": null,
            "roe_4q": 0,
            "gross_profit": null,
            "gross_margin": null,
            "gross_margin_4q_avg": 0,
            "net_income": null,
            "net_income_4q": null,
            "revenue": null,
            "revenue_4q": null,
            "common_shares": null,
            "book_valuer_per_share": null,
            "book_valuer_per_share_4q_avg": 0,
            "equity": null,
            "current_ratio": null,
            "debt_ratio": null,
            "inventory_turnover_ratio": null,
            "account_receivable_turnover_ratio": null,
            "reinvestment_rate": null,
            "research_to_sale_ratio": null,
            "price_fair": 0,
            "eps_avg_yearly": 0,
            "eps_latest_yearly": 0,
            "eps_growth_yearly": 0
        },
        "20062": {
            "year_quarter": 20062,
            "year": 2006,
            "quarter": 2,
            "eps": null,
            "eps_growth_year": null,
            "eps_4q": null,
            "eps_4q_growth_year": null,
            "roe": null,
            "roe_4q": 0,
            "gross_profit": null,
            "gross_margin": null,
            "gross_margin_4q_avg": 0,
            "net_income": null,
            "net_income_4q": null,
            "revenue": null,
            "revenue_4q": null,
            "common_shares": null,
            "book_valuer_per_share": null,
            "book_valuer_per_share_4q_avg": 0,
            "equity": null,
            "current_ratio": null,
            "debt_ratio": null,
            "inventory_turnover_ratio": null,
            "account_receivable_turnover_ratio": null,
            "reinvestment_rate": null,
            "research_to_sale_ratio": null,
            "price_fair": 0,
            "eps_avg_yearly": 0,
            "eps_latest_yearly": 0,
            "eps_growth_yearly": 0
        },
        "20063": {
            "year_quarter": 20063,
            "year": 2006,
            "quarter": 3,
            "eps": null,
            "eps_growth_year": null,
            "eps_4q": null,
            "eps_4q_growth_year": null,
            "roe": null,
            "roe_4q": 0,
            "gross_profit": null,
            "gross_margin": null,
            "gross_margin_4q_avg": 0,
            "net_income": null,
            "net_income_4q": null,
            "revenue": null,
            "revenue_4q": null,
            "common_shares": null,
            "book_valuer_per_share": null,
            "book_valuer_per_share_4q_avg": 0,
            "equity": null,
            "current_ratio": null,
            "debt_ratio": null,
            "inventory_turnover_ratio": null,
            "account_receivable_turnover_ratio": null,
            "reinvestment_rate": null,
            "research_to_sale_ratio": null,
            "price_fair": 0,
            "eps_avg_yearly": 0,
            "eps_latest_yearly": 0,
            "eps_growth_yearly": 0
        },
        "20064": {
            "year_quarter": 20064,
            "year": 2006,
            "quarter": 4,
            "eps": null,
            "eps_growth_year": null,
            "eps_4q": null,
            "eps_4q_growth_year": null,
            "roe": null,
            "roe_4q": 0,
            "gross_profit": null,
            "gross_margin": null,
            "gross_margin_4q_avg": 0,
            "net_income": null,
            "net_income_4q": null,
            "revenue": null,
            "revenue_4q": null,
            "common_shares": null,
            "book_valuer_per_share": null,
            "book_valuer_per_share_4q_avg": 0,
            "equity": null,
            "current_ratio": null,
            "debt_ratio": null,
            "inventory_turnover_ratio": null,
            "account_receivable_turnover_ratio": null,
            "reinvestment_rate": null,
            "research_to_sale_ratio": null,
            "price_fair": 0,
            "eps_avg_yearly": 0,
            "eps_latest_yearly": 0,
            "eps_growth_yearly": 0
        },
        "20071": {
            "year_quarter": 20071,
            "year": 2007,
            "quarter": 1,
            "eps": null,
            "eps_growth_year": null,
            "eps_4q": null,
            "eps_4q_growth_year": null,
            "roe": null,
            "roe_4q": 0,
            "gross_profit": null,
            "gross_margin": null,
            "gross_margin_4q_avg": 0,
            "net_income": null,
            "net_income_4q": null,
            "revenue": null,
            "revenue_4q": null,
            "common_shares": null,
            "book_valuer_per_share": null,
            "book_valuer_per_share_4q_avg": 0,
            "equity": null,
            "current_ratio": null,
            "debt_ratio": null,
            "inventory_turnover_ratio": null,
            "account_receivable_turnover_ratio": null,
            "reinvestment_rate": null,
            "research_to_sale_ratio": null,
            "price_fair": 0,
            "eps_avg_yearly": 0,
            "eps_latest_yearly": 0,
            "eps_growth_yearly": 0
        },
        "20072": {
            "year_quarter": 20072,
            "year": 2007,
            "quarter": 2,
            "eps": null,
            "eps_growth_year": null,
            "eps_4q": null,
            "eps_4q_growth_year": null,
            "roe": null,
            "roe_4q": 0,
            "gross_profit": null,
            "gross_margin": null,
            "gross_margin_4q_avg": 0,
            "net_income": null,
            "net_income_4q": null,
            "revenue": null,
            "revenue_4q": null,
            "common_shares": null,
            "book_valuer_per_share": null,
            "book_valuer_per_share_4q_avg": 0,
            "equity": null,
            "current_ratio": null,
            "debt_ratio": null,
            "inventory_turnover_ratio": null,
            "account_receivable_turnover_ratio": null,
            "reinvestment_rate": null,
            "research_to_sale_ratio": null,
            "price_fair": 0,
            "eps_avg_yearly": 0,
            "eps_latest_yearly": 0,
            "eps_growth_yearly": 0
        },
        "20073": {
            "year_quarter": 20073,
            "year": 2007,
            "quarter": 3,
            "eps": null,
            "eps_growth_year": null,
            "eps_4q": null,
            "eps_4q_growth_year": null,
            "roe": null,
            "roe_4q": 0,
            "gross_profit": null,
            "gross_margin": null,
            "gross_margin_4q_avg": 0,
            "net_income": null,
            "net_income_4q": null,
            "revenue": null,
            "revenue_4q": null,
            "common_shares": null,
            "book_valuer_per_share": null,
            "book_valuer_per_share_4q_avg": 0,
            "equity": null,
            "current_ratio": null,
            "debt_ratio": null,
            "inventory_turnover_ratio": null,
            "account_receivable_turnover_ratio": null,
            "reinvestment_rate": null,
            "research_to_sale_ratio": null,
            "price_fair": 0,
            "eps_avg_yearly": 0,
            "eps_latest_yearly": 0,
            "eps_growth_yearly": 0
        },
        "20074": {
            "year_quarter": 20074,
            "year": 2007,
            "quarter": 4,
            "eps": null,
            "eps_growth_year": null,
            "eps_4q": null,
            "eps_4q_growth_year": null,
            "roe": null,
            "roe_4q": 0,
            "gross_profit": null,
            "gross_margin": null,
            "gross_margin_4q_avg": 0,
            "net_income": null,
            "net_income_4q": null,
            "revenue": null,
            "revenue_4q": null,
            "common_shares": null,
            "book_valuer_per_share": null,
            "book_valuer_per_share_4q_avg": 0,
            "equity": null,
            "current_ratio": null,
            "debt_ratio": null,
            "inventory_turnover_ratio": null,
            "account_receivable_turnover_ratio": null,
            "reinvestment_rate": null,
            "research_to_sale_ratio": null,
            "price_fair": 0,
            "eps_avg_yearly": 0,
            "eps_latest_yearly": 0,
            "eps_growth_yearly": 0
        },
        "20081": {
            "year_quarter": 20081,
            "year": 2008,
            "quarter": 1,
            "eps": null,
            "eps_growth_year": null,
            "eps_4q": null,
            "eps_4q_growth_year": null,
            "roe": null,
            "roe_4q": 0,
            "gross_profit": null,
            "gross_margin": null,
            "gross_margin_4q_avg": 0,
            "net_income": null,
            "net_income_4q": null,
            "revenue": null,
            "revenue_4q": null,
            "common_shares": null,
            "book_valuer_per_share": null,
            "book_valuer_per_share_4q_avg": 0,
            "equity": null,
            "current_ratio": null,
            "debt_ratio": null,
            "inventory_turnover_ratio": null,
            "account_receivable_turnover_ratio": null,
            "reinvestment_rate": null,
            "research_to_sale_ratio": null,
            "price_fair": 0,
            "eps_avg_yearly": 0,
            "eps_latest_yearly": 0,
            "eps_growth_yearly": 0
        },
        "20082": {
            "year_quarter": 20082,
            "year": 2008,
            "quarter": 2,
            "eps": null,
            "eps_growth_year": null,
            "eps_4q": null,
            "eps_4q_growth_year": null,
            "roe": null,
            "roe_4q": 0,
            "gross_profit": null,
            "gross_margin": null,
            "gross_margin_4q_avg": 0,
            "net_income": null,
            "net_income_4q": null,
            "revenue": null,
            "revenue_4q": null,
            "common_shares": null,
            "book_valuer_per_share": null,
            "book_valuer_per_share_4q_avg": 0,
            "equity": null,
            "current_ratio": null,
            "debt_ratio": null,
            "inventory_turnover_ratio": null,
            "account_receivable_turnover_ratio": null,
            "reinvestment_rate": null,
            "research_to_sale_ratio": null,
            "price_fair": 0,
            "eps_avg_yearly": 0,
            "eps_latest_yearly": 0,
            "eps_growth_yearly": 0
        },
        "20083": {
            "year_quarter": 20083,
            "year": 2008,
            "quarter": 3,
            "eps": null,
            "eps_growth_year": null,
            "eps_4q": null,
            "eps_4q_growth_year": null,
            "roe": null,
            "roe_4q": 0,
            "gross_profit": null,
            "gross_margin": null,
            "gross_margin_4q_avg": 0,
            "net_income": null,
            "net_income_4q": null,
            "revenue": null,
            "revenue_4q": null,
            "common_shares": null,
            "book_valuer_per_share": null,
            "book_valuer_per_share_4q_avg": 0,
            "equity": null,
            "current_ratio": null,
            "debt_ratio": null,
            "inventory_turnover_ratio": null,
            "account_receivable_turnover_ratio": null,
            "reinvestment_rate": null,
            "research_to_sale_ratio": null,
            "price_fair": 0,
            "eps_avg_yearly": 0,
            "eps_latest_yearly": 0,
            "eps_growth_yearly": 0
        },
        "20084": {
            "year_quarter": 20084,
            "year": 2008,
            "quarter": 4,
            "eps": null,
            "eps_growth_year": null,
            "eps_4q": null,
            "eps_4q_growth_year": null,
            "roe": null,
            "roe_4q": 0,
            "gross_profit": null,
            "gross_margin": null,
            "gross_margin_4q_avg": 0,
            "net_income": null,
            "net_income_4q": null,
            "revenue": null,
            "revenue_4q": null,
            "common_shares": null,
            "book_valuer_per_share": null,
            "book_valuer_per_share_4q_avg": 0,
            "equity": null,
            "current_ratio": null,
            "debt_ratio": null,
            "inventory_turnover_ratio": null,
            "account_receivable_turnover_ratio": null,
            "reinvestment_rate": null,
            "research_to_sale_ratio": null,
            "price_fair": 0,
            "eps_avg_yearly": 0,
            "eps_latest_yearly": 0,
            "eps_growth_yearly": 0
        },
        "20091": {
            "year_quarter": 20091,
            "year": 2009,
            "quarter": 1,
            "eps": null,
            "eps_growth_year": null,
            "eps_4q": null,
            "eps_4q_growth_year": null,
            "roe": null,
            "roe_4q": 0,
            "gross_profit": null,
            "gross_margin": null,
            "gross_margin_4q_avg": 0,
            "net_income": null,
            "net_income_4q": null,
            "revenue": null,
            "revenue_4q": null,
            "common_shares": null,
            "book_valuer_per_share": null,
            "book_valuer_per_share_4q_avg": 0,
            "equity": null,
            "current_ratio": null,
            "debt_ratio": null,
            "inventory_turnover_ratio": null,
            "account_receivable_turnover_ratio": null,
            "reinvestment_rate": null,
            "research_to_sale_ratio": null,
            "price_fair": 0,
            "eps_avg_yearly": 0,
            "eps_latest_yearly": 0,
            "eps_growth_yearly": 0
        },
        "20092": {
            "year_quarter": 20092,
            "year": 2009,
            "quarter": 2,
            "eps": null,
            "eps_growth_year": null,
            "eps_4q": null,
            "eps_4q_growth_year": null,
            "roe": null,
            "roe_4q": 0,
            "gross_profit": null,
            "gross_margin": null,
            "gross_margin_4q_avg": 0,
            "net_income": null,
            "net_income_4q": null,
            "revenue": null,
            "revenue_4q": null,
            "common_shares": null,
            "book_valuer_per_share": null,
            "book_valuer_per_share_4q_avg": 0,
            "equity": null,
            "current_ratio": null,
            "debt_ratio": null,
            "inventory_turnover_ratio": null,
            "account_receivable_turnover_ratio": null,
            "reinvestment_rate": null,
            "research_to_sale_ratio": null,
            "price_fair": 0,
            "eps_avg_yearly": 0,
            "eps_latest_yearly": 0,
            "eps_growth_yearly": 0
        },
        "20093": {
            "year_quarter": 20093,
            "year": 2009,
            "quarter": 3,
            "eps": null,
            "eps_growth_year": null,
            "eps_4q": null,
            "eps_4q_growth_year": null,
            "roe": null,
            "roe_4q": 0,
            "gross_profit": null,
            "gross_margin": null,
            "gross_margin_4q_avg": 0,
            "net_income": null,
            "net_income_4q": null,
            "revenue": null,
            "revenue_4q": null,
            "common_shares": null,
            "book_valuer_per_share": null,
            "book_valuer_per_share_4q_avg": 0,
            "equity": null,
            "current_ratio": null,
            "debt_ratio": null,
            "inventory_turnover_ratio": null,
            "account_receivable_turnover_ratio": null,
            "reinvestment_rate": null,
            "research_to_sale_ratio": null,
            "price_fair": 0,
            "eps_avg_yearly": 0,
            "eps_latest_yearly": 0,
            "eps_growth_yearly": 0
        },
        "20094": {
            "year_quarter": 20094,
            "year": 2009,
            "quarter": 4,
            "eps": null,
            "eps_growth_year": null,
            "eps_4q": null,
            "eps_4q_growth_year": null,
            "roe": null,
            "roe_4q": 0,
            "gross_profit": null,
            "gross_margin": null,
            "gross_margin_4q_avg": 0,
            "net_income": null,
            "net_income_4q": null,
            "revenue": null,
            "revenue_4q": null,
            "common_shares": 1000036,
            "book_valuer_per_share": 16.29,
            "book_valuer_per_share_4q_avg": 4.07,
            "equity": 1629228,
            "current_ratio": 742.22,
            "debt_ratio": 14.27,
            "inventory_turnover_ratio": null,
            "account_receivable_turnover_ratio": null,
            "reinvestment_rate": null,
            "research_to_sale_ratio": null,
            "price_fair": 0,
            "eps_avg_yearly": 0,
            "eps_latest_yearly": 0,
            "eps_growth_yearly": 0
        },
        "20101": {
            "year_quarter": 20101,
            "year": 2010,
            "quarter": 1,
            "eps": null,
            "eps_growth_year": null,
            "eps_4q": null,
            "eps_4q_growth_year": null,
            "roe": null,
            "roe_4q": 0,
            "gross_profit": null,
            "gross_margin": null,
            "gross_margin_4q_avg": 0,
            "net_income": null,
            "net_income_4q": null,
            "revenue": null,
            "revenue_4q": null,
            "common_shares": null,
            "book_valuer_per_share": null,
            "book_valuer_per_share_4q_avg": 4.07,
            "equity": null,
            "current_ratio": null,
            "debt_ratio": null,
            "inventory_turnover_ratio": null,
            "account_receivable_turnover_ratio": null,
            "reinvestment_rate": null,
            "research_to_sale_ratio": null,
            "price_fair": 0,
            "eps_avg_yearly": 0,
            "eps_latest_yearly": 0,
            "eps_growth_yearly": 0
        },
        "20102": {
            "year_quarter": 20102,
            "year": 2010,
            "quarter": 2,
            "eps": null,
            "eps_growth_year": null,
            "eps_4q": null,
            "eps_4q_growth_year": null,
            "roe": null,
            "roe_4q": 0,
            "gross_profit": null,
            "gross_margin": null,
            "gross_margin_4q_avg": 0,
            "net_income": null,
            "net_income_4q": null,
            "revenue": null,
            "revenue_4q": null,
            "common_shares": null,
            "book_valuer_per_share": null,
            "book_valuer_per_share_4q_avg": 4.07,
            "equity": null,
            "current_ratio": null,
            "debt_ratio": null,
            "inventory_turnover_ratio": null,
            "account_receivable_turnover_ratio": null,
            "reinvestment_rate": null,
            "research_to_sale_ratio": null,
            "price_fair": 0,
            "eps_avg_yearly": 0,
            "eps_latest_yearly": 0,
            "eps_growth_yearly": 0
        },
        "20103": {
            "year_quarter": 20103,
            "year": 2010,
            "quarter": 3,
            "eps": null,
            "eps_growth_year": null,
            "eps_4q": null,
            "eps_4q_growth_year": null,
            "roe": null,
            "roe_4q": 0,
            "gross_profit": null,
            "gross_margin": null,
            "gross_margin_4q_avg": 0,
            "net_income": null,
            "net_income_4q": null,
            "revenue": null,
            "revenue_4q": null,
            "common_shares": null,
            "book_valuer_per_share": null,
            "book_valuer_per_share_4q_avg": 4.07,
            "equity": null,
            "current_ratio": null,
            "debt_ratio": null,
            "inventory_turnover_ratio": null,
            "account_receivable_turnover_ratio": null,
            "reinvestment_rate": null,
            "research_to_sale_ratio": null,
            "price_fair": 0,
            "eps_avg_yearly": 0,
            "eps_latest_yearly": 0,
            "eps_growth_yearly": 0
        },
        "20104": {
            "year_quarter": 20104,
            "year": 2010,
            "quarter": 4,
            "eps": null,
            "eps_growth_year": null,
            "eps_4q": null,
            "eps_4q_growth_year": null,
            "roe": null,
            "roe_4q": 0,
            "gross_profit": null,
            "gross_margin": null,
            "gross_margin_4q_avg": 0,
            "net_income": null,
            "net_income_4q": null,
            "revenue": null,
            "revenue_4q": null,
            "common_shares": 1000036,
            "book_valuer_per_share": 15.31,
            "book_valuer_per_share_4q_avg": 3.83,
            "equity": 1531469,
            "current_ratio": 580.42,
            "debt_ratio": 25.7,
            "inventory_turnover_ratio": null,
            "account_receivable_turnover_ratio": null,
            "reinvestment_rate": null,
            "research_to_sale_ratio": null,
            "price_fair": 0,
            "eps_avg_yearly": 0,
            "eps_latest_yearly": 0,
            "eps_growth_yearly": 0
        },
        "20111": {
            "year_quarter": 20111,
            "year": 2011,
            "quarter": 1,
            "eps": null,
            "eps_growth_year": null,
            "eps_4q": null,
            "eps_4q_growth_year": null,
            "roe": null,
            "roe_4q": 0,
            "gross_profit": 262469,
            "gross_margin": null,
            "gross_margin_4q_avg": 0,
            "net_income": 103680,
            "net_income_4q": null,
            "revenue": 740771,
            "revenue_4q": null,
            "common_shares": 1000036,
            "book_valuer_per_share": 16.58,
            "book_valuer_per_share_4q_avg": 7.97,
            "equity": 1657869,
            "current_ratio": 760.21,
            "debt_ratio": 21.78,
            "inventory_turnover_ratio": null,
            "account_receivable_turnover_ratio": null,
            "reinvestment_rate": null,
            "research_to_sale_ratio": null,
            "price_fair": 0,
            "eps_avg_yearly": 0,
            "eps_latest_yearly": 0,
            "eps_growth_yearly": 0
        },
        "20112": {
            "year_quarter": 20112,
            "year": 2011,
            "quarter": 2,
            "eps": null,
            "eps_growth_year": null,
            "eps_4q": null,
            "eps_4q_growth_year": null,
            "roe": null,
            "roe_4q": 0,
            "gross_profit": -86468,
            "gross_margin": null,
            "gross_margin_4q_avg": 0,
            "net_income": -50020,
            "net_income_4q": null,
            "revenue": -230795,
            "revenue_4q": null,
            "common_shares": 1000036,
            "book_valuer_per_share": 16.99,
            "book_valuer_per_share_4q_avg": 12.22,
            "equity": 1698710,
            "current_ratio": 552.04,
            "debt_ratio": 30.84,
            "inventory_turnover_ratio": null,
            "account_receivable_turnover_ratio": null,
            "reinvestment_rate": null,
            "research_to_sale_ratio": null,
            "price_fair": 0,
            "eps_avg_yearly": 0,
            "eps_latest_yearly": 0,
            "eps_growth_yearly": 0
        },
        "20113": {
            "year_quarter": 20113,
            "year": 2011,
            "quarter": 3,
            "eps": null,
            "eps_growth_year": null,
            "eps_4q": null,
            "eps_4q_growth_year": null,
            "roe": null,
            "roe_4q": 0,
            "gross_profit": 292103,
            "gross_margin": null,
            "gross_margin_4q_avg": 0,
            "net_income": 144786,
            "net_income_4q": null,
            "revenue": 855730,
            "revenue_4q": null,
            "common_shares": 1000036,
            "book_valuer_per_share": 20.51,
            "book_valuer_per_share_4q_avg": 17.35,
            "equity": 2051527,
            "current_ratio": 521.26,
            "debt_ratio": 30.49,
            "inventory_turnover_ratio": null,
            "account_receivable_turnover_ratio": null,
            "reinvestment_rate": null,
            "research_to_sale_ratio": null,
            "price_fair": 0,
            "eps_avg_yearly": 0,
            "eps_latest_yearly": 0,
            "eps_growth_yearly": 0
        },
        "20114": {
            "year_quarter": 20114,
            "year": 2011,
            "quarter": 4,
            "eps": null,
            "eps_growth_year": null,
            "eps_4q": null,
            "eps_4q_growth_year": null,
            "roe": null,
            "roe_4q": 0,
            "gross_profit": 484805,
            "gross_margin": null,
            "gross_margin_4q_avg": 0,
            "net_income": 318990,
            "net_income_4q": null,
            "revenue": 1336554,
            "revenue_4q": null,
            "common_shares": 1000036,
            "book_valuer_per_share": 18.73,
            "book_valuer_per_share_4q_avg": 18.2,
            "equity": 1872933,
            "current_ratio": 247.29,
            "debt_ratio": 49.05,
            "inventory_turnover_ratio": null,
            "account_receivable_turnover_ratio": null,
            "reinvestment_rate": null,
            "research_to_sale_ratio": null,
            "price_fair": 0,
            "eps_avg_yearly": 0,
            "eps_latest_yearly": 0,
            "eps_growth_yearly": 0
        },
        "20121": {
            "year_quarter": 20121,
            "year": 2012,
            "quarter": 1,
            "eps": 1.6,
            "eps_growth_year": null,
            "eps_4q": 1.6,
            "eps_4q_growth_year": null,
            "roe": 8.3,
            "roe_4q": 8.3,
            "gross_profit": 329146,
            "gross_margin": 35.17,
            "gross_margin_4q_avg": 8.79,
            "net_income": 159962,
            "net_income_4q": null,
            "revenue": 935972,
            "revenue_4q": null,
            "common_shares": 1000036,
            "book_valuer_per_share": 19.83,
            "book_valuer_per_share_4q_avg": 19.02,
            "equity": 1983359,
            "current_ratio": 224.21,
            "debt_ratio": 43.6,
            "inventory_turnover_ratio": 5.19,
            "account_receivable_turnover_ratio": 0.76,
            "reinvestment_rate": null,
            "research_to_sale_ratio": 0.16,
            "price_fair": 0,
            "eps_avg_yearly": 0,
            "eps_latest_yearly": 0,
            "eps_growth_yearly": 0
        },
        "20122": {
            "year_quarter": 20122,
            "year": 2012,
            "quarter": 2,
            "eps": 2.41,
            "eps_growth_year": null,
            "eps_4q": 3.9,
            "eps_4q_growth_year": null,
            "roe": 12.46,
            "roe_4q": 20.76,
            "gross_profit": 413417,
            "gross_margin": 35.24,
            "gross_margin_4q_avg": 17.6,
            "net_income": 259380,
            "net_income_4q": null,
            "revenue": 1173041,
            "revenue_4q": null,
            "common_shares": 1075276,
            "book_valuer_per_share": 20.29,
            "book_valuer_per_share_4q_avg": 19.84,
            "equity": 2181642,
            "current_ratio": 239.94,
            "debt_ratio": 40.82,
            "inventory_turnover_ratio": 7.83,
            "account_receivable_turnover_ratio": 1.25,
            "reinvestment_rate": null,
            "research_to_sale_ratio": 0.13,
            "price_fair": 337.4,
            "eps_avg_yearly": 9.64,
            "eps_latest_yearly": 9.64,
            "eps_growth_yearly": 202.5
        },
        "20123": {
            "year_quarter": 20123,
            "year": 2012,
            "quarter": 3,
            "eps": 2.08,
            "eps_growth_year": null,
            "eps_4q": 5.98,
            "eps_4q_growth_year": null,
            "roe": 9.88,
            "roe_4q": 30.640000000000004,
            "gross_profit": 398820,
            "gross_margin": 35.53,
            "gross_margin_4q_avg": 26.49,
            "net_income": 224008,
            "net_income_4q": null,
            "revenue": 1122479,
            "revenue_4q": null,
            "common_shares": 1075276,
            "book_valuer_per_share": 21.89,
            "book_valuer_per_share_4q_avg": 20.19,
            "equity": 2354187,
            "current_ratio": 671.34,
            "debt_ratio": 14.51,
            "inventory_turnover_ratio": 7.6,
            "account_receivable_turnover_ratio": 1.12,
            "reinvestment_rate": null,
            "research_to_sale_ratio": 0.15,
            "price_fair": 314.3,
            "eps_avg_yearly": 8.98,
            "eps_latest_yearly": 8.32,
            "eps_growth_yearly": 73.86
        },
        "20124": {
            "year_quarter": 20124,
            "year": 2012,
            "quarter": 4,
            "eps": 2.31,
            "eps_growth_year": null,
            "eps_4q": 7.63,
            "eps_4q_growth_year": null,
            "roe": 9.41,
            "roe_4q": 40.05,
            "gross_profit": 461245,
            "gross_margin": 35.73,
            "gross_margin_4q_avg": 35.42,
            "net_income": 279055,
            "net_income_4q": null,
            "revenue": 1291060,
            "revenue_4q": null,
            "common_shares": 1209686,
            "book_valuer_per_share": 29.55,
            "book_valuer_per_share_4q_avg": 22.89,
            "equity": 3575148,
            "current_ratio": 788.1,
            "debt_ratio": 12.48,
            "inventory_turnover_ratio": 7.81,
            "account_receivable_turnover_ratio": 1.21,
            "reinvestment_rate": null,
            "research_to_sale_ratio": 0.12,
            "price_fair": 317.33,
            "eps_avg_yearly": 9.07,
            "eps_latest_yearly": 9.24,
            "eps_growth_yearly": 63.99
        },
        "20131": {
            "year_quarter": 20131,
            "year": 2013,
            "quarter": 1,
            "eps": 1.56,
            "eps_growth_year": -2.5,
            "eps_4q": 7.86,
            "eps_4q_growth_year": 391.56,
            "roe": 5.06,
            "roe_4q": 36.81,
            "gross_profit": 378275,
            "gross_margin": 34.82,
            "gross_margin_4q_avg": 35.33,
            "net_income": 188707,
            "net_income_4q": null,
            "revenue": 1086273,
            "revenue_4q": null,
            "common_shares": 1209686,
            "book_valuer_per_share": 32.06,
            "book_valuer_per_share_4q_avg": 25.95,
            "equity": 3877667,
            "current_ratio": 798.12,
            "debt_ratio": 12.34,
            "inventory_turnover_ratio": 5.81,
            "account_receivable_turnover_ratio": 1,
            "reinvestment_rate": null,
            "research_to_sale_ratio": 0.16,
            "price_fair": 213.37,
            "eps_avg_yearly": 8.36,
            "eps_latest_yearly": 6.24,
            "eps_growth_yearly": 15.52
        },
        "20132": {
            "year_quarter": 20132,
            "year": 2013,
            "quarter": 2,
            "eps": 2.03,
            "eps_growth_year": -15.85,
            "eps_4q": 7.75,
            "eps_4q_growth_year": 98.64,
            "roe": 6.51,
            "roe_4q": 30.86,
            "gross_profit": 472585,
            "gross_margin": 35.55,
            "gross_margin_4q_avg": 35.41,
            "net_income": 245353,
            "net_income_4q": null,
            "revenue": 1329368,
            "revenue_4q": null,
            "common_shares": 1209686,
            "book_valuer_per_share": 30.28,
            "book_valuer_per_share_4q_avg": 28.45,
            "equity": 3662810,
            "current_ratio": 422.21,
            "debt_ratio": 23.37,
            "inventory_turnover_ratio": 6.27,
            "account_receivable_turnover_ratio": 1.22,
            "reinvestment_rate": null,
            "research_to_sale_ratio": 0.14,
            "price_fair": 290.92,
            "eps_avg_yearly": 8.31,
            "eps_latest_yearly": 8.12,
            "eps_growth_yearly": 36.52
        },
        "20133": {
            "year_quarter": 20133,
            "year": 2013,
            "quarter": 3,
            "eps": 2.24,
            "eps_growth_year": 7.52,
            "eps_4q": 8.13,
            "eps_4q_growth_year": 35.96,
            "roe": 7.18,
            "roe_4q": 28.16,
            "gross_profit": 475381,
            "gross_margin": 35.49,
            "gross_margin_4q_avg": 35.4,
            "net_income": 270905,
            "net_income_4q": null,
            "revenue": 1339401,
            "revenue_4q": null,
            "common_shares": 1209686,
            "book_valuer_per_share": 32.11,
            "book_valuer_per_share_4q_avg": 31,
            "equity": 3884566,
            "current_ratio": 906.14,
            "debt_ratio": 10.32,
            "inventory_turnover_ratio": 6.26,
            "account_receivable_turnover_ratio": 1.15,
            "reinvestment_rate": null,
            "research_to_sale_ratio": 0.14,
            "price_fair": 294.7,
            "eps_avg_yearly": 8.42,
            "eps_latest_yearly": 8.96,
            "eps_growth_yearly": 37.33
        },
        "20134": {
            "year_quarter": 20134,
            "year": 2013,
            "quarter": 4,
            "eps": 2.06,
            "eps_growth_year": -10.65,
            "eps_4q": 7.89,
            "eps_4q_growth_year": 3.46,
            "roe": 6.16,
            "roe_4q": 24.91,
            "gross_profit": 502936,
            "gross_margin": 35.47,
            "gross_margin_4q_avg": 35.33,
            "net_income": 249327,
            "net_income_4q": null,
            "revenue": 1417895,
            "revenue_4q": null,
            "common_shares": 1209686,
            "book_valuer_per_share": 34.85,
            "book_valuer_per_share_4q_avg": 32.33,
            "equity": 4215323,
            "current_ratio": 1101.67,
            "debt_ratio": 14.57,
            "inventory_turnover_ratio": 6.68,
            "account_receivable_turnover_ratio": 1.15,
            "reinvestment_rate": null,
            "research_to_sale_ratio": 0.13,
            "price_fair": 293.8,
            "eps_avg_yearly": 8.39,
            "eps_latest_yearly": 8.24,
            "eps_growth_yearly": 27.41
        },
        "20141": {
            "year_quarter": 20141,
            "year": 2014,
            "quarter": 1,
            "eps": 1.92,
            "eps_growth_year": 23.08,
            "eps_4q": 8.25,
            "eps_4q_growth_year": 4.94,
            "roe": 5.36,
            "roe_4q": 25.21,
            "gross_profit": 470123,
            "gross_margin": 35.11,
            "gross_margin_4q_avg": 35.41,
            "net_income": 232589,
            "net_income_4q": null,
            "revenue": 1338959,
            "revenue_4q": null,
            "common_shares": 1209686,
            "book_valuer_per_share": 36.94,
            "book_valuer_per_share_4q_avg": 33.55,
            "equity": 4468413,
            "current_ratio": 1416.62,
            "debt_ratio": 29.9,
            "inventory_turnover_ratio": 6.32,
            "account_receivable_turnover_ratio": 1.1,
            "reinvestment_rate": null,
            "research_to_sale_ratio": 0.36,
            "price_fair": 253.98,
            "eps_avg_yearly": 8.31,
            "eps_latest_yearly": 7.68,
            "eps_growth_yearly": 20.58
        },
        "20142": {
            "year_quarter": 20142,
            "year": 2014,
            "quarter": 2,
            "eps": 2.21,
            "eps_growth_year": 8.87,
            "eps_4q": 8.43,
            "eps_4q_growth_year": 8.87,
            "roe": 6.2,
            "roe_4q": 24.9,
            "gross_profit": 552449,
            "gross_margin": 35.28,
            "gross_margin_4q_avg": 35.34,
            "net_income": 267452,
            "net_income_4q": null,
            "revenue": 1565861,
            "revenue_4q": null,
            "common_shares": 1209686,
            "book_valuer_per_share": 34.39,
            "book_valuer_per_share_4q_avg": 34.57,
            "equity": 4160547,
            "current_ratio": 639.8,
            "debt_ratio": 36.67,
            "inventory_turnover_ratio": 9.24,
            "account_receivable_turnover_ratio": 1.24,
            "reinvestment_rate": null,
            "research_to_sale_ratio": 0.16,
            "price_fair": 292.76,
            "eps_avg_yearly": 8.36,
            "eps_latest_yearly": 8.84,
            "eps_growth_yearly": 25.01
        },
        "20143": {
            "year_quarter": 20143,
            "year": 2014,
            "quarter": 3,
            "eps": 1.97,
            "eps_growth_year": -12.05,
            "eps_4q": 8.16,
            "eps_4q_growth_year": 0.35,
            "roe": 5.46,
            "roe_4q": 23.18,
            "gross_profit": 464490,
            "gross_margin": 35.5,
            "gross_margin_4q_avg": 35.34,
            "net_income": 238113,
            "net_income_4q": null,
            "revenue": 1308411,
            "revenue_4q": null,
            "common_shares": 1209686,
            "book_valuer_per_share": 37.67,
            "book_valuer_per_share_4q_avg": 35.96,
            "equity": 4556860,
            "current_ratio": 1517.95,
            "debt_ratio": 28.92,
            "inventory_turnover_ratio": 8.09,
            "account_receivable_turnover_ratio": 1.04,
            "reinvestment_rate": null,
            "research_to_sale_ratio": 0.19,
            "price_fair": 234.2,
            "eps_avg_yearly": 8.32,
            "eps_latest_yearly": 7.88,
            "eps_growth_yearly": 18.16
        },
        "20144": {
            "year_quarter": 20144,
            "year": 2014,
            "quarter": 4,
            "eps": 2.26,
            "eps_growth_year": 9.75,
            "eps_4q": 8.36,
            "eps_4q_growth_year": 6.02,
            "roe": 5.72,
            "roe_4q": 22.74,
            "gross_profit": 537314,
            "gross_margin": 35.56,
            "gross_margin_4q_avg": 35.36,
            "net_income": 273630,
            "net_income_4q": null,
            "revenue": 1511019,
            "revenue_4q": null,
            "common_shares": 1209686,
            "book_valuer_per_share": 41.45,
            "book_valuer_per_share_4q_avg": 37.61,
            "equity": 5013953,
            "current_ratio": 1281.53,
            "debt_ratio": 28.73,
            "inventory_turnover_ratio": 8.17,
            "account_receivable_turnover_ratio": 1.2,
            "reinvestment_rate": 14.06,
            "research_to_sale_ratio": 0.15,
            "price_fair": 267.09,
            "eps_avg_yearly": 8.38,
            "eps_latest_yearly": 9.04,
            "eps_growth_yearly": 21.86
        },
        "20151": {
            "year_quarter": 20151,
            "year": 2015,
            "quarter": 1,
            "eps": 1.84,
            "eps_growth_year": -4.17,
            "eps_4q": 8.28,
            "eps_4q_growth_year": 0.38,
            "roe": 4.37,
            "roe_4q": 21.75,
            "gross_profit": 445845,
            "gross_margin": 34.76,
            "gross_margin_4q_avg": 35.28,
            "net_income": 222723,
            "net_income_4q": null,
            "revenue": 1282496,
            "revenue_4q": null,
            "common_shares": 1209686,
            "book_valuer_per_share": 42.75,
            "book_valuer_per_share_4q_avg": 39.07,
            "equity": 5171899,
            "current_ratio": 383.07,
            "debt_ratio": 28.82,
            "inventory_turnover_ratio": 6.45,
            "account_receivable_turnover_ratio": 1.04,
            "reinvestment_rate": 13.58,
            "research_to_sale_ratio": 0.18,
            "price_fair": 197.86,
            "eps_avg_yearly": 8.3,
            "eps_latest_yearly": 7.36,
            "eps_growth_yearly": 13.85
        },
        "20152": {
            "year_quarter": 20152,
            "year": 2015,
            "quarter": 2,
            "eps": 2.24,
            "eps_growth_year": 1.36,
            "eps_4q": 7.8,
            "eps_4q_growth_year": -7.48,
            "roe": 5.19,
            "roe_4q": 20.740000000000002,
            "gross_profit": 527812,
            "gross_margin": 34.5,
            "gross_margin_4q_avg": 35.08,
            "net_income": 270849,
            "net_income_4q": null,
            "revenue": 1529950,
            "revenue_4q": null,
            "common_shares": 1209686,
            "book_valuer_per_share": 43.55,
            "book_valuer_per_share_4q_avg": 41.36,
            "equity": 5267587,
            "current_ratio": 376.34,
            "debt_ratio": 29.55,
            "inventory_turnover_ratio": 7.92,
            "account_receivable_turnover_ratio": 1.25,
            "reinvestment_rate": 12.25,
            "research_to_sale_ratio": 0.16,
            "price_fair": 246.02,
            "eps_avg_yearly": 8.35,
            "eps_latest_yearly": 8.96,
            "eps_growth_yearly": 19.47
        },
        "20153": {
            "year_quarter": 20153,
            "year": 2015,
            "quarter": 3,
            "eps": 1.78,
            "eps_growth_year": -9.64,
            "eps_4q": 7.74,
            "eps_4q_growth_year": -5.18,
            "roe": 4.16,
            "roe_4q": 19.44,
            "gross_profit": 483531,
            "gross_margin": 34.44,
            "gross_margin_4q_avg": 34.82,
            "net_income": 229959,
            "net_income_4q": null,
            "revenue": 1403952,
            "revenue_4q": null,
            "common_shares": 1288316,
            "book_valuer_per_share": 44.83,
            "book_valuer_per_share_4q_avg": 43.15,
            "equity": 5775506,
            "current_ratio": 402.4,
            "debt_ratio": 28.27,
            "inventory_turnover_ratio": 7.47,
            "account_receivable_turnover_ratio": 1.08,
            "reinvestment_rate": 12.53,
            "research_to_sale_ratio": 0.18,
            "price_fair": 183.49,
            "eps_avg_yearly": 8.26,
            "eps_latest_yearly": 7.12,
            "eps_growth_yearly": 12.21
        },
        "20154": {
            "year_quarter": 20154,
            "year": 2015,
            "quarter": 4,
            "eps": 2.07,
            "eps_growth_year": -8.51,
            "eps_4q": 7.69,
            "eps_4q_growth_year": -8.11,
            "roe": 4.57,
            "roe_4q": 18.290000000000003,
            "gross_profit": 549938,
            "gross_margin": 34.55,
            "gross_margin_4q_avg": 34.56,
            "net_income": 266620,
            "net_income_4q": null,
            "revenue": 1591603,
            "revenue_4q": null,
            "common_shares": 1288316,
            "book_valuer_per_share": 45.75,
            "book_valuer_per_share_4q_avg": 44.22,
            "equity": 5893680,
            "current_ratio": 372.92,
            "debt_ratio": 29.72,
            "inventory_turnover_ratio": 7.5,
            "account_receivable_turnover_ratio": 1.19,
            "reinvestment_rate": 17.7,
            "research_to_sale_ratio": 0.14,
            "price_fair": 212.68,
            "eps_avg_yearly": 8.26,
            "eps_latest_yearly": 8.28,
            "eps_growth_yearly": 15.74
        },
        "20161": {
            "year_quarter": 20161,
            "year": 2016,
            "quarter": 1,
            "eps": 1.88,
            "eps_growth_year": 2.17,
            "eps_4q": 7.84,
            "eps_4q_growth_year": -5.39,
            "roe": 4.04,
            "roe_4q": 17.96,
            "gross_profit": 449269,
            "gross_margin": 35.25,
            "gross_margin_4q_avg": 34.69,
            "net_income": 240726,
            "net_income_4q": null,
            "revenue": 1274423,
            "revenue_4q": null,
            "common_shares": 1288316,
            "book_valuer_per_share": 46.64,
            "book_valuer_per_share_4q_avg": 45.19,
            "equity": 6011882,
            "current_ratio": 545.87,
            "debt_ratio": 22.76,
            "inventory_turnover_ratio": 5.71,
            "account_receivable_turnover_ratio": 1,
            "reinvestment_rate": 17.2,
            "research_to_sale_ratio": 0.11,
            "price_fair": 184.55,
            "eps_avg_yearly": 8.22,
            "eps_latest_yearly": 7.52,
            "eps_growth_yearly": 12.47
        },
        "20162": {
            "year_quarter": 20162,
            "year": 2016,
            "quarter": 2,
            "eps": 2.18,
            "eps_growth_year": -2.68,
            "eps_4q": 6.11,
            "eps_4q_growth_year": -21.76,
            "roe": 4.65,
            "roe_4q": 17.42,
            "gross_profit": 550593,
            "gross_margin": 35.31,
            "gross_margin_4q_avg": 34.89,
            "net_income": 281042,
            "net_income_4q": null,
            "revenue": 1559432,
            "revenue_4q": null,
            "common_shares": 1288316,
            "book_valuer_per_share": 47.17,
            "book_valuer_per_share_4q_avg": 46.1,
            "equity": 6082701,
            "current_ratio": 610.06,
            "debt_ratio": 21.58,
            "inventory_turnover_ratio": 7.43,
            "account_receivable_turnover_ratio": 1.26,
            "reinvestment_rate": 16.71,
            "research_to_sale_ratio": 0.1,
            "price_fair": 112.56,
            "eps_avg_yearly": 8.16,
            "eps_latest_yearly": 8.72,
            "eps_growth_yearly": 3.8
        },
        "20163": {
            "year_quarter": 20163,
            "year": 2016,
            "quarter": 3,
            "eps": 0.86,
            "eps_growth_year": -51.69,
            "eps_4q": 5.59,
            "eps_4q_growth_year": -27.73,
            "roe": 2.33,
            "roe_4q": 15.59,
            "gross_profit": 342762,
            "gross_margin": 34.56,
            "gross_margin_4q_avg": 34.92,
            "net_income": 141206,
            "net_income_4q": null,
            "revenue": 991752,
            "revenue_4q": null,
            "common_shares": 1674810,
            "book_valuer_per_share": 36.14,
            "book_valuer_per_share_4q_avg": 43.93,
            "equity": 6060053,
            "current_ratio": 745.79,
            "debt_ratio": 19.16,
            "inventory_turnover_ratio": 5.42,
            "account_receivable_turnover_ratio": 0.92,
            "reinvestment_rate": 16.64,
            "research_to_sale_ratio": 0.15,
            "price_fair": 23.56,
            "eps_avg_yearly": 7.85,
            "eps_latest_yearly": 3.44,
            "eps_growth_yearly": -7.92
        },
        "20164": {
            "year_quarter": 20164,
            "year": 2016,
            "quarter": 4,
            "eps": 1.78,
            "eps_growth_year": -13.8,
            "eps_4q": 5.79,
            "eps_4q_growth_year": -24.72,
            "roe": 4.81,
            "roe_4q": 15.829999999999998,
            "gross_profit": 412474,
            "gross_margin": 34.95,
            "gross_margin_4q_avg": 35.02,
            "net_income": 295507,
            "net_income_4q": null,
            "revenue": 1180033,
            "revenue_4q": null,
            "common_shares": 1674810,
            "book_valuer_per_share": 37.15,
            "book_valuer_per_share_4q_avg": 41.78,
            "equity": 6225836,
            "current_ratio": 673.94,
            "debt_ratio": 20.54,
            "inventory_turnover_ratio": 6.54,
            "account_receivable_turnover_ratio": 1.37,
            "reinvestment_rate": 18.89,
            "research_to_sale_ratio": 0.13,
            "price_fair": 201.21,
            "eps_avg_yearly": 7.72,
            "eps_latest_yearly": 7.12,
            "eps_growth_yearly": 16.06
        },
        "20171": {
            "year_quarter": 20171,
            "year": 2017,
            "quarter": 1,
            "eps": 0.87,
            "eps_growth_year": -53.72,
            "eps_4q": 5.02,
            "eps_4q_growth_year": -35.93,
            "roe": 2.31,
            "roe_4q": 14.1,
            "gross_profit": 348586,
            "gross_margin": 33.69,
            "gross_margin_4q_avg": 34.63,
            "net_income": 147155,
            "net_income_4q": null,
            "revenue": 1034687,
            "revenue_4q": null,
            "common_shares": 1743585,
            "book_valuer_per_share": 37.45,
            "book_valuer_per_share_4q_avg": 39.48,
            "equity": 6534481,
            "current_ratio": 1400.48,
            "debt_ratio": 13.86,
            "inventory_turnover_ratio": 5.31,
            "account_receivable_turnover_ratio": 1.13,
            "reinvestment_rate": 18.04,
            "research_to_sale_ratio": 0.17,
            "price_fair": 161.52,
            "eps_avg_yearly": 7.55,
            "eps_latest_yearly": 3.48,
            "eps_growth_yearly": 11.4
        },
        "20172": {
            "year_quarter": 20172,
            "year": 2017,
            "quarter": 2,
            "eps": 0.87,
            "eps_growth_year": -60.09,
            "eps_4q": 4.14,
            "eps_4q_growth_year": -32.15,
            "roe": 2.28,
            "roe_4q": 11.729999999999999,
            "gross_profit": 308021,
            "gross_margin": 22.56,
            "gross_margin_4q_avg": 31.44,
            "net_income": 151024,
            "net_income_4q": null,
            "revenue": 1365083,
            "revenue_4q": null,
            "common_shares": 1743585,
            "book_valuer_per_share": 38.38,
            "book_valuer_per_share_4q_avg": 37.28,
            "equity": 6696107,
            "current_ratio": 832.35,
            "debt_ratio": 17.87,
            "inventory_turnover_ratio": 7.71,
            "account_receivable_turnover_ratio": 1.27,
            "reinvestment_rate": 18.91,
            "research_to_sale_ratio": 0.14,
            "price_fair": 100.65,
            "eps_avg_yearly": 7.26,
            "eps_latest_yearly": 3.48,
            "eps_growth_yearly": 3.87
        },
        "20173": {
            "year_quarter": 20173,
            "year": 2017,
            "quarter": 3,
            "eps": 0.28,
            "eps_growth_year": -67.44,
            "eps_4q": 3.61,
            "eps_4q_growth_year": -35.38,
            "roe": 0.72,
            "roe_4q": 10.120000000000001,
            "gross_profit": 163504,
            "gross_margin": 20.09,
            "gross_margin_4q_avg": 27.82,
            "net_income": 48876,
            "net_income_4q": null,
            "revenue": 813915,
            "revenue_4q": null,
            "common_shares": 1795892,
            "book_valuer_per_share": 38.11,
            "book_valuer_per_share_4q_avg": 37.77,
            "equity": 6847242,
            "current_ratio": 1362.04,
            "debt_ratio": 13.91,
            "inventory_turnover_ratio": 5.3,
            "account_receivable_turnover_ratio": 0.88,
            "reinvestment_rate": 19.87,
            "research_to_sale_ratio": 0.23,
            "price_fair": 20.3,
            "eps_avg_yearly": 6.77,
            "eps_latest_yearly": 1.12,
            "eps_growth_yearly": -15.67
        },
        "20174": {
            "year_quarter": 20174,
            "year": 2017,
            "quarter": 4,
            "eps": 0.3,
            "eps_growth_year": -83.08,
            "eps_4q": 2.25,
            "eps_4q_growth_year": -61.06,
            "roe": 0.77,
            "roe_4q": 6.08,
            "gross_profit": 162610,
            "gross_margin": 20.05,
            "gross_margin_4q_avg": 24.1,
            "net_income": 52757,
            "net_income_4q": null,
            "revenue": 811061,
            "revenue_4q": null,
            "common_shares": 1795892,
            "book_valuer_per_share": 38.58,
            "book_valuer_per_share_4q_avg": 38.13,
            "equity": 6930523,
            "current_ratio": 1460.62,
            "debt_ratio": 13.38,
            "inventory_turnover_ratio": 5.29,
            "account_receivable_turnover_ratio": 1.31,
            "reinvestment_rate": 21.15,
            "research_to_sale_ratio": 0.31,
            "price_fair": 18.98,
            "eps_avg_yearly": 6.33,
            "eps_latest_yearly": 1.2,
            "eps_growth_yearly": -11.88
        },
        "20181": {
            "year_quarter": 20181,
            "year": 2018,
            "quarter": 1,
            "eps": 0.52,
            "eps_growth_year": -40.23,
            "eps_4q": 1.94,
            "eps_4q_growth_year": -61.28,
            "roe": 1.32,
            "roe_4q": 5.09,
            "gross_profit": 216454,
            "gross_margin": 23.4,
            "gross_margin_4q_avg": 21.53,
            "net_income": 92737,
            "net_income_4q": null,
            "revenue": 924963,
            "revenue_4q": null,
            "common_shares": 1795892,
            "book_valuer_per_share": 39.73,
            "book_valuer_per_share_4q_avg": 38.7,
            "equity": 7137290,
            "current_ratio": 1094.1,
            "debt_ratio": 14.93,
            "inventory_turnover_ratio": 5.08,
            "account_receivable_turnover_ratio": 1.34,
            "reinvestment_rate": 25.11,
            "research_to_sale_ratio": 0.21,
            "price_fair": 108.52,
            "eps_avg_yearly": 5.98,
            "eps_latest_yearly": 2.08,
            "eps_growth_yearly": 8.15
        },
        "20182": {
            "year_quarter": 20182,
            "year": 2018,
            "quarter": 2,
            "eps": 0.68,
            "eps_growth_year": -21.84,
            "eps_4q": 1.75,
            "eps_4q_growth_year": -57.86,
            "roe": 1.73,
            "roe_4q": 4.54,
            "gross_profit": 299278,
            "gross_margin": 24.99,
            "gross_margin_4q_avg": 22.13,
            "net_income": 123392,
            "net_income_4q": null,
            "revenue": 1197358,
            "revenue_4q": null,
            "common_shares": 1795892,
            "book_valuer_per_share": 39.86,
            "book_valuer_per_share_4q_avg": 39.07,
            "equity": 7160731,
            "current_ratio": 1012.53,
            "debt_ratio": 16,
            "inventory_turnover_ratio": 6.6,
            "account_receivable_turnover_ratio": 1.4,
            "reinvestment_rate": -16.7,
            "research_to_sale_ratio": 0.16,
            "price_fair": 123.49,
            "eps_avg_yearly": 5.6,
            "eps_latest_yearly": 2.72,
            "eps_growth_yearly": 12.07
        },
        "20183": {
            "year_quarter": 20183,
            "year": 2018,
            "quarter": 3,
            "eps": 0.38,
            "eps_growth_year": 35.71,
            "eps_4q": 1.85,
            "eps_4q_growth_year": -48.72,
            "roe": 0.98,
            "roe_4q": 4.800000000000001,
            "gross_profit": 200082,
            "gross_margin": 26.31,
            "gross_margin_4q_avg": 23.69,
            "net_income": 69370,
            "net_income_4q": null,
            "revenue": 760351,
            "revenue_4q": null,
            "common_shares": 1826422,
            "book_valuer_per_share": 38.09,
            "book_valuer_per_share_4q_avg": 39.07,
            "equity": 6960635,
            "current_ratio": 1211.66,
            "debt_ratio": 14.9,
            "inventory_turnover_ratio": 3.82,
            "account_receivable_turnover_ratio": 0.93,
            "reinvestment_rate": -18.26,
            "research_to_sale_ratio": 0.23,
            "price_fair": 71.5,
            "eps_avg_yearly": 5.2,
            "eps_latest_yearly": 1.52,
            "eps_growth_yearly": 3.76
        },
        "20184": {
            "year_quarter": 20184,
            "year": 2018,
            "quarter": 4,
            "eps": 0.68,
            "eps_growth_year": 125.8,
            "eps_4q": 2.24,
            "eps_4q_growth_year": -0.63,
            "roe": 1.73,
            "roe_4q": 5.76,
            "gross_profit": 281736,
            "gross_margin": 25.48,
            "gross_margin_4q_avg": 25.05,
            "net_income": 121942,
            "net_income_4q": null,
            "revenue": 1105652,
            "revenue_4q": null,
            "common_shares": 1826422,
            "book_valuer_per_share": 39.13,
            "book_valuer_per_share_4q_avg": 39.2,
            "equity": 7147052,
            "current_ratio": 1023.05,
            "debt_ratio": 16.08,
            "inventory_turnover_ratio": 5.72,
            "account_receivable_turnover_ratio": 1.38,
            "reinvestment_rate": -16.61,
            "research_to_sale_ratio": 0.17,
            "price_fair": 143.18,
            "eps_avg_yearly": 4.8,
            "eps_latest_yearly": 2.72,
            "eps_growth_yearly": 19.81
        },
        "20191": {
            "year_quarter": 20191,
            "year": 2019,
            "quarter": 1,
            "eps": 0.24,
            "eps_growth_year": -53.85,
            "eps_4q": 1.97,
            "eps_4q_growth_year": 1.29,
            "roe": 0.61,
            "roe_4q": 5.05,
            "gross_profit": 160677,
            "gross_margin": 24.07,
            "gross_margin_4q_avg": 25.21,
            "net_income": 44198,
            "net_income_4q": null,
            "revenue": 667406,
            "revenue_4q": null,
            "common_shares": 1826422,
            "book_valuer_per_share": 40.35,
            "book_valuer_per_share_4q_avg": 39.36,
            "equity": 7369463,
            "current_ratio": 1511.25,
            "debt_ratio": 13.47,
            "inventory_turnover_ratio": 4.34,
            "account_receivable_turnover_ratio": 0.9,
            "reinvestment_rate": -17.73,
            "research_to_sale_ratio": 1.74,
            "price_fair": 80.49,
            "eps_avg_yearly": 4.4,
            "eps_latest_yearly": 0.96,
            "eps_growth_yearly": 8.28
        },
        "20192": {
            "year_quarter": 20192,
            "year": 2019,
            "quarter": 2,
            "eps": 0.33,
            "eps_growth_year": -51.47,
            "eps_4q": 1.61,
            "eps_4q_growth_year": -7.98,
            "roe": 0.83,
            "roe_4q": 4.15,
            "gross_profit": 216913,
            "gross_margin": 27.08,
            "gross_margin_4q_avg": 25.74,
            "net_income": 61079,
            "net_income_4q": null,
            "revenue": 800864,
            "revenue_4q": null,
            "common_shares": 1826422,
            "book_valuer_per_share": 39.94,
            "book_valuer_per_share_4q_avg": 39.38,
            "equity": 7295420,
            "current_ratio": 1625.23,
            "debt_ratio": 13.34,
            "inventory_turnover_ratio": 5.79,
            "account_receivable_turnover_ratio": 1.34,
            "reinvestment_rate": -19.34,
            "research_to_sale_ratio": 1.98,
            "price_fair": 87.22,
            "eps_avg_yearly": 3.93,
            "eps_latest_yearly": 1.32,
            "eps_growth_yearly": 12.22
        },
        "20193": {
            "year_quarter": 20193,
            "year": 2019,
            "quarter": 3,
            "eps": -0.13,
            "eps_growth_year": -134.21,
            "eps_4q": 1.1,
            "eps_4q_growth_year": -40.72,
            "roe": -0.35,
            "roe_4q": 2.82,
            "gross_profit": 88570,
            "gross_margin": 23.32,
            "gross_margin_4q_avg": 24.99,
            "net_income": -24668,
            "net_income_4q": null,
            "revenue": 379790,
            "revenue_4q": null,
            "common_shares": 1857472,
            "book_valuer_per_share": 37.65,
            "book_valuer_per_share_4q_avg": 39.27,
            "equity": 6994737,
            "current_ratio": 2290.36,
            "debt_ratio": 12.19,
            "inventory_turnover_ratio": 3.71,
            "account_receivable_turnover_ratio": 0.81,
            "reinvestment_rate": -23.37,
            "research_to_sale_ratio": 4.05,
            "price_fair": 105.84,
            "eps_avg_yearly": 3.71,
            "eps_latest_yearly": 1.32,
            "eps_growth_yearly": 18.51
        },
        "20194": {
            "year_quarter": 20194,
            "year": 2019,
            "quarter": 4,
            "eps": -0.72,
            "eps_growth_year": -205.41,
            "eps_4q": -0.29,
            "eps_4q_growth_year": -112.94,
            "roe": -1.94,
            "roe_4q": -0.85,
            "gross_profit": -87108,
            "gross_margin": -37.42,
            "gross_margin_4q_avg": 9.26,
            "net_income": -133427,
            "net_income_4q": null,
            "revenue": 232759,
            "revenue_4q": null,
            "common_shares": 1857472,
            "book_valuer_per_share": 36.48,
            "book_valuer_per_share_4q_avg": 38.61,
            "equity": 6778017,
            "current_ratio": 2264.31,
            "debt_ratio": 12.03,
            "inventory_turnover_ratio": 4.47,
            "account_receivable_turnover_ratio": 0.73,
            "reinvestment_rate": -40.18,
            "research_to_sale_ratio": 5.35,
            "price_fair": 85.26,
            "eps_avg_yearly": 3.39,
            "eps_latest_yearly": 1.32,
            "eps_growth_yearly": 15.18
        },
        "20201": {
            "year_quarter": 20201,
            "year": 2020,
            "quarter": 1,
            "eps": -0.64,
            "eps_growth_year": -366.67,
            "eps_4q": -1.17,
            "eps_4q_growth_year": -159.2,
            "roe": -1.77,
            "roe_4q": -3.2299999999999995,
            "gross_profit": -4907,
            "gross_margin": -3.77,
            "gross_margin_4q_avg": 2.3,
            "net_income": -118503,
            "net_income_4q": null,
            "revenue": 130256,
            "revenue_4q": null,
            "common_shares": 1857472,
            "book_valuer_per_share": 35.5,
            "book_valuer_per_share_4q_avg": 37.39,
            "equity": 6596517,
            "current_ratio": 3147.13,
            "debt_ratio": 11.21,
            "inventory_turnover_ratio": 2.66,
            "account_receivable_turnover_ratio": 0.46,
            "reinvestment_rate": -50.66,
            "research_to_sale_ratio": 9.76,
            "price_fair": 89.49,
            "eps_avg_yearly": 3.07,
            "eps_latest_yearly": 1.32,
            "eps_growth_yearly": 19.17
        },
        "20202": {
            "year_quarter": 20202,
            "year": 2020,
            "quarter": 2,
            "eps": -0.73,
            "eps_growth_year": -321.21,
            "eps_4q": -2.22,
            "eps_4q_growth_year": -238.26,
            "roe": -2.08,
            "roe_4q": -6.14,
            "gross_profit": -51253,
            "gross_margin": -41.66,
            "gross_margin_4q_avg": -14.88,
            "net_income": -134913,
            "net_income_4q": null,
            "revenue": 123018,
            "revenue_4q": null,
            "common_shares": 1857472,
            "book_valuer_per_share": 34.17,
            "book_valuer_per_share_4q_avg": 35.95,
            "equity": 6348588,
            "current_ratio": 2738.62,
            "debt_ratio": 11.53,
            "inventory_turnover_ratio": 5.78,
            "account_receivable_turnover_ratio": 0.73,
            "reinvestment_rate": -72.16,
            "research_to_sale_ratio": 11.7,
            "price_fair": 66.09,
            "eps_avg_yearly": 2.6,
            "eps_latest_yearly": 1.32,
            "eps_growth_yearly": 15.45
        },
        "20203": {
            "year_quarter": 20203,
            "year": 2020,
            "quarter": 3,
            "eps": -1.13,
            "eps_growth_year": null,
            "eps_4q": -3.22,
            "eps_4q_growth_year": -392.8,
            "roe": -3.32,
            "roe_4q": -9.11,
            "gross_profit": -27970,
            "gross_margin": -38.4,
            "gross_margin_4q_avg": -30.31,
            "net_income": -209743,
            "net_income_4q": null,
            "revenue": 72842,
            "revenue_4q": null,
            "common_shares": 1857472,
            "book_valuer_per_share": 33.78,
            "book_valuer_per_share_4q_avg": 34.98,
            "equity": 6277040,
            "current_ratio": 4257.65,
            "debt_ratio": 10.13,
            "inventory_turnover_ratio": 6.1,
            "account_receivable_turnover_ratio": 0.8,
            "reinvestment_rate": -112.98,
            "research_to_sale_ratio": 23.73,
            "price_fair": 88.2,
            "eps_avg_yearly": 2.52,
            "eps_latest_yearly": 1.32,
            "eps_growth_yearly": 38.88
        },
        "20204": {
            "year_quarter": 20204,
            "year": 2020,
            "quarter": 4,
            "eps": -0.2,
            "eps_growth_year": null,
            "eps_4q": -2.7,
            "eps_4q_growth_year": null,
            "roe": -0.58,
            "roe_4q": -7.75,
            "gross_profit": -26914,
            "gross_margin": -51.62,
            "gross_margin_4q_avg": -33.86,
            "net_income": -36741,
            "net_income_4q": null,
            "revenue": 52139,
            "revenue_4q": null,
            "common_shares": 1857472,
            "book_valuer_per_share": 34.44,
            "book_valuer_per_share_4q_avg": 34.47,
            "equity": 6399777,
            "current_ratio": 4206.04,
            "debt_ratio": 9.78,
            "inventory_turnover_ratio": 5.93,
            "account_receivable_turnover_ratio": 1.29,
            "reinvestment_rate": -297.06,
            "research_to_sale_ratio": 31.28,
            "price_fair": 6.18,
            "eps_avg_yearly": 2.06,
            "eps_latest_yearly": 1.32,
            "eps_growth_yearly": -0.03
        },
        "20211": {
            "year_quarter": 20211,
            "year": 2021,
            "quarter": 1,
            "eps": 0.1,
            "eps_growth_year": null,
            "eps_4q": -1.96,
            "eps_4q_growth_year": null,
            "roe": 0.29,
            "roe_4q": -5.6899999999999995,
            "gross_profit": 6019,
            "gross_margin": 7.06,
            "gross_margin_4q_avg": -31.16,
            "net_income": 18764,
            "net_income_4q": null,
            "revenue": 85235,
            "revenue_4q": null,
            "common_shares": 1857472,
            "book_valuer_per_share": 34.42,
            "book_valuer_per_share_4q_avg": 34.2,
            "equity": 6394849,
            "current_ratio": 4729.17,
            "debt_ratio": 9.64,
            "inventory_turnover_ratio": 4.12,
            "account_receivable_turnover_ratio": 2.16,
            "reinvestment_rate": -570.24,
            "research_to_sale_ratio": 7.77,
            "price_fair": 62.18,
            "eps_avg_yearly": 1.9,
            "eps_latest_yearly": 1.32,
            "eps_growth_yearly": 22.69
        },
        "20212": {
            "year_quarter": 20212,
            "year": 2021,
            "quarter": 2,
            "eps": 0.1,
            "eps_growth_year": null,
            "eps_4q": -1.13,
            "eps_4q_growth_year": null,
            "roe": 0.29,
            "roe_4q": -3.32,
            "gross_profit": 17567,
            "gross_margin": 13.92,
            "gross_margin_4q_avg": -17.26,
            "net_income": 18477,
            "net_income_4q": null,
            "revenue": 126190,
            "revenue_4q": null,
            "common_shares": 1857472,
            "book_valuer_per_share": 34.24,
            "book_valuer_per_share_4q_avg": 34.22,
            "equity": 6361380,
            "current_ratio": 5060.52,
            "debt_ratio": 9.97,
            "inventory_turnover_ratio": 6.84,
            "account_receivable_turnover_ratio": 2.05,
            "reinvestment_rate": null,
            "research_to_sale_ratio": 8.56,
            "price_fair": 51,
            "eps_avg_yearly": 1.56,
            "eps_latest_yearly": 0.4,
            "eps_growth_yearly": 22.69
        },
        "20213": {
            "year_quarter": 20213,
            "year": 2021,
            "quarter": 3,
            "eps": -0.04,
            "eps_growth_year": null,
            "eps_4q": -0.04,
            "eps_4q_growth_year": null,
            "roe": -0.12,
            "roe_4q": -0.12,
            "gross_profit": 4288,
            "gross_margin": 4.33,
            "gross_margin_4q_avg": -6.58,
            "net_income": -7428,
            "net_income_4q": null,
            "revenue": 99113,
            "revenue_4q": null,
            "common_shares": 1857472,
            "book_valuer_per_share": 34.14,
            "book_valuer_per_share_4q_avg": 34.31,
            "equity": 6344196,
            "current_ratio": 4744.86,
            "debt_ratio": 10.02,
            "inventory_turnover_ratio": 5.21,
            "account_receivable_turnover_ratio": 1.44,
            "reinvestment_rate": null,
            "research_to_sale_ratio": 12.26,
            "price_fair": 56.53,
            "eps_avg_yearly": 1.62,
            "eps_latest_yearly": 0.4,
            "eps_growth_yearly": 59.43
        },
        "20214": {
            "year_quarter": 20214,
            "year": 2021,
            "quarter": 4,
            "eps": -0.04,
            "eps_growth_year": null,
            "eps_4q": 0.12,
            "eps_4q_growth_year": null,
            "roe": -0.11,
            "roe_4q": 0.35,
            "gross_profit": 7412,
            "gross_margin": 6.1,
            "gross_margin_4q_avg": 7.85,
            "net_income": -7245,
            "net_income_4q": null,
            "revenue": 121539,
            "revenue_4q": null,
            "common_shares": 1857472,
            "book_valuer_per_share": 34.42,
            "book_valuer_per_share_4q_avg": 34.31,
            "equity": 6395322,
            "current_ratio": 4981.92,
            "debt_ratio": 9.8,
            "inventory_turnover_ratio": 5.46,
            "account_receivable_turnover_ratio": 1.79,
            "reinvestment_rate": null,
            "research_to_sale_ratio": 9.89,
            "price_fair": 58.6,
            "eps_avg_yearly": 1.67,
            "eps_latest_yearly": 0.4,
            "eps_growth_yearly": 63.84
        },
        "20221": {
            "year_quarter": 20221,
            "year": 2022,
            "quarter": 1,
            "eps": -0.15,
            "eps_growth_year": -250,
            "eps_4q": -0.13,
            "eps_4q_growth_year": null,
            "roe": -0.44,
            "roe_4q": -0.38000000000000006,
            "gross_profit": -12742,
            "gross_margin": -21.75,
            "gross_margin_4q_avg": 0.65,
            "net_income": -28330,
            "net_income_4q": null,
            "revenue": 58582,
            "revenue_4q": null,
            "common_shares": 1857472,
            "book_valuer_per_share": 35.6,
            "book_valuer_per_share_4q_avg": 34.6,
            "equity": 6614416,
            "current_ratio": 5996.6,
            "debt_ratio": 9.46,
            "inventory_turnover_ratio": 5.12,
            "account_receivable_turnover_ratio": 1.05,
            "reinvestment_rate": null,
            "research_to_sale_ratio": 14.51,
            "price_fair": 56.23,
            "eps_avg_yearly": 1.61,
            "eps_latest_yearly": 0.4,
            "eps_growth_yearly": 25.6
        },
        "20222": {
            "year_quarter": 20222,
            "year": 2022,
            "quarter": 2,
            "eps": -0.29,
            "eps_growth_year": -390,
            "eps_4q": -0.52,
            "eps_4q_growth_year": null,
            "roe": -0.84,
            "roe_4q": -1.5100000000000002,
            "gross_profit": -24278,
            "gross_margin": -41.89,
            "gross_margin_4q_avg": -13.3,
            "net_income": -54548,
            "net_income_4q": null,
            "revenue": 57955,
            "revenue_4q": null,
            "common_shares": 1857472,
            "book_valuer_per_share": 34.68,
            "book_valuer_per_share_4q_avg": 34.71,
            "equity": 6443231,
            "current_ratio": 5393.03,
            "debt_ratio": 9.98,
            "inventory_turnover_ratio": 7.82,
            "account_receivable_turnover_ratio": 1.46,
            "reinvestment_rate": null,
            "research_to_sale_ratio": 15.99,
            "price_fair": 22.28,
            "eps_avg_yearly": 1.38,
            "eps_latest_yearly": 0.4,
            "eps_growth_yearly": 6.1
        },
        "20223": {
            "year_quarter": 20223,
            "year": 2022,
            "quarter": 3,
            "eps": -0.68,
            "eps_growth_year": null,
            "eps_4q": -1.16,
            "eps_4q_growth_year": null,
            "roe": -1.97,
            "roe_4q": -3.36,
            "gross_profit": -10662,
            "gross_margin": -14.86,
            "gross_margin_4q_avg": -18.1,
            "net_income": -126106,
            "net_income_4q": null,
            "revenue": 71733,
            "revenue_4q": null,
            "common_shares": 1857472,
            "book_valuer_per_share": 34.06,
            "book_valuer_per_share_4q_avg": 34.69,
            "equity": 6328411,
            "current_ratio": 3365.2,
            "debt_ratio": 11.3,
            "inventory_turnover_ratio": 9.29,
            "account_receivable_turnover_ratio": 1.87,
            "reinvestment_rate": null,
            "research_to_sale_ratio": 11.15,
            "price_fair": 47.25,
            "eps_avg_yearly": 1.35,
            "eps_latest_yearly": 0.4,
            "eps_growth_yearly": 51.74
        },
        "20224": {
            "year_quarter": 20224,
            "year": 2022,
            "quarter": 4,
            "eps": 0.04,
            "eps_growth_year": null,
            "eps_4q": -1.08,
            "eps_4q_growth_year": -979.67,
            "roe": 0.12,
            "roe_4q": -3.13,
            "gross_profit": -2701,
            "gross_margin": -11.07,
            "gross_margin_4q_avg": -22.39,
            "net_income": 7724,
            "net_income_4q": null,
            "revenue": 24404,
            "revenue_4q": null,
            "common_shares": 1857472,
            "book_valuer_per_share": 33.72,
            "book_valuer_per_share_4q_avg": 34.52,
            "equity": 6263620,
            "current_ratio": 8143.88,
            "debt_ratio": 9.81,
            "inventory_turnover_ratio": 4.71,
            "account_receivable_turnover_ratio": 0.86,
            "reinvestment_rate": null,
            "research_to_sale_ratio": 2.14,
            "price_fair": 2.68,
            "eps_avg_yearly": 0.89,
            "eps_latest_yearly": 0.4,
            "eps_growth_yearly": -36.27
        },
        "20231": {
            "year_quarter": 20231,
            "year": 2023,
            "quarter": 1,
            "eps": -0.02,
            "eps_growth_year": null,
            "eps_4q": -0.95,
            "eps_4q_growth_year": null,
            "roe": -0.07,
            "roe_4q": -2.76,
            "gross_profit": -1132,
            "gross_margin": -5.25,
            "gross_margin_4q_avg": -18.27,
            "net_income": -4382,
            "net_income_4q": null,
            "revenue": 21582,
            "revenue_4q": null,
            "common_shares": 1857472,
            "book_valuer_per_share": 33.51,
            "book_valuer_per_share_4q_avg": 33.99,
            "equity": 6225984,
            "current_ratio": 8160.83,
            "debt_ratio": 9.64,
            "inventory_turnover_ratio": 5.16,
            "account_receivable_turnover_ratio": 1.36,
            "reinvestment_rate": null,
            "research_to_sale_ratio": 2.71,
            "price_fair": 30.1,
            "eps_avg_yearly": 0.86,
            "eps_latest_yearly": 0.4,
            "eps_growth_yearly": 75
        },
        "20232": {
            "year_quarter": 20232,
            "year": 2023,
            "quarter": 2,
            "eps": -0.07,
            "eps_growth_year": null,
            "eps_4q": -0.73,
            "eps_4q_growth_year": null,
            "roe": -0.22,
            "roe_4q": -2.14,
            "gross_profit": 76,
            "gross_margin": 0.31,
            "gross_margin_4q_avg": -7.72,
            "net_income": -13239,
            "net_income_4q": null,
            "revenue": 24874,
            "revenue_4q": null,
            "common_shares": 1857472,
            "book_valuer_per_share": 32.58,
            "book_valuer_per_share_4q_avg": 33.47,
            "equity": 6051894,
            "current_ratio": 8865.24,
            "debt_ratio": 10.04,
            "inventory_turnover_ratio": 11.23,
            "account_receivable_turnover_ratio": 2.6,
            "reinvestment_rate": null,
            "research_to_sale_ratio": 2.81,
            "price_fair": 4,
            "eps_avg_yearly": 0.4,
            "eps_latest_yearly": 0.4,
            "eps_growth_yearly": 0
        },
        "20233": {
            "year_quarter": 20233,
            "year": 2023,
            "quarter": 3,
            "eps": 0,
            "eps_growth_year": null,
            "eps_4q": -0.05,
            "eps_4q_growth_year": null,
            "roe": 0.01,
            "roe_4q": -0.16000000000000003,
            "gross_profit": 11595,
            "gross_margin": 14.46,
            "gross_margin_4q_avg": -0.39,
            "net_income": 407,
            "net_income_4q": null,
            "revenue": 80200,
            "revenue_4q": null,
            "common_shares": 1857472,
            "book_valuer_per_share": 33.58,
            "book_valuer_per_share_4q_avg": 33.35,
            "equity": 6237363,
            "current_ratio": 7476.06,
            "debt_ratio": 10.24,
            "inventory_turnover_ratio": null,
            "account_receivable_turnover_ratio": 4.12,
            "reinvestment_rate": null,
            "research_to_sale_ratio": 0.76,
            "price_fair": 4,
            "eps_avg_yearly": 0.4,
            "eps_latest_yearly": 0.4,
            "eps_growth_yearly": 0
        }
    },
    "months": {
        "2012-11": {
            "month": "2012-11",
            "price": "81.75",
            "revenue": 457851
        },
        "2012-12": {
            "month": "2012-12",
            "price": "68.96",
            "revenue": 405271
        },
        "2013-01": {
            "month": "2013-01",
            "price": "67.87",
            "revenue": 365535
        },
        "2013-02": {
            "month": "2013-02",
            "price": "68.04",
            "revenue": 276400
        },
        "2013-03": {
            "month": "2013-03",
            "price": "68.79",
            "revenue": 444799
        },
        "2013-04": {
            "month": "2013-04",
            "price": "69.66",
            "revenue": 498064
        },
        "2013-05": {
            "month": "2013-05",
            "price": "68.89",
            "revenue": 521592
        },
        "2013-06": {
            "month": "2013-06",
            "price": "65.49",
            "revenue": 311440
        },
        "2013-07": {
            "month": "2013-07",
            "price": "61.88",
            "revenue": 511091
        },
        "2013-08": {
            "month": "2013-08",
            "price": "72.90",
            "revenue": 385678
        },
        "2013-09": {
            "month": "2013-09",
            "price": "71.49",
            "revenue": 443995
        },
        "2013-10": {
            "month": "2013-10",
            "price": "70.98",
            "revenue": 480530
        },
        "2013-11": {
            "month": "2013-11",
            "price": "75.90",
            "revenue": 497269
        },
        "2013-12": {
            "month": "2013-12",
            "price": "101.60",
            "revenue": 441614
        },
        "2014-01": {
            "month": "2014-01",
            "price": "97.85",
            "revenue": 507749
        },
        "2014-02": {
            "month": "2014-02",
            "price": "101.76",
            "revenue": 332498
        },
        "2014-03": {
            "month": "2014-03",
            "price": "102.56",
            "revenue": 501754
        },
        "2014-04": {
            "month": "2014-04",
            "price": "97.54",
            "revenue": 563604
        },
        "2014-05": {
            "month": "2014-05",
            "price": "83.26",
            "revenue": 600363
        },
        "2014-06": {
            "month": "2014-06",
            "price": "81.16",
            "revenue": 399055
        },
        "2014-07": {
            "month": "2014-07",
            "price": "75.92",
            "revenue": 497488
        },
        "2014-08": {
            "month": "2014-08",
            "price": "77.80",
            "revenue": 374533
        },
        "2014-09": {
            "month": "2014-09",
            "price": "72.58",
            "revenue": 435682
        },
        "2014-10": {
            "month": "2014-10",
            "price": "66.56",
            "revenue": 477377
        },
        "2014-11": {
            "month": "2014-11",
            "price": "68.26",
            "revenue": 539512
        },
        "2014-12": {
            "month": "2014-12",
            "price": "72.38",
            "revenue": 493239
        },
        "2015-01": {
            "month": "2015-01",
            "price": "71.45",
            "revenue": 506866
        },
        "2015-02": {
            "month": "2015-02",
            "price": "71.73",
            "revenue": 289600
        },
        "2015-03": {
            "month": "2015-03",
            "price": "71.12",
            "revenue": 485675
        },
        "2015-04": {
            "month": "2015-04",
            "price": "70.48",
            "revenue": 546796
        },
        "2015-05": {
            "month": "2015-05",
            "price": "64.74",
            "revenue": 583318
        },
        "2015-06": {
            "month": "2015-06",
            "price": "61.46",
            "revenue": 395975
        },
        "2015-07": {
            "month": "2015-07",
            "price": "55.76",
            "revenue": 520496
        },
        "2015-08": {
            "month": "2015-08",
            "price": "53.17",
            "revenue": 403708
        },
        "2015-09": {
            "month": "2015-09",
            "price": "56.54",
            "revenue": 470388
        },
        "2015-10": {
            "month": "2015-10",
            "price": "65.14",
            "revenue": 510365
        },
        "2015-11": {
            "month": "2015-11",
            "price": "67.44",
            "revenue": 566967
        },
        "2015-12": {
            "month": "2015-12",
            "price": "60.49",
            "revenue": 506958
        },
        "2016-01": {
            "month": "2016-01",
            "price": "52.04",
            "revenue": 503593
        },
        "2016-02": {
            "month": "2016-02",
            "price": "54.16",
            "revenue": 288251
        },
        "2016-03": {
            "month": "2016-03",
            "price": "59.26",
            "revenue": 477301
        },
        "2016-04": {
            "month": "2016-04",
            "price": "55.86",
            "revenue": 538612
        },
        "2016-05": {
            "month": "2016-05",
            "price": "57.74",
            "revenue": 577296
        },
        "2016-06": {
            "month": "2016-06",
            "price": "58.70",
            "revenue": 438745
        },
        "2016-07": {
            "month": "2016-07",
            "price": "60.78",
            "revenue": 403757
        },
        "2016-08": {
            "month": "2016-08",
            "price": "61.60",
            "revenue": 284438
        },
        "2016-09": {
            "month": "2016-09",
            "price": "48.08",
            "revenue": 316195
        },
        "2016-10": {
            "month": "2016-10",
            "price": "39.56",
            "revenue": 506766
        },
        "2016-11": {
            "month": "2016-11",
            "price": "37.90",
            "revenue": 351568
        },
        "2016-12": {
            "month": "2016-12",
            "price": "38.11",
            "revenue": 324237
        },
        "2017-01": {
            "month": "2017-01",
            "price": "35.13",
            "revenue": 367600
        },
        "2017-02": {
            "month": "2017-02",
            "price": "36.79",
            "revenue": 252075
        },
        "2017-03": {
            "month": "2017-03",
            "price": "36.03",
            "revenue": 417767
        },
        "2017-04": {
            "month": "2017-04",
            "price": "37.50",
            "revenue": 471344
        },
        "2017-05": {
            "month": "2017-05",
            "price": "33.94",
            "revenue": 499263
        },
        "2017-06": {
            "month": "2017-06",
            "price": "36.45",
            "revenue": 390294
        },
        "2017-07": {
            "month": "2017-07",
            "price": "37.02",
            "revenue": 303017
        },
        "2017-08": {
            "month": "2017-08",
            "price": "34.81",
            "revenue": 213542
        },
        "2017-09": {
            "month": "2017-09",
            "price": "30.36",
            "revenue": 292780
        },
        "2017-10": {
            "month": "2017-10",
            "price": "28.74",
            "revenue": 270513
        },
        "2017-11": {
            "month": "2017-11",
            "price": "27.01",
            "revenue": 295222
        },
        "2017-12": {
            "month": "2017-12",
            "price": "24.47",
            "revenue": 242129
        },
        "2018-01": {
            "month": "2018-01",
            "price": "24.59",
            "revenue": 374917
        },
        "2018-02": {
            "month": "2018-02",
            "price": "21.24",
            "revenue": 182999
        },
        "2018-03": {
            "month": "2018-03",
            "price": "21.57",
            "revenue": 365842
        },
        "2018-04": {
            "month": "2018-04",
            "price": "20.54",
            "revenue": 412352
        },
        "2018-05": {
            "month": "2018-05",
            "price": "21.92",
            "revenue": 425630
        },
        "2018-06": {
            "month": "2018-06",
            "price": "25.65",
            "revenue": 362007
        },
        "2018-07": {
            "month": "2018-07",
            "price": "23.27",
            "revenue": 208900
        },
        "2018-08": {
            "month": "2018-08",
            "price": "20.96",
            "revenue": 267068
        },
        "2018-09": {
            "month": "2018-09",
            "price": "19.35",
            "revenue": 289504
        },
        "2018-10": {
            "month": "2018-10",
            "price": "17.42",
            "revenue": 359293
        },
        "2018-11": {
            "month": "2018-11",
            "price": "17.60",
            "revenue": 398860
        },
        "2018-12": {
            "month": "2018-12",
            "price": "18.35",
            "revenue": 345046
        },
        "2019-01": {
            "month": "2019-01",
            "price": "18.16",
            "revenue": 281710
        },
        "2019-02": {
            "month": "2019-02",
            "price": "17.57",
            "revenue": 127649
        },
        "2019-03": {
            "month": "2019-03",
            "price": "17.50",
            "revenue": 257744
        },
        "2019-04": {
            "month": "2019-04",
            "price": "17.92",
            "revenue": 281220
        },
        "2019-05": {
            "month": "2019-05",
            "price": "15.80",
            "revenue": 262022
        },
        "2019-06": {
            "month": "2019-06",
            "price": "14.51",
            "revenue": 255156
        },
        "2019-07": {
            "month": "2019-07",
            "price": "14.75",
            "revenue": 146160
        },
        "2019-08": {
            "month": "2019-08",
            "price": "13.69",
            "revenue": 116978
        },
        "2019-09": {
            "month": "2019-09",
            "price": "13.48",
            "revenue": 123098
        },
        "2019-10": {
            "month": "2019-10",
            "price": "13.12",
            "revenue": 142073
        },
        "2019-11": {
            "month": "2019-11",
            "price": "12.30",
            "revenue": 157954
        },
        "2019-12": {
            "month": "2019-12",
            "price": "11.40",
            "revenue": 130904
        },
        "2020-01": {
            "month": "2020-01",
            "price": "11.44",
            "revenue": 97849
        },
        "2020-02": {
            "month": "2020-02",
            "price": "9.77",
            "revenue": 6303
        },
        "2020-03": {
            "month": "2020-03",
            "price": "7.70",
            "revenue": 26431
        },
        "2020-04": {
            "month": "2020-04",
            "price": "6.96",
            "revenue": 42096
        },
        "2020-05": {
            "month": "2020-05",
            "price": "7.34",
            "revenue": 43180
        },
        "2020-06": {
            "month": "2020-06",
            "price": "7.43",
            "revenue": 37703
        },
        "2020-07": {
            "month": "2020-07",
            "price": "8.31",
            "revenue": 38354
        },
        "2020-08": {
            "month": "2020-08",
            "price": "7.91",
            "revenue": 21055
        },
        "2020-09": {
            "month": "2020-09",
            "price": "8.61",
            "revenue": 13344
        },
        "2020-10": {
            "month": "2020-10",
            "price": "8.73",
            "revenue": 12680
        },
        "2020-11": {
            "month": "2020-11",
            "price": "8.52",
            "revenue": 14067
        },
        "2020-12": {
            "month": "2020-12",
            "price": "9.03",
            "revenue": 24729
        },
        "2021-01": {
            "month": "2021-01",
            "price": "8.94",
            "revenue": 43572
        },
        "2021-02": {
            "month": "2021-02",
            "price": "8.45",
            "revenue": 7370
        },
        "2021-03": {
            "month": "2021-03",
            "price": "8.56",
            "revenue": 34240
        },
        "2021-04": {
            "month": "2021-04",
            "price": "9.19",
            "revenue": 44479
        },
        "2021-05": {
            "month": "2021-05",
            "price": "10.34",
            "revenue": 36812
        },
        "2021-06": {
            "month": "2021-06",
            "price": "14.68",
            "revenue": 44600
        },
        "2021-07": {
            "month": "2021-07",
            "price": "15.33",
            "revenue": 27648
        },
        "2021-08": {
            "month": "2021-08",
            "price": "12.86",
            "revenue": 39191
        },
        "2021-09": {
            "month": "2021-09",
            "price": "12.46",
            "revenue": 32424
        },
        "2021-10": {
            "month": "2021-10",
            "price": "12.68",
            "revenue": 45464
        },
        "2021-11": {
            "month": "2021-11",
            "price": "13.71",
            "revenue": 30712
        },
        "2021-12": {
            "month": "2021-12",
            "price": "12.91",
            "revenue": 45405
        },
        "2022-01": {
            "month": "2022-01",
            "price": "12.08",
            "revenue": 33565
        },
        "2022-02": {
            "month": "2022-02",
            "price": "11.82",
            "revenue": 9737
        },
        "2022-03": {
            "month": "2022-03",
            "price": "11.05",
            "revenue": 15054
        },
        "2022-04": {
            "month": "2022-04",
            "price": "10.96",
            "revenue": 7840
        },
        "2022-05": {
            "month": "2022-05",
            "price": "10.36",
            "revenue": 31235
        },
        "2022-06": {
            "month": "2022-06",
            "price": "10.43",
            "revenue": 18559
        },
        "2022-07": {
            "month": "2022-07",
            "price": "9.52",
            "revenue": 24850
        },
        "2022-08": {
            "month": "2022-08",
            "price": "9.67",
            "revenue": 21061
        },
        "2022-09": {
            "month": "2022-09",
            "price": "10.01",
            "revenue": 25832
        },
        "2022-10": {
            "month": "2022-10",
            "price": "9.60",
            "revenue": 7070
        },
        "2022-11": {
            "month": "2022-11",
            "price": "9.58",
            "revenue": 8134
        },
        "2022-12": {
            "month": "2022-12",
            "price": "10.75",
            "revenue": 8863
        },
        "2023-01": {
            "month": "2023-01",
            "price": "10.78",
            "revenue": 5002
        },
        "2023-02": {
            "month": "2023-02",
            "price": "10.95",
            "revenue": 5035
        },
        "2023-03": {
            "month": "2023-03",
            "price": "10.52",
            "revenue": 11531
        },
        "2023-04": {
            "month": "2023-04",
            "price": "10.45",
            "revenue": 9619
        },
        "2023-05": {
            "month": "2023-05",
            "price": "10.73",
            "revenue": 7942
        },
        "2023-06": {
            "month": "2023-06",
            "price": "10.83",
            "revenue": 5681
        },
        "2023-07": {
            "month": "2023-07",
            "price": "10.76",
            "revenue": 27644
        },
        "2023-08": {
            "month": "2023-08",
            "price": "10.04",
            "revenue": 23948
        },
        "2023-09": {
            "month": "2023-09",
            "price": "10.09",
            "revenue": 28766
        },
        "2023-10": {
            "month": "2023-10",
            "price": "10.50",
            "revenue": 29403
        },
        "2023-11": {
            "month": "2023-11",
            "price": "10.72",
            "revenue": 28184
        },
        "2023-12": {
            "month": "2023-12",
            "price": "10.93",
            "revenue": 25755
        }
    }
}
