{
    "summary": {
        "stock_name": "匯鑽科",
        "stock_id": "8431",
        "category": "其他電子",
        "main_business": "金屬表面處理服務",
        "website_url": "https://thesuperiorplating.com/",
        "ceo": "王信為",
        "pe_ratio": 100,
        "report_year_from": 2010,
        "report_year_to": 2023,
        "age": 14,
        "eps_negative_percentage": 50,
        "eps_growth_avg": {
            "last_all": -31.82,
            "last_2y": -9.1,
            "last_4y": -9.1,
            "last_8y": -31.82,
            "last_12y": null,
            "last_16y": null,
            "last_20y": null,
            "at_2006_last_3y": null,
            "at_2007_last_3y": null,
            "at_2008_last_3y": null,
            "at_2009_last_3y": null,
            "at_2010_last_3y": null,
            "at_2011_last_3y": null,
            "at_2012_last_3y": null,
            "at_2013_last_3y": null,
            "at_2014_last_3y": null,
            "at_2015_last_3y": null,
            "at_2016_last_3y": null,
            "at_2017_last_3y": null,
            "at_2018_last_3y": -100,
            "at_2019_last_3y": null,
            "at_2020_last_3y": null,
            "at_2021_last_3y": 77.5,
            "at_2022_last_3y": -4.33,
            "at_2023_last_3y": -9.1,
            "at_2024_last_3y": -9.1,
            "at_2006_last_all": null,
            "at_2007_last_all": null,
            "at_2008_last_all": null,
            "at_2009_last_all": null,
            "at_2010_last_all": null,
            "at_2011_last_all": null,
            "at_2012_last_all": null,
            "at_2013_last_all": null,
            "at_2014_last_all": null,
            "at_2015_last_all": null,
            "at_2016_last_all": -100,
            "at_2017_last_all": -100,
            "at_2018_last_all": -100,
            "at_2019_last_all": -100,
            "at_2020_last_all": -100,
            "at_2021_last_all": -11.25,
            "at_2022_last_all": -36.22,
            "at_2023_last_all": -31.82,
            "at_2024_last_all": -31.82
        },
        "latest_eps": 0.22,
        "latest_price": 63.4,
        "latest_roe": -0.16,
        "latest_gross_margin": 25.33,
        "latest_equity": 1060954,
        "latest_revenue": 259827,
        "latest_gross_profit": 65806,
        "latest_net_income": 13016,
        "latest_debt_ratio": 33.72,
        "latest_current_ratio": 169.73,
        "latest_account_receivable_turnover_ratio": 0.93,
        "latest_inventory_turnover_ratio": 3.7,
        "latest_reinvestment_rate": 27.97,
        "latest_research_to_sale_ratio": 1.13
    },
    "eps_dividends": {
        "2001": {
            "cash": 0,
            "stock": 0,
            "eps": 0
        },
        "2002": {
            "cash": 0,
            "stock": 0,
            "eps": 0
        },
        "2003": {
            "cash": 0,
            "stock": 0,
            "eps": 0
        },
        "2004": {
            "cash": 0,
            "stock": 0,
            "eps": 0
        },
        "2005": {
            "cash": 0,
            "stock": 0,
            "eps": 0
        },
        "2006": {
            "cash": 0,
            "stock": 0,
            "eps": 0
        },
        "2007": {
            "cash": 0,
            "stock": 0,
            "eps": 0
        },
        "2008": {
            "cash": 0,
            "stock": 0,
            "eps": 0
        },
        "2009": {
            "cash": 0,
            "stock": 0,
            "eps": 0
        },
        "2010": {
            "cash": 0,
            "stock": 0,
            "eps": 0
        },
        "2011": {
            "cash": 0.6,
            "stock": 0,
            "eps": 0
        },
        "2012": {
            "cash": 0.59,
            "stock": 0,
            "eps": 0
        },
        "2013": {
            "cash": 1.01,
            "stock": 0,
            "eps": 0
        },
        "2014": {
            "cash": 0.7,
            "stock": 0,
            "eps": 1.55
        },
        "2015": {
            "cash": 1.5,
            "stock": 0,
            "eps": -1.84
        },
        "2016": {
            "cash": 0,
            "stock": 0,
            "eps": -2.51
        },
        "2017": {
            "cash": 0,
            "stock": 0,
            "eps": -2.23
        },
        "2018": {
            "cash": 0,
            "stock": 0,
            "eps": -1.82
        },
        "2019": {
            "cash": 0,
            "stock": 0,
            "eps": -1.85
        },
        "2020": {
            "cash": 0,
            "stock": 0,
            "eps": 2.4
        },
        "2021": {
            "cash": 0.8,
            "stock": 0,
            "eps": 4.26
        },
        "2022": {
            "cash": 1.8,
            "stock": 0,
            "eps": 0.59
        },
        "2023": {
            "cash": 0.30000000000000004,
            "stock": 0,
            "eps": 0.48
        }
    },
    "dividends": {
        "2011-06-17": {
            "cash": 0.6,
            "stock": 0
        },
        "2012-06-28": {
            "cash": 0.59,
            "stock": 0
        },
        "2013-06-19": {
            "cash": 1.01,
            "stock": 0
        },
        "2014-08-13": {
            "cash": 0.7,
            "stock": 0
        },
        "2015-08-21": {
            "cash": 1.5,
            "stock": 0
        },
        "2021-09-24": {
            "cash": 0.8,
            "stock": 0
        },
        "2022-07-29": {
            "cash": 1.8,
            "stock": 0
        },
        "2023-01-11": {
            "cash": 0.2,
            "stock": 0
        },
        "2023-08-07": {
            "cash": 0.1,
            "stock": 0
        }
    },
    "prices": {
        "200101": "無",
        "200102": "無",
        "200103": "無",
        "200104": "無",
        "200105": "無",
        "200106": "無",
        "200107": "無",
        "200108": "無",
        "200109": "無",
        "200110": "無",
        "200111": "無",
        "200112": "無",
        "200201": "無",
        "200202": "無",
        "200203": "無",
        "200204": "無",
        "200205": "無",
        "200206": "無",
        "200207": "無",
        "200208": "無",
        "200209": "無",
        "200210": "無",
        "200211": "無",
        "200212": "無",
        "200301": "無",
        "200302": "無",
        "200303": "無",
        "200304": "無",
        "200305": "無",
        "200306": "無",
        "200307": "無",
        "200308": "無",
        "200309": "無",
        "200310": "無",
        "200311": "無",
        "200312": "無",
        "200401": "無",
        "200402": "無",
        "200403": "無",
        "200404": "無",
        "200405": "無",
        "200406": "無",
        "200407": "無",
        "200408": "無",
        "200409": "無",
        "200410": "無",
        "200411": "無",
        "200412": "無",
        "200501": "無",
        "200502": "無",
        "200503": "無",
        "200504": "無",
        "200505": "無",
        "200506": "無",
        "200507": "無",
        "200508": "無",
        "200509": "無",
        "200510": "無",
        "200511": "無",
        "200512": "無",
        "200601": "無",
        "200602": "無",
        "200603": "無",
        "200604": "無",
        "200605": "無",
        "200606": "無",
        "200607": "無",
        "200608": "無",
        "200609": "無",
        "200610": "無",
        "200611": "無",
        "200612": "無",
        "200701": "無",
        "200702": "無",
        "200703": "無",
        "200704": "無",
        "200705": "無",
        "200706": "無",
        "200707": "無",
        "200708": "無",
        "200709": "無",
        "200710": "無",
        "200711": "無",
        "200712": "無",
        "200801": "無",
        "200802": "無",
        "200803": "無",
        "200804": "無",
        "200805": "無",
        "200806": "無",
        "200807": "無",
        "200808": "無",
        "200809": "無",
        "200810": "無",
        "200811": "無",
        "200812": "無",
        "200901": "無",
        "200902": "無",
        "200903": "無",
        "200904": "無",
        "200905": "無",
        "200906": "無",
        "200907": "無",
        "200908": "無",
        "200909": "無",
        "200910": "無",
        "200911": "無",
        "200912": "無",
        "201001": "無",
        "201002": "無",
        "201003": "無",
        "201004": "無",
        "201005": "無",
        "201006": "無",
        "201007": "無",
        "201008": "無",
        "201009": "無",
        "201010": "無",
        "201011": "無",
        "201012": "無",
        "201101": "無",
        "201102": "無",
        "201103": "52.65",
        "201104": "48.10",
        "201105": "43.79",
        "201106": "43.67",
        "201107": "無",
        "201108": "42.06",
        "201109": "33.70",
        "201110": "28.90",
        "201111": "26.97",
        "201112": "26.75",
        "201201": "26.15",
        "201202": "26.49",
        "201203": "30.08",
        "201204": "32.69",
        "201205": "31.85",
        "201206": "31.40",
        "201207": "無",
        "201208": "29.91",
        "201209": "31.72",
        "201210": "32.39",
        "201211": "29.00",
        "201212": "27.55",
        "201301": "26.18",
        "201302": "25.12",
        "201303": "23.98",
        "201304": "21.17",
        "201305": "19.13",
        "201306": "20.89",
        "201307": "21.55",
        "201308": "21.86",
        "201309": "19.47",
        "201310": "19.17",
        "201311": "19.44",
        "201312": "19.63",
        "201401": "19.87",
        "201402": "27.29",
        "201403": "30.03",
        "201404": "30.42",
        "201405": "30.17",
        "201406": "30.57",
        "201407": "30.15",
        "201408": "28.34",
        "201409": "28.08",
        "201410": "28.07",
        "201411": "28.16",
        "201412": "31.61",
        "201501": "36.63",
        "201502": "42.14",
        "201503": "49.10",
        "201504": "68.80",
        "201505": "85.84",
        "201506": "100.35",
        "201507": "77.86",
        "201508": "55.67",
        "201509": "62.70",
        "201510": "64.43",
        "201511": "58.02",
        "201512": "79.03",
        "201601": "74.11",
        "201602": "78.44",
        "201603": "98.17",
        "201604": "90.08",
        "201605": "59.47",
        "201606": "65.61",
        "201607": "69.40",
        "201608": "72.21",
        "201609": "77.81",
        "201610": "68.80",
        "201611": "54.32",
        "201612": "55.79",
        "201701": "53.04",
        "201702": "55.33",
        "201703": "50.79",
        "201704": "43.83",
        "201705": "41.80",
        "201706": "41.06",
        "201707": "41.98",
        "201708": "40.93",
        "201709": "49.41",
        "201710": "56.12",
        "201711": "56.14",
        "201712": "61.18",
        "201801": "72.67",
        "201802": "73.64",
        "201803": "84.01",
        "201804": "77.64",
        "201805": "69.90",
        "201806": "78.22",
        "201807": "78.20",
        "201808": "70.60",
        "201809": "62.87",
        "201810": "51.27",
        "201811": "42.40",
        "201812": "38.13",
        "201901": "36.41",
        "201902": "41.80",
        "201903": "43.73",
        "201904": "49.46",
        "201905": "42.25",
        "201906": "44.62",
        "201907": "51.04",
        "201908": "59.50",
        "201909": "71.89",
        "201910": "66.38",
        "201911": "59.86",
        "201912": "58.08",
        "202001": "56.26",
        "202002": "51.03",
        "202003": "40.40",
        "202004": "47.67",
        "202005": "52.14",
        "202006": "53.66",
        "202007": "53.75",
        "202008": "54.94",
        "202009": "63.05",
        "202010": "66.71",
        "202011": "67.67",
        "202012": "64.14",
        "202101": "59.86",
        "202102": "68.72",
        "202103": "84.95",
        "202104": "82.58",
        "202105": "61.69",
        "202106": "65.77",
        "202107": "74.04",
        "202108": "65.09",
        "202109": "59.94",
        "202110": "57.02",
        "202111": "61.20",
        "202112": "67.64",
        "202201": "70.85",
        "202202": "69.47",
        "202203": "71.39",
        "202204": "64.86",
        "202205": "57.38",
        "202206": "60.00",
        "202207": "54.92",
        "202208": "55.17",
        "202209": "51.06",
        "202210": "50.26",
        "202211": "53.17",
        "202212": "50.83",
        "202301": "51.21",
        "202302": "52.38",
        "202303": "59.07",
        "202304": "63.92",
        "202305": "63.71",
        "202306": "66.13",
        "202307": "65.09",
        "202308": "60.56",
        "202309": "61.29",
        "202310": "60.08",
        "202311": "56.09",
        "202312": "55.71"
    },
    "quarters": {
        "20011": {
            "year_quarter": 20011,
            "year": 2001,
            "quarter": 1,
            "eps": null,
            "eps_growth_year": null,
            "eps_4q": null,
            "eps_4q_growth_year": null,
            "roe": null,
            "roe_4q": 0,
            "gross_profit": null,
            "gross_margin": null,
            "gross_margin_4q_avg": 0,
            "net_income": null,
            "net_income_4q": null,
            "revenue": null,
            "revenue_4q": null,
            "common_shares": null,
            "book_valuer_per_share": null,
            "book_valuer_per_share_4q_avg": 0,
            "equity": null,
            "current_ratio": null,
            "debt_ratio": null,
            "inventory_turnover_ratio": null,
            "account_receivable_turnover_ratio": null,
            "reinvestment_rate": null,
            "research_to_sale_ratio": null,
            "price_fair": 0,
            "eps_avg_yearly": 0,
            "eps_latest_yearly": 0,
            "eps_growth_yearly": 0
        },
        "20012": {
            "year_quarter": 20012,
            "year": 2001,
            "quarter": 2,
            "eps": null,
            "eps_growth_year": null,
            "eps_4q": null,
            "eps_4q_growth_year": null,
            "roe": null,
            "roe_4q": 0,
            "gross_profit": null,
            "gross_margin": null,
            "gross_margin_4q_avg": 0,
            "net_income": null,
            "net_income_4q": null,
            "revenue": null,
            "revenue_4q": null,
            "common_shares": null,
            "book_valuer_per_share": null,
            "book_valuer_per_share_4q_avg": 0,
            "equity": null,
            "current_ratio": null,
            "debt_ratio": null,
            "inventory_turnover_ratio": null,
            "account_receivable_turnover_ratio": null,
            "reinvestment_rate": null,
            "research_to_sale_ratio": null,
            "price_fair": 0,
            "eps_avg_yearly": 0,
            "eps_latest_yearly": 0,
            "eps_growth_yearly": 0
        },
        "20013": {
            "year_quarter": 20013,
            "year": 2001,
            "quarter": 3,
            "eps": null,
            "eps_growth_year": null,
            "eps_4q": null,
            "eps_4q_growth_year": null,
            "roe": null,
            "roe_4q": 0,
            "gross_profit": null,
            "gross_margin": null,
            "gross_margin_4q_avg": 0,
            "net_income": null,
            "net_income_4q": null,
            "revenue": null,
            "revenue_4q": null,
            "common_shares": null,
            "book_valuer_per_share": null,
            "book_valuer_per_share_4q_avg": 0,
            "equity": null,
            "current_ratio": null,
            "debt_ratio": null,
            "inventory_turnover_ratio": null,
            "account_receivable_turnover_ratio": null,
            "reinvestment_rate": null,
            "research_to_sale_ratio": null,
            "price_fair": 0,
            "eps_avg_yearly": 0,
            "eps_latest_yearly": 0,
            "eps_growth_yearly": 0
        },
        "20014": {
            "year_quarter": 20014,
            "year": 2001,
            "quarter": 4,
            "eps": null,
            "eps_growth_year": null,
            "eps_4q": null,
            "eps_4q_growth_year": null,
            "roe": null,
            "roe_4q": 0,
            "gross_profit": null,
            "gross_margin": null,
            "gross_margin_4q_avg": 0,
            "net_income": null,
            "net_income_4q": null,
            "revenue": null,
            "revenue_4q": null,
            "common_shares": null,
            "book_valuer_per_share": null,
            "book_valuer_per_share_4q_avg": 0,
            "equity": null,
            "current_ratio": null,
            "debt_ratio": null,
            "inventory_turnover_ratio": null,
            "account_receivable_turnover_ratio": null,
            "reinvestment_rate": null,
            "research_to_sale_ratio": null,
            "price_fair": 0,
            "eps_avg_yearly": 0,
            "eps_latest_yearly": 0,
            "eps_growth_yearly": 0
        },
        "20021": {
            "year_quarter": 20021,
            "year": 2002,
            "quarter": 1,
            "eps": null,
            "eps_growth_year": null,
            "eps_4q": null,
            "eps_4q_growth_year": null,
            "roe": null,
            "roe_4q": 0,
            "gross_profit": null,
            "gross_margin": null,
            "gross_margin_4q_avg": 0,
            "net_income": null,
            "net_income_4q": null,
            "revenue": null,
            "revenue_4q": null,
            "common_shares": null,
            "book_valuer_per_share": null,
            "book_valuer_per_share_4q_avg": 0,
            "equity": null,
            "current_ratio": null,
            "debt_ratio": null,
            "inventory_turnover_ratio": null,
            "account_receivable_turnover_ratio": null,
            "reinvestment_rate": null,
            "research_to_sale_ratio": null,
            "price_fair": 0,
            "eps_avg_yearly": 0,
            "eps_latest_yearly": 0,
            "eps_growth_yearly": 0
        },
        "20022": {
            "year_quarter": 20022,
            "year": 2002,
            "quarter": 2,
            "eps": null,
            "eps_growth_year": null,
            "eps_4q": null,
            "eps_4q_growth_year": null,
            "roe": null,
            "roe_4q": 0,
            "gross_profit": null,
            "gross_margin": null,
            "gross_margin_4q_avg": 0,
            "net_income": null,
            "net_income_4q": null,
            "revenue": null,
            "revenue_4q": null,
            "common_shares": null,
            "book_valuer_per_share": null,
            "book_valuer_per_share_4q_avg": 0,
            "equity": null,
            "current_ratio": null,
            "debt_ratio": null,
            "inventory_turnover_ratio": null,
            "account_receivable_turnover_ratio": null,
            "reinvestment_rate": null,
            "research_to_sale_ratio": null,
            "price_fair": 0,
            "eps_avg_yearly": 0,
            "eps_latest_yearly": 0,
            "eps_growth_yearly": 0
        },
        "20023": {
            "year_quarter": 20023,
            "year": 2002,
            "quarter": 3,
            "eps": null,
            "eps_growth_year": null,
            "eps_4q": null,
            "eps_4q_growth_year": null,
            "roe": null,
            "roe_4q": 0,
            "gross_profit": null,
            "gross_margin": null,
            "gross_margin_4q_avg": 0,
            "net_income": null,
            "net_income_4q": null,
            "revenue": null,
            "revenue_4q": null,
            "common_shares": null,
            "book_valuer_per_share": null,
            "book_valuer_per_share_4q_avg": 0,
            "equity": null,
            "current_ratio": null,
            "debt_ratio": null,
            "inventory_turnover_ratio": null,
            "account_receivable_turnover_ratio": null,
            "reinvestment_rate": null,
            "research_to_sale_ratio": null,
            "price_fair": 0,
            "eps_avg_yearly": 0,
            "eps_latest_yearly": 0,
            "eps_growth_yearly": 0
        },
        "20024": {
            "year_quarter": 20024,
            "year": 2002,
            "quarter": 4,
            "eps": null,
            "eps_growth_year": null,
            "eps_4q": null,
            "eps_4q_growth_year": null,
            "roe": null,
            "roe_4q": 0,
            "gross_profit": null,
            "gross_margin": null,
            "gross_margin_4q_avg": 0,
            "net_income": null,
            "net_income_4q": null,
            "revenue": null,
            "revenue_4q": null,
            "common_shares": null,
            "book_valuer_per_share": null,
            "book_valuer_per_share_4q_avg": 0,
            "equity": null,
            "current_ratio": null,
            "debt_ratio": null,
            "inventory_turnover_ratio": null,
            "account_receivable_turnover_ratio": null,
            "reinvestment_rate": null,
            "research_to_sale_ratio": null,
            "price_fair": 0,
            "eps_avg_yearly": 0,
            "eps_latest_yearly": 0,
            "eps_growth_yearly": 0
        },
        "20031": {
            "year_quarter": 20031,
            "year": 2003,
            "quarter": 1,
            "eps": null,
            "eps_growth_year": null,
            "eps_4q": null,
            "eps_4q_growth_year": null,
            "roe": null,
            "roe_4q": 0,
            "gross_profit": null,
            "gross_margin": null,
            "gross_margin_4q_avg": 0,
            "net_income": null,
            "net_income_4q": null,
            "revenue": null,
            "revenue_4q": null,
            "common_shares": null,
            "book_valuer_per_share": null,
            "book_valuer_per_share_4q_avg": 0,
            "equity": null,
            "current_ratio": null,
            "debt_ratio": null,
            "inventory_turnover_ratio": null,
            "account_receivable_turnover_ratio": null,
            "reinvestment_rate": null,
            "research_to_sale_ratio": null,
            "price_fair": 0,
            "eps_avg_yearly": 0,
            "eps_latest_yearly": 0,
            "eps_growth_yearly": 0
        },
        "20032": {
            "year_quarter": 20032,
            "year": 2003,
            "quarter": 2,
            "eps": null,
            "eps_growth_year": null,
            "eps_4q": null,
            "eps_4q_growth_year": null,
            "roe": null,
            "roe_4q": 0,
            "gross_profit": null,
            "gross_margin": null,
            "gross_margin_4q_avg": 0,
            "net_income": null,
            "net_income_4q": null,
            "revenue": null,
            "revenue_4q": null,
            "common_shares": null,
            "book_valuer_per_share": null,
            "book_valuer_per_share_4q_avg": 0,
            "equity": null,
            "current_ratio": null,
            "debt_ratio": null,
            "inventory_turnover_ratio": null,
            "account_receivable_turnover_ratio": null,
            "reinvestment_rate": null,
            "research_to_sale_ratio": null,
            "price_fair": 0,
            "eps_avg_yearly": 0,
            "eps_latest_yearly": 0,
            "eps_growth_yearly": 0
        },
        "20033": {
            "year_quarter": 20033,
            "year": 2003,
            "quarter": 3,
            "eps": null,
            "eps_growth_year": null,
            "eps_4q": null,
            "eps_4q_growth_year": null,
            "roe": null,
            "roe_4q": 0,
            "gross_profit": null,
            "gross_margin": null,
            "gross_margin_4q_avg": 0,
            "net_income": null,
            "net_income_4q": null,
            "revenue": null,
            "revenue_4q": null,
            "common_shares": null,
            "book_valuer_per_share": null,
            "book_valuer_per_share_4q_avg": 0,
            "equity": null,
            "current_ratio": null,
            "debt_ratio": null,
            "inventory_turnover_ratio": null,
            "account_receivable_turnover_ratio": null,
            "reinvestment_rate": null,
            "research_to_sale_ratio": null,
            "price_fair": 0,
            "eps_avg_yearly": 0,
            "eps_latest_yearly": 0,
            "eps_growth_yearly": 0
        },
        "20034": {
            "year_quarter": 20034,
            "year": 2003,
            "quarter": 4,
            "eps": null,
            "eps_growth_year": null,
            "eps_4q": null,
            "eps_4q_growth_year": null,
            "roe": null,
            "roe_4q": 0,
            "gross_profit": null,
            "gross_margin": null,
            "gross_margin_4q_avg": 0,
            "net_income": null,
            "net_income_4q": null,
            "revenue": null,
            "revenue_4q": null,
            "common_shares": null,
            "book_valuer_per_share": null,
            "book_valuer_per_share_4q_avg": 0,
            "equity": null,
            "current_ratio": null,
            "debt_ratio": null,
            "inventory_turnover_ratio": null,
            "account_receivable_turnover_ratio": null,
            "reinvestment_rate": null,
            "research_to_sale_ratio": null,
            "price_fair": 0,
            "eps_avg_yearly": 0,
            "eps_latest_yearly": 0,
            "eps_growth_yearly": 0
        },
        "20041": {
            "year_quarter": 20041,
            "year": 2004,
            "quarter": 1,
            "eps": null,
            "eps_growth_year": null,
            "eps_4q": null,
            "eps_4q_growth_year": null,
            "roe": null,
            "roe_4q": 0,
            "gross_profit": null,
            "gross_margin": null,
            "gross_margin_4q_avg": 0,
            "net_income": null,
            "net_income_4q": null,
            "revenue": null,
            "revenue_4q": null,
            "common_shares": null,
            "book_valuer_per_share": null,
            "book_valuer_per_share_4q_avg": 0,
            "equity": null,
            "current_ratio": null,
            "debt_ratio": null,
            "inventory_turnover_ratio": null,
            "account_receivable_turnover_ratio": null,
            "reinvestment_rate": null,
            "research_to_sale_ratio": null,
            "price_fair": 0,
            "eps_avg_yearly": 0,
            "eps_latest_yearly": 0,
            "eps_growth_yearly": 0
        },
        "20042": {
            "year_quarter": 20042,
            "year": 2004,
            "quarter": 2,
            "eps": null,
            "eps_growth_year": null,
            "eps_4q": null,
            "eps_4q_growth_year": null,
            "roe": null,
            "roe_4q": 0,
            "gross_profit": null,
            "gross_margin": null,
            "gross_margin_4q_avg": 0,
            "net_income": null,
            "net_income_4q": null,
            "revenue": null,
            "revenue_4q": null,
            "common_shares": null,
            "book_valuer_per_share": null,
            "book_valuer_per_share_4q_avg": 0,
            "equity": null,
            "current_ratio": null,
            "debt_ratio": null,
            "inventory_turnover_ratio": null,
            "account_receivable_turnover_ratio": null,
            "reinvestment_rate": null,
            "research_to_sale_ratio": null,
            "price_fair": 0,
            "eps_avg_yearly": 0,
            "eps_latest_yearly": 0,
            "eps_growth_yearly": 0
        },
        "20043": {
            "year_quarter": 20043,
            "year": 2004,
            "quarter": 3,
            "eps": null,
            "eps_growth_year": null,
            "eps_4q": null,
            "eps_4q_growth_year": null,
            "roe": null,
            "roe_4q": 0,
            "gross_profit": null,
            "gross_margin": null,
            "gross_margin_4q_avg": 0,
            "net_income": null,
            "net_income_4q": null,
            "revenue": null,
            "revenue_4q": null,
            "common_shares": null,
            "book_valuer_per_share": null,
            "book_valuer_per_share_4q_avg": 0,
            "equity": null,
            "current_ratio": null,
            "debt_ratio": null,
            "inventory_turnover_ratio": null,
            "account_receivable_turnover_ratio": null,
            "reinvestment_rate": null,
            "research_to_sale_ratio": null,
            "price_fair": 0,
            "eps_avg_yearly": 0,
            "eps_latest_yearly": 0,
            "eps_growth_yearly": 0
        },
        "20044": {
            "year_quarter": 20044,
            "year": 2004,
            "quarter": 4,
            "eps": null,
            "eps_growth_year": null,
            "eps_4q": null,
            "eps_4q_growth_year": null,
            "roe": null,
            "roe_4q": 0,
            "gross_profit": null,
            "gross_margin": null,
            "gross_margin_4q_avg": 0,
            "net_income": null,
            "net_income_4q": null,
            "revenue": null,
            "revenue_4q": null,
            "common_shares": null,
            "book_valuer_per_share": null,
            "book_valuer_per_share_4q_avg": 0,
            "equity": null,
            "current_ratio": null,
            "debt_ratio": null,
            "inventory_turnover_ratio": null,
            "account_receivable_turnover_ratio": null,
            "reinvestment_rate": null,
            "research_to_sale_ratio": null,
            "price_fair": 0,
            "eps_avg_yearly": 0,
            "eps_latest_yearly": 0,
            "eps_growth_yearly": 0
        },
        "20051": {
            "year_quarter": 20051,
            "year": 2005,
            "quarter": 1,
            "eps": null,
            "eps_growth_year": null,
            "eps_4q": null,
            "eps_4q_growth_year": null,
            "roe": null,
            "roe_4q": 0,
            "gross_profit": null,
            "gross_margin": null,
            "gross_margin_4q_avg": 0,
            "net_income": null,
            "net_income_4q": null,
            "revenue": null,
            "revenue_4q": null,
            "common_shares": null,
            "book_valuer_per_share": null,
            "book_valuer_per_share_4q_avg": 0,
            "equity": null,
            "current_ratio": null,
            "debt_ratio": null,
            "inventory_turnover_ratio": null,
            "account_receivable_turnover_ratio": null,
            "reinvestment_rate": null,
            "research_to_sale_ratio": null,
            "price_fair": 0,
            "eps_avg_yearly": 0,
            "eps_latest_yearly": 0,
            "eps_growth_yearly": 0
        },
        "20052": {
            "year_quarter": 20052,
            "year": 2005,
            "quarter": 2,
            "eps": null,
            "eps_growth_year": null,
            "eps_4q": null,
            "eps_4q_growth_year": null,
            "roe": null,
            "roe_4q": 0,
            "gross_profit": null,
            "gross_margin": null,
            "gross_margin_4q_avg": 0,
            "net_income": null,
            "net_income_4q": null,
            "revenue": null,
            "revenue_4q": null,
            "common_shares": null,
            "book_valuer_per_share": null,
            "book_valuer_per_share_4q_avg": 0,
            "equity": null,
            "current_ratio": null,
            "debt_ratio": null,
            "inventory_turnover_ratio": null,
            "account_receivable_turnover_ratio": null,
            "reinvestment_rate": null,
            "research_to_sale_ratio": null,
            "price_fair": 0,
            "eps_avg_yearly": 0,
            "eps_latest_yearly": 0,
            "eps_growth_yearly": 0
        },
        "20053": {
            "year_quarter": 20053,
            "year": 2005,
            "quarter": 3,
            "eps": null,
            "eps_growth_year": null,
            "eps_4q": null,
            "eps_4q_growth_year": null,
            "roe": null,
            "roe_4q": 0,
            "gross_profit": null,
            "gross_margin": null,
            "gross_margin_4q_avg": 0,
            "net_income": null,
            "net_income_4q": null,
            "revenue": null,
            "revenue_4q": null,
            "common_shares": null,
            "book_valuer_per_share": null,
            "book_valuer_per_share_4q_avg": 0,
            "equity": null,
            "current_ratio": null,
            "debt_ratio": null,
            "inventory_turnover_ratio": null,
            "account_receivable_turnover_ratio": null,
            "reinvestment_rate": null,
            "research_to_sale_ratio": null,
            "price_fair": 0,
            "eps_avg_yearly": 0,
            "eps_latest_yearly": 0,
            "eps_growth_yearly": 0
        },
        "20054": {
            "year_quarter": 20054,
            "year": 2005,
            "quarter": 4,
            "eps": null,
            "eps_growth_year": null,
            "eps_4q": null,
            "eps_4q_growth_year": null,
            "roe": null,
            "roe_4q": 0,
            "gross_profit": null,
            "gross_margin": null,
            "gross_margin_4q_avg": 0,
            "net_income": null,
            "net_income_4q": null,
            "revenue": null,
            "revenue_4q": null,
            "common_shares": null,
            "book_valuer_per_share": null,
            "book_valuer_per_share_4q_avg": 0,
            "equity": null,
            "current_ratio": null,
            "debt_ratio": null,
            "inventory_turnover_ratio": null,
            "account_receivable_turnover_ratio": null,
            "reinvestment_rate": null,
            "research_to_sale_ratio": null,
            "price_fair": 0,
            "eps_avg_yearly": 0,
            "eps_latest_yearly": 0,
            "eps_growth_yearly": 0
        },
        "20061": {
            "year_quarter": 20061,
            "year": 2006,
            "quarter": 1,
            "eps": null,
            "eps_growth_year": null,
            "eps_4q": null,
            "eps_4q_growth_year": null,
            "roe": null,
            "roe_4q": 0,
            "gross_profit": null,
            "gross_margin": null,
            "gross_margin_4q_avg": 0,
            "net_income": null,
            "net_income_4q": null,
            "revenue": null,
            "revenue_4q": null,
            "common_shares": null,
            "book_valuer_per_share": null,
            "book_valuer_per_share_4q_avg": 0,
            "equity": null,
            "current_ratio": null,
            "debt_ratio": null,
            "inventory_turnover_ratio": null,
            "account_receivable_turnover_ratio": null,
            "reinvestment_rate": null,
            "research_to_sale_ratio": null,
            "price_fair": 0,
            "eps_avg_yearly": 0,
            "eps_latest_yearly": 0,
            "eps_growth_yearly": 0
        },
        "20062": {
            "year_quarter": 20062,
            "year": 2006,
            "quarter": 2,
            "eps": null,
            "eps_growth_year": null,
            "eps_4q": null,
            "eps_4q_growth_year": null,
            "roe": null,
            "roe_4q": 0,
            "gross_profit": null,
            "gross_margin": null,
            "gross_margin_4q_avg": 0,
            "net_income": null,
            "net_income_4q": null,
            "revenue": null,
            "revenue_4q": null,
            "common_shares": null,
            "book_valuer_per_share": null,
            "book_valuer_per_share_4q_avg": 0,
            "equity": null,
            "current_ratio": null,
            "debt_ratio": null,
            "inventory_turnover_ratio": null,
            "account_receivable_turnover_ratio": null,
            "reinvestment_rate": null,
            "research_to_sale_ratio": null,
            "price_fair": 0,
            "eps_avg_yearly": 0,
            "eps_latest_yearly": 0,
            "eps_growth_yearly": 0
        },
        "20063": {
            "year_quarter": 20063,
            "year": 2006,
            "quarter": 3,
            "eps": null,
            "eps_growth_year": null,
            "eps_4q": null,
            "eps_4q_growth_year": null,
            "roe": null,
            "roe_4q": 0,
            "gross_profit": null,
            "gross_margin": null,
            "gross_margin_4q_avg": 0,
            "net_income": null,
            "net_income_4q": null,
            "revenue": null,
            "revenue_4q": null,
            "common_shares": null,
            "book_valuer_per_share": null,
            "book_valuer_per_share_4q_avg": 0,
            "equity": null,
            "current_ratio": null,
            "debt_ratio": null,
            "inventory_turnover_ratio": null,
            "account_receivable_turnover_ratio": null,
            "reinvestment_rate": null,
            "research_to_sale_ratio": null,
            "price_fair": 0,
            "eps_avg_yearly": 0,
            "eps_latest_yearly": 0,
            "eps_growth_yearly": 0
        },
        "20064": {
            "year_quarter": 20064,
            "year": 2006,
            "quarter": 4,
            "eps": null,
            "eps_growth_year": null,
            "eps_4q": null,
            "eps_4q_growth_year": null,
            "roe": null,
            "roe_4q": 0,
            "gross_profit": null,
            "gross_margin": null,
            "gross_margin_4q_avg": 0,
            "net_income": null,
            "net_income_4q": null,
            "revenue": null,
            "revenue_4q": null,
            "common_shares": null,
            "book_valuer_per_share": null,
            "book_valuer_per_share_4q_avg": 0,
            "equity": null,
            "current_ratio": null,
            "debt_ratio": null,
            "inventory_turnover_ratio": null,
            "account_receivable_turnover_ratio": null,
            "reinvestment_rate": null,
            "research_to_sale_ratio": null,
            "price_fair": 0,
            "eps_avg_yearly": 0,
            "eps_latest_yearly": 0,
            "eps_growth_yearly": 0
        },
        "20071": {
            "year_quarter": 20071,
            "year": 2007,
            "quarter": 1,
            "eps": null,
            "eps_growth_year": null,
            "eps_4q": null,
            "eps_4q_growth_year": null,
            "roe": null,
            "roe_4q": 0,
            "gross_profit": null,
            "gross_margin": null,
            "gross_margin_4q_avg": 0,
            "net_income": null,
            "net_income_4q": null,
            "revenue": null,
            "revenue_4q": null,
            "common_shares": null,
            "book_valuer_per_share": null,
            "book_valuer_per_share_4q_avg": 0,
            "equity": null,
            "current_ratio": null,
            "debt_ratio": null,
            "inventory_turnover_ratio": null,
            "account_receivable_turnover_ratio": null,
            "reinvestment_rate": null,
            "research_to_sale_ratio": null,
            "price_fair": 0,
            "eps_avg_yearly": 0,
            "eps_latest_yearly": 0,
            "eps_growth_yearly": 0
        },
        "20072": {
            "year_quarter": 20072,
            "year": 2007,
            "quarter": 2,
            "eps": null,
            "eps_growth_year": null,
            "eps_4q": null,
            "eps_4q_growth_year": null,
            "roe": null,
            "roe_4q": 0,
            "gross_profit": null,
            "gross_margin": null,
            "gross_margin_4q_avg": 0,
            "net_income": null,
            "net_income_4q": null,
            "revenue": null,
            "revenue_4q": null,
            "common_shares": null,
            "book_valuer_per_share": null,
            "book_valuer_per_share_4q_avg": 0,
            "equity": null,
            "current_ratio": null,
            "debt_ratio": null,
            "inventory_turnover_ratio": null,
            "account_receivable_turnover_ratio": null,
            "reinvestment_rate": null,
            "research_to_sale_ratio": null,
            "price_fair": 0,
            "eps_avg_yearly": 0,
            "eps_latest_yearly": 0,
            "eps_growth_yearly": 0
        },
        "20073": {
            "year_quarter": 20073,
            "year": 2007,
            "quarter": 3,
            "eps": null,
            "eps_growth_year": null,
            "eps_4q": null,
            "eps_4q_growth_year": null,
            "roe": null,
            "roe_4q": 0,
            "gross_profit": null,
            "gross_margin": null,
            "gross_margin_4q_avg": 0,
            "net_income": null,
            "net_income_4q": null,
            "revenue": null,
            "revenue_4q": null,
            "common_shares": null,
            "book_valuer_per_share": null,
            "book_valuer_per_share_4q_avg": 0,
            "equity": null,
            "current_ratio": null,
            "debt_ratio": null,
            "inventory_turnover_ratio": null,
            "account_receivable_turnover_ratio": null,
            "reinvestment_rate": null,
            "research_to_sale_ratio": null,
            "price_fair": 0,
            "eps_avg_yearly": 0,
            "eps_latest_yearly": 0,
            "eps_growth_yearly": 0
        },
        "20074": {
            "year_quarter": 20074,
            "year": 2007,
            "quarter": 4,
            "eps": null,
            "eps_growth_year": null,
            "eps_4q": null,
            "eps_4q_growth_year": null,
            "roe": null,
            "roe_4q": 0,
            "gross_profit": null,
            "gross_margin": null,
            "gross_margin_4q_avg": 0,
            "net_income": null,
            "net_income_4q": null,
            "revenue": null,
            "revenue_4q": null,
            "common_shares": null,
            "book_valuer_per_share": null,
            "book_valuer_per_share_4q_avg": 0,
            "equity": null,
            "current_ratio": null,
            "debt_ratio": null,
            "inventory_turnover_ratio": null,
            "account_receivable_turnover_ratio": null,
            "reinvestment_rate": null,
            "research_to_sale_ratio": null,
            "price_fair": 0,
            "eps_avg_yearly": 0,
            "eps_latest_yearly": 0,
            "eps_growth_yearly": 0
        },
        "20081": {
            "year_quarter": 20081,
            "year": 2008,
            "quarter": 1,
            "eps": null,
            "eps_growth_year": null,
            "eps_4q": null,
            "eps_4q_growth_year": null,
            "roe": null,
            "roe_4q": 0,
            "gross_profit": null,
            "gross_margin": null,
            "gross_margin_4q_avg": 0,
            "net_income": null,
            "net_income_4q": null,
            "revenue": null,
            "revenue_4q": null,
            "common_shares": null,
            "book_valuer_per_share": null,
            "book_valuer_per_share_4q_avg": 0,
            "equity": null,
            "current_ratio": null,
            "debt_ratio": null,
            "inventory_turnover_ratio": null,
            "account_receivable_turnover_ratio": null,
            "reinvestment_rate": null,
            "research_to_sale_ratio": null,
            "price_fair": 0,
            "eps_avg_yearly": 0,
            "eps_latest_yearly": 0,
            "eps_growth_yearly": 0
        },
        "20082": {
            "year_quarter": 20082,
            "year": 2008,
            "quarter": 2,
            "eps": null,
            "eps_growth_year": null,
            "eps_4q": null,
            "eps_4q_growth_year": null,
            "roe": null,
            "roe_4q": 0,
            "gross_profit": null,
            "gross_margin": null,
            "gross_margin_4q_avg": 0,
            "net_income": null,
            "net_income_4q": null,
            "revenue": null,
            "revenue_4q": null,
            "common_shares": null,
            "book_valuer_per_share": null,
            "book_valuer_per_share_4q_avg": 0,
            "equity": null,
            "current_ratio": null,
            "debt_ratio": null,
            "inventory_turnover_ratio": null,
            "account_receivable_turnover_ratio": null,
            "reinvestment_rate": null,
            "research_to_sale_ratio": null,
            "price_fair": 0,
            "eps_avg_yearly": 0,
            "eps_latest_yearly": 0,
            "eps_growth_yearly": 0
        },
        "20083": {
            "year_quarter": 20083,
            "year": 2008,
            "quarter": 3,
            "eps": null,
            "eps_growth_year": null,
            "eps_4q": null,
            "eps_4q_growth_year": null,
            "roe": null,
            "roe_4q": 0,
            "gross_profit": null,
            "gross_margin": null,
            "gross_margin_4q_avg": 0,
            "net_income": null,
            "net_income_4q": null,
            "revenue": null,
            "revenue_4q": null,
            "common_shares": null,
            "book_valuer_per_share": null,
            "book_valuer_per_share_4q_avg": 0,
            "equity": null,
            "current_ratio": null,
            "debt_ratio": null,
            "inventory_turnover_ratio": null,
            "account_receivable_turnover_ratio": null,
            "reinvestment_rate": null,
            "research_to_sale_ratio": null,
            "price_fair": 0,
            "eps_avg_yearly": 0,
            "eps_latest_yearly": 0,
            "eps_growth_yearly": 0
        },
        "20084": {
            "year_quarter": 20084,
            "year": 2008,
            "quarter": 4,
            "eps": null,
            "eps_growth_year": null,
            "eps_4q": null,
            "eps_4q_growth_year": null,
            "roe": null,
            "roe_4q": 0,
            "gross_profit": null,
            "gross_margin": null,
            "gross_margin_4q_avg": 0,
            "net_income": null,
            "net_income_4q": null,
            "revenue": null,
            "revenue_4q": null,
            "common_shares": 500,
            "book_valuer_per_share": -10.42,
            "book_valuer_per_share_4q_avg": -2.61,
            "equity": -521,
            "current_ratio": 43,
            "debt_ratio": 232.57,
            "inventory_turnover_ratio": null,
            "account_receivable_turnover_ratio": null,
            "reinvestment_rate": null,
            "research_to_sale_ratio": null,
            "price_fair": 0,
            "eps_avg_yearly": 0,
            "eps_latest_yearly": 0,
            "eps_growth_yearly": 0
        },
        "20091": {
            "year_quarter": 20091,
            "year": 2009,
            "quarter": 1,
            "eps": null,
            "eps_growth_year": null,
            "eps_4q": null,
            "eps_4q_growth_year": null,
            "roe": null,
            "roe_4q": 0,
            "gross_profit": null,
            "gross_margin": null,
            "gross_margin_4q_avg": 0,
            "net_income": null,
            "net_income_4q": null,
            "revenue": null,
            "revenue_4q": null,
            "common_shares": null,
            "book_valuer_per_share": null,
            "book_valuer_per_share_4q_avg": -2.61,
            "equity": null,
            "current_ratio": null,
            "debt_ratio": null,
            "inventory_turnover_ratio": null,
            "account_receivable_turnover_ratio": null,
            "reinvestment_rate": null,
            "research_to_sale_ratio": null,
            "price_fair": 0,
            "eps_avg_yearly": 0,
            "eps_latest_yearly": 0,
            "eps_growth_yearly": 0
        },
        "20092": {
            "year_quarter": 20092,
            "year": 2009,
            "quarter": 2,
            "eps": null,
            "eps_growth_year": null,
            "eps_4q": null,
            "eps_4q_growth_year": null,
            "roe": null,
            "roe_4q": 0,
            "gross_profit": null,
            "gross_margin": null,
            "gross_margin_4q_avg": 0,
            "net_income": null,
            "net_income_4q": null,
            "revenue": null,
            "revenue_4q": null,
            "common_shares": 500,
            "book_valuer_per_share": null,
            "book_valuer_per_share_4q_avg": -2.61,
            "equity": -2438,
            "current_ratio": null,
            "debt_ratio": null,
            "inventory_turnover_ratio": null,
            "account_receivable_turnover_ratio": null,
            "reinvestment_rate": null,
            "research_to_sale_ratio": null,
            "price_fair": 0,
            "eps_avg_yearly": 0,
            "eps_latest_yearly": 0,
            "eps_growth_yearly": 0
        },
        "20093": {
            "year_quarter": 20093,
            "year": 2009,
            "quarter": 3,
            "eps": null,
            "eps_growth_year": null,
            "eps_4q": null,
            "eps_4q_growth_year": null,
            "roe": null,
            "roe_4q": 0,
            "gross_profit": null,
            "gross_margin": null,
            "gross_margin_4q_avg": 0,
            "net_income": null,
            "net_income_4q": null,
            "revenue": null,
            "revenue_4q": null,
            "common_shares": null,
            "book_valuer_per_share": null,
            "book_valuer_per_share_4q_avg": -2.61,
            "equity": null,
            "current_ratio": null,
            "debt_ratio": null,
            "inventory_turnover_ratio": null,
            "account_receivable_turnover_ratio": null,
            "reinvestment_rate": null,
            "research_to_sale_ratio": null,
            "price_fair": 0,
            "eps_avg_yearly": 0,
            "eps_latest_yearly": 0,
            "eps_growth_yearly": 0
        },
        "20094": {
            "year_quarter": 20094,
            "year": 2009,
            "quarter": 4,
            "eps": null,
            "eps_growth_year": null,
            "eps_4q": null,
            "eps_4q_growth_year": null,
            "roe": null,
            "roe_4q": 0,
            "gross_profit": null,
            "gross_margin": null,
            "gross_margin_4q_avg": 0,
            "net_income": null,
            "net_income_4q": null,
            "revenue": null,
            "revenue_4q": null,
            "common_shares": 315000,
            "book_valuer_per_share": 19.98,
            "book_valuer_per_share_4q_avg": 5,
            "equity": 629343,
            "current_ratio": 502.08,
            "debt_ratio": 14.3,
            "inventory_turnover_ratio": null,
            "account_receivable_turnover_ratio": null,
            "reinvestment_rate": null,
            "research_to_sale_ratio": null,
            "price_fair": 0,
            "eps_avg_yearly": 0,
            "eps_latest_yearly": 0,
            "eps_growth_yearly": 0
        },
        "20101": {
            "year_quarter": 20101,
            "year": 2010,
            "quarter": 1,
            "eps": null,
            "eps_growth_year": null,
            "eps_4q": null,
            "eps_4q_growth_year": null,
            "roe": null,
            "roe_4q": 0,
            "gross_profit": null,
            "gross_margin": null,
            "gross_margin_4q_avg": 0,
            "net_income": null,
            "net_income_4q": null,
            "revenue": null,
            "revenue_4q": null,
            "common_shares": null,
            "book_valuer_per_share": null,
            "book_valuer_per_share_4q_avg": 5,
            "equity": null,
            "current_ratio": null,
            "debt_ratio": null,
            "inventory_turnover_ratio": null,
            "account_receivable_turnover_ratio": null,
            "reinvestment_rate": null,
            "research_to_sale_ratio": null,
            "price_fair": 0,
            "eps_avg_yearly": 0,
            "eps_latest_yearly": 0,
            "eps_growth_yearly": 0
        },
        "20102": {
            "year_quarter": 20102,
            "year": 2010,
            "quarter": 2,
            "eps": null,
            "eps_growth_year": null,
            "eps_4q": null,
            "eps_4q_growth_year": null,
            "roe": null,
            "roe_4q": 0,
            "gross_profit": null,
            "gross_margin": null,
            "gross_margin_4q_avg": 0,
            "net_income": null,
            "net_income_4q": null,
            "revenue": null,
            "revenue_4q": null,
            "common_shares": 315000,
            "book_valuer_per_share": 10.23,
            "book_valuer_per_share_4q_avg": 7.55,
            "equity": 644318,
            "current_ratio": 254.8,
            "debt_ratio": 27.85,
            "inventory_turnover_ratio": null,
            "account_receivable_turnover_ratio": null,
            "reinvestment_rate": null,
            "research_to_sale_ratio": null,
            "price_fair": 0,
            "eps_avg_yearly": 0,
            "eps_latest_yearly": 0,
            "eps_growth_yearly": 0
        },
        "20103": {
            "year_quarter": 20103,
            "year": 2010,
            "quarter": 3,
            "eps": null,
            "eps_growth_year": null,
            "eps_4q": null,
            "eps_4q_growth_year": null,
            "roe": null,
            "roe_4q": 0,
            "gross_profit": null,
            "gross_margin": null,
            "gross_margin_4q_avg": 0,
            "net_income": null,
            "net_income_4q": null,
            "revenue": null,
            "revenue_4q": null,
            "common_shares": null,
            "book_valuer_per_share": null,
            "book_valuer_per_share_4q_avg": 7.55,
            "equity": null,
            "current_ratio": null,
            "debt_ratio": null,
            "inventory_turnover_ratio": null,
            "account_receivable_turnover_ratio": null,
            "reinvestment_rate": null,
            "research_to_sale_ratio": null,
            "price_fair": 0,
            "eps_avg_yearly": 0,
            "eps_latest_yearly": 0,
            "eps_growth_yearly": 0
        },
        "20104": {
            "year_quarter": 20104,
            "year": 2010,
            "quarter": 4,
            "eps": null,
            "eps_growth_year": null,
            "eps_4q": null,
            "eps_4q_growth_year": null,
            "roe": null,
            "roe_4q": 0,
            "gross_profit": null,
            "gross_margin": null,
            "gross_margin_4q_avg": 0,
            "net_income": null,
            "net_income_4q": null,
            "revenue": null,
            "revenue_4q": null,
            "common_shares": 360000,
            "book_valuer_per_share": 22.65,
            "book_valuer_per_share_4q_avg": 8.22,
            "equity": 815240,
            "current_ratio": 291.32,
            "debt_ratio": 25.78,
            "inventory_turnover_ratio": null,
            "account_receivable_turnover_ratio": null,
            "reinvestment_rate": null,
            "research_to_sale_ratio": null,
            "price_fair": 0,
            "eps_avg_yearly": 0,
            "eps_latest_yearly": 0,
            "eps_growth_yearly": 0
        },
        "20111": {
            "year_quarter": 20111,
            "year": 2011,
            "quarter": 1,
            "eps": null,
            "eps_growth_year": null,
            "eps_4q": null,
            "eps_4q_growth_year": null,
            "roe": null,
            "roe_4q": 0,
            "gross_profit": null,
            "gross_margin": null,
            "gross_margin_4q_avg": 0,
            "net_income": null,
            "net_income_4q": null,
            "revenue": null,
            "revenue_4q": null,
            "common_shares": null,
            "book_valuer_per_share": null,
            "book_valuer_per_share_4q_avg": 8.22,
            "equity": null,
            "current_ratio": null,
            "debt_ratio": null,
            "inventory_turnover_ratio": null,
            "account_receivable_turnover_ratio": null,
            "reinvestment_rate": null,
            "research_to_sale_ratio": null,
            "price_fair": 0,
            "eps_avg_yearly": 0,
            "eps_latest_yearly": 0,
            "eps_growth_yearly": 0
        },
        "20112": {
            "year_quarter": 20112,
            "year": 2011,
            "quarter": 2,
            "eps": null,
            "eps_growth_year": null,
            "eps_4q": null,
            "eps_4q_growth_year": null,
            "roe": null,
            "roe_4q": 0,
            "gross_profit": null,
            "gross_margin": null,
            "gross_margin_4q_avg": 0,
            "net_income": null,
            "net_income_4q": null,
            "revenue": null,
            "revenue_4q": null,
            "common_shares": 360000,
            "book_valuer_per_share": 22.22,
            "book_valuer_per_share_4q_avg": 11.22,
            "equity": 799978,
            "current_ratio": 273.08,
            "debt_ratio": 25.99,
            "inventory_turnover_ratio": null,
            "account_receivable_turnover_ratio": null,
            "reinvestment_rate": null,
            "research_to_sale_ratio": null,
            "price_fair": 0,
            "eps_avg_yearly": 0,
            "eps_latest_yearly": 0,
            "eps_growth_yearly": 0
        },
        "20113": {
            "year_quarter": 20113,
            "year": 2011,
            "quarter": 3,
            "eps": null,
            "eps_growth_year": null,
            "eps_4q": null,
            "eps_4q_growth_year": null,
            "roe": null,
            "roe_4q": 0,
            "gross_profit": null,
            "gross_margin": null,
            "gross_margin_4q_avg": 0,
            "net_income": null,
            "net_income_4q": null,
            "revenue": null,
            "revenue_4q": null,
            "common_shares": null,
            "book_valuer_per_share": null,
            "book_valuer_per_share_4q_avg": 11.22,
            "equity": null,
            "current_ratio": null,
            "debt_ratio": null,
            "inventory_turnover_ratio": null,
            "account_receivable_turnover_ratio": null,
            "reinvestment_rate": null,
            "research_to_sale_ratio": null,
            "price_fair": 0,
            "eps_avg_yearly": 0,
            "eps_latest_yearly": 0,
            "eps_growth_yearly": 0
        },
        "20114": {
            "year_quarter": 20114,
            "year": 2011,
            "quarter": 4,
            "eps": null,
            "eps_growth_year": null,
            "eps_4q": null,
            "eps_4q_growth_year": null,
            "roe": null,
            "roe_4q": 0,
            "gross_profit": null,
            "gross_margin": null,
            "gross_margin_4q_avg": 0,
            "net_income": null,
            "net_income_4q": null,
            "revenue": null,
            "revenue_4q": null,
            "common_shares": 360000,
            "book_valuer_per_share": 22.9,
            "book_valuer_per_share_4q_avg": 11.28,
            "equity": 824542,
            "current_ratio": 258.47,
            "debt_ratio": 26.36,
            "inventory_turnover_ratio": null,
            "account_receivable_turnover_ratio": null,
            "reinvestment_rate": null,
            "research_to_sale_ratio": null,
            "price_fair": 0,
            "eps_avg_yearly": 0,
            "eps_latest_yearly": 0,
            "eps_growth_yearly": 0
        },
        "20121": {
            "year_quarter": 20121,
            "year": 2012,
            "quarter": 1,
            "eps": null,
            "eps_growth_year": null,
            "eps_4q": null,
            "eps_4q_growth_year": null,
            "roe": null,
            "roe_4q": 0,
            "gross_profit": null,
            "gross_margin": null,
            "gross_margin_4q_avg": 0,
            "net_income": null,
            "net_income_4q": null,
            "revenue": null,
            "revenue_4q": null,
            "common_shares": null,
            "book_valuer_per_share": null,
            "book_valuer_per_share_4q_avg": 11.28,
            "equity": null,
            "current_ratio": null,
            "debt_ratio": null,
            "inventory_turnover_ratio": null,
            "account_receivable_turnover_ratio": null,
            "reinvestment_rate": null,
            "research_to_sale_ratio": null,
            "price_fair": 0,
            "eps_avg_yearly": 0,
            "eps_latest_yearly": 0,
            "eps_growth_yearly": 0
        },
        "20122": {
            "year_quarter": 20122,
            "year": 2012,
            "quarter": 2,
            "eps": null,
            "eps_growth_year": null,
            "eps_4q": null,
            "eps_4q_growth_year": null,
            "roe": null,
            "roe_4q": 0,
            "gross_profit": null,
            "gross_margin": null,
            "gross_margin_4q_avg": 0,
            "net_income": null,
            "net_income_4q": null,
            "revenue": null,
            "revenue_4q": null,
            "common_shares": 360000,
            "book_valuer_per_share": 23.5,
            "book_valuer_per_share_4q_avg": 11.6,
            "equity": 845885,
            "current_ratio": 211.98,
            "debt_ratio": 30.88,
            "inventory_turnover_ratio": null,
            "account_receivable_turnover_ratio": null,
            "reinvestment_rate": null,
            "research_to_sale_ratio": null,
            "price_fair": 0,
            "eps_avg_yearly": 0,
            "eps_latest_yearly": 0,
            "eps_growth_yearly": 0
        },
        "20123": {
            "year_quarter": 20123,
            "year": 2012,
            "quarter": 3,
            "eps": null,
            "eps_growth_year": null,
            "eps_4q": null,
            "eps_4q_growth_year": null,
            "roe": null,
            "roe_4q": 0,
            "gross_profit": null,
            "gross_margin": null,
            "gross_margin_4q_avg": 0,
            "net_income": null,
            "net_income_4q": null,
            "revenue": null,
            "revenue_4q": null,
            "common_shares": null,
            "book_valuer_per_share": null,
            "book_valuer_per_share_4q_avg": 11.6,
            "equity": null,
            "current_ratio": null,
            "debt_ratio": null,
            "inventory_turnover_ratio": null,
            "account_receivable_turnover_ratio": null,
            "reinvestment_rate": null,
            "research_to_sale_ratio": null,
            "price_fair": 0,
            "eps_avg_yearly": 0,
            "eps_latest_yearly": 0,
            "eps_growth_yearly": 0
        },
        "20124": {
            "year_quarter": 20124,
            "year": 2012,
            "quarter": 4,
            "eps": null,
            "eps_growth_year": null,
            "eps_4q": null,
            "eps_4q_growth_year": null,
            "roe": null,
            "roe_4q": 0,
            "gross_profit": null,
            "gross_margin": null,
            "gross_margin_4q_avg": 0,
            "net_income": null,
            "net_income_4q": null,
            "revenue": null,
            "revenue_4q": null,
            "common_shares": 372000,
            "book_valuer_per_share": 23.63,
            "book_valuer_per_share_4q_avg": 11.78,
            "equity": 879121,
            "current_ratio": 203.8,
            "debt_ratio": 29.13,
            "inventory_turnover_ratio": null,
            "account_receivable_turnover_ratio": null,
            "reinvestment_rate": null,
            "research_to_sale_ratio": null,
            "price_fair": 0,
            "eps_avg_yearly": 0,
            "eps_latest_yearly": 0,
            "eps_growth_yearly": 0
        },
        "20131": {
            "year_quarter": 20131,
            "year": 2013,
            "quarter": 1,
            "eps": null,
            "eps_growth_year": null,
            "eps_4q": null,
            "eps_4q_growth_year": null,
            "roe": null,
            "roe_4q": 0,
            "gross_profit": null,
            "gross_margin": null,
            "gross_margin_4q_avg": 0,
            "net_income": null,
            "net_income_4q": null,
            "revenue": null,
            "revenue_4q": null,
            "common_shares": null,
            "book_valuer_per_share": null,
            "book_valuer_per_share_4q_avg": 11.78,
            "equity": null,
            "current_ratio": null,
            "debt_ratio": null,
            "inventory_turnover_ratio": null,
            "account_receivable_turnover_ratio": null,
            "reinvestment_rate": null,
            "research_to_sale_ratio": null,
            "price_fair": 0,
            "eps_avg_yearly": 0,
            "eps_latest_yearly": 0,
            "eps_growth_yearly": 0
        },
        "20132": {
            "year_quarter": 20132,
            "year": 2013,
            "quarter": 2,
            "eps": null,
            "eps_growth_year": null,
            "eps_4q": null,
            "eps_4q_growth_year": null,
            "roe": null,
            "roe_4q": 0,
            "gross_profit": null,
            "gross_margin": null,
            "gross_margin_4q_avg": 0,
            "net_income": null,
            "net_income_4q": null,
            "revenue": null,
            "revenue_4q": null,
            "common_shares": 372000,
            "book_valuer_per_share": 23.22,
            "book_valuer_per_share_4q_avg": 11.71,
            "equity": 852044,
            "current_ratio": 169.08,
            "debt_ratio": 34.88,
            "inventory_turnover_ratio": null,
            "account_receivable_turnover_ratio": null,
            "reinvestment_rate": null,
            "research_to_sale_ratio": null,
            "price_fair": 0,
            "eps_avg_yearly": 0,
            "eps_latest_yearly": 0,
            "eps_growth_yearly": 0
        },
        "20133": {
            "year_quarter": 20133,
            "year": 2013,
            "quarter": 3,
            "eps": null,
            "eps_growth_year": null,
            "eps_4q": null,
            "eps_4q_growth_year": null,
            "roe": null,
            "roe_4q": 0,
            "gross_profit": 41723,
            "gross_margin": null,
            "gross_margin_4q_avg": 0,
            "net_income": 6422,
            "net_income_4q": null,
            "revenue": 207543,
            "revenue_4q": null,
            "common_shares": 372000,
            "book_valuer_per_share": 23.07,
            "book_valuer_per_share_4q_avg": 17.48,
            "equity": 858361,
            "current_ratio": 174.15,
            "debt_ratio": 33.73,
            "inventory_turnover_ratio": null,
            "account_receivable_turnover_ratio": null,
            "reinvestment_rate": null,
            "research_to_sale_ratio": null,
            "price_fair": 0,
            "eps_avg_yearly": 0,
            "eps_latest_yearly": 0,
            "eps_growth_yearly": 0
        },
        "20134": {
            "year_quarter": 20134,
            "year": 2013,
            "quarter": 4,
            "eps": null,
            "eps_growth_year": null,
            "eps_4q": null,
            "eps_4q_growth_year": null,
            "roe": null,
            "roe_4q": 0,
            "gross_profit": 75040,
            "gross_margin": null,
            "gross_margin_4q_avg": 0,
            "net_income": 22374,
            "net_income_4q": null,
            "revenue": 258472,
            "revenue_4q": null,
            "common_shares": 372000,
            "book_valuer_per_share": 23.7,
            "book_valuer_per_share_4q_avg": 17.5,
            "equity": 881458,
            "current_ratio": 189.67,
            "debt_ratio": 30.97,
            "inventory_turnover_ratio": null,
            "account_receivable_turnover_ratio": null,
            "reinvestment_rate": null,
            "research_to_sale_ratio": null,
            "price_fair": 0,
            "eps_avg_yearly": 0,
            "eps_latest_yearly": 0,
            "eps_growth_yearly": 0
        },
        "20141": {
            "year_quarter": 20141,
            "year": 2014,
            "quarter": 1,
            "eps": null,
            "eps_growth_year": null,
            "eps_4q": null,
            "eps_4q_growth_year": null,
            "roe": null,
            "roe_4q": 0,
            "gross_profit": 42914,
            "gross_margin": null,
            "gross_margin_4q_avg": 0,
            "net_income": 14922,
            "net_income_4q": null,
            "revenue": 211324,
            "revenue_4q": null,
            "common_shares": 372000,
            "book_valuer_per_share": 24.34,
            "book_valuer_per_share_4q_avg": 23.58,
            "equity": 905437,
            "current_ratio": 184.57,
            "debt_ratio": 30.96,
            "inventory_turnover_ratio": null,
            "account_receivable_turnover_ratio": null,
            "reinvestment_rate": null,
            "research_to_sale_ratio": null,
            "price_fair": 0,
            "eps_avg_yearly": 0,
            "eps_latest_yearly": 0,
            "eps_growth_yearly": 0
        },
        "20142": {
            "year_quarter": 20142,
            "year": 2014,
            "quarter": 2,
            "eps": 0.56,
            "eps_growth_year": null,
            "eps_4q": 0.56,
            "eps_4q_growth_year": null,
            "roe": 2.29,
            "roe_4q": 2.29,
            "gross_profit": 58926,
            "gross_margin": 25.11,
            "gross_margin_4q_avg": 6.28,
            "net_income": 20666,
            "net_income_4q": null,
            "revenue": 234644,
            "revenue_4q": null,
            "common_shares": 372000,
            "book_valuer_per_share": 24.23,
            "book_valuer_per_share_4q_avg": 23.84,
            "equity": 901528,
            "current_ratio": 184.95,
            "debt_ratio": 32.84,
            "inventory_turnover_ratio": 3.94,
            "account_receivable_turnover_ratio": 1.52,
            "reinvestment_rate": null,
            "research_to_sale_ratio": null,
            "price_fair": 0,
            "eps_avg_yearly": 0,
            "eps_latest_yearly": 0,
            "eps_growth_yearly": 0
        },
        "20143": {
            "year_quarter": 20143,
            "year": 2014,
            "quarter": 3,
            "eps": 0.43,
            "eps_growth_year": null,
            "eps_4q": 0.98,
            "eps_4q_growth_year": null,
            "roe": 1.75,
            "roe_4q": 4.04,
            "gross_profit": 53128,
            "gross_margin": 22.12,
            "gross_margin_4q_avg": 11.81,
            "net_income": 15934,
            "net_income_4q": null,
            "revenue": 240214,
            "revenue_4q": null,
            "common_shares": 372000,
            "book_valuer_per_share": 24.7,
            "book_valuer_per_share_4q_avg": 24.24,
            "equity": 918963,
            "current_ratio": 210.38,
            "debt_ratio": 28.42,
            "inventory_turnover_ratio": 4.81,
            "account_receivable_turnover_ratio": 0.75,
            "reinvestment_rate": null,
            "research_to_sale_ratio": 1.44,
            "price_fair": 5.16,
            "eps_avg_yearly": 1.72,
            "eps_latest_yearly": 1.72,
            "eps_growth_yearly": -92.86
        },
        "20144": {
            "year_quarter": 20144,
            "year": 2014,
            "quarter": 4,
            "eps": 0.56,
            "eps_growth_year": null,
            "eps_4q": 1.56,
            "eps_4q_growth_year": null,
            "roe": 2.18,
            "roe_4q": 6.220000000000001,
            "gross_profit": 55404,
            "gross_margin": 20.75,
            "gross_margin_4q_avg": 17,
            "net_income": 20408,
            "net_income_4q": null,
            "revenue": 266950,
            "revenue_4q": null,
            "common_shares": 372000,
            "book_valuer_per_share": 25.9,
            "book_valuer_per_share_4q_avg": 24.79,
            "equity": 949112,
            "current_ratio": 183.61,
            "debt_ratio": 33.57,
            "inventory_turnover_ratio": 5.77,
            "account_receivable_turnover_ratio": 0.74,
            "reinvestment_rate": null,
            "research_to_sale_ratio": 1.25,
            "price_fair": 47.59,
            "eps_avg_yearly": 1.98,
            "eps_latest_yearly": 2.24,
            "eps_growth_yearly": 14.04
        },
        "20151": {
            "year_quarter": 20151,
            "year": 2015,
            "quarter": 1,
            "eps": 0.71,
            "eps_growth_year": null,
            "eps_4q": 2.02,
            "eps_4q_growth_year": null,
            "roe": 2.49,
            "roe_4q": 8.71,
            "gross_profit": 57179,
            "gross_margin": 22.56,
            "gross_margin_4q_avg": 22.64,
            "net_income": 26238,
            "net_income_4q": null,
            "revenue": 253486,
            "revenue_4q": null,
            "common_shares": 418500,
            "book_valuer_per_share": 27.99,
            "book_valuer_per_share_4q_avg": 25.71,
            "equity": 1155662,
            "current_ratio": 236.1,
            "debt_ratio": 28.1,
            "inventory_turnover_ratio": 4.98,
            "account_receivable_turnover_ratio": 0.67,
            "reinvestment_rate": null,
            "research_to_sale_ratio": 1.23,
            "price_fair": 79.33,
            "eps_avg_yearly": 2.27,
            "eps_latest_yearly": 2.84,
            "eps_growth_yearly": 45.07
        },
        "20152": {
            "year_quarter": 20152,
            "year": 2015,
            "quarter": 2,
            "eps": -0.39,
            "eps_growth_year": -170.2,
            "eps_4q": 1.11,
            "eps_4q_growth_year": 98.95,
            "roe": -1.47,
            "roe_4q": 4.95,
            "gross_profit": 10614,
            "gross_margin": 4.66,
            "gross_margin_4q_avg": 17.52,
            "net_income": -16452,
            "net_income_4q": null,
            "revenue": 227786,
            "revenue_4q": null,
            "common_shares": 422930,
            "book_valuer_per_share": 25.98,
            "book_valuer_per_share_4q_avg": 26.14,
            "equity": 1084395,
            "current_ratio": 217.02,
            "debt_ratio": 29.88,
            "inventory_turnover_ratio": 5.27,
            "account_receivable_turnover_ratio": 0.66,
            "reinvestment_rate": null,
            "research_to_sale_ratio": 1.58,
            "price_fair": 79.33,
            "eps_avg_yearly": 2.27,
            "eps_latest_yearly": 2.84,
            "eps_growth_yearly": 45.07
        },
        "20153": {
            "year_quarter": 20153,
            "year": 2015,
            "quarter": 3,
            "eps": -0.99,
            "eps_growth_year": -330.23,
            "eps_4q": -0.26,
            "eps_4q_growth_year": -126.92,
            "roe": -3.88,
            "roe_4q": -0.6799999999999993,
            "gross_profit": -27722,
            "gross_margin": -16.31,
            "gross_margin_4q_avg": 7.92,
            "net_income": -41292,
            "net_income_4q": null,
            "revenue": 169995,
            "revenue_4q": null,
            "common_shares": 424620,
            "book_valuer_per_share": 24.91,
            "book_valuer_per_share_4q_avg": 26.2,
            "equity": 1043970,
            "current_ratio": 218.31,
            "debt_ratio": 28.38,
            "inventory_turnover_ratio": 4.56,
            "account_receivable_turnover_ratio": 0.58,
            "reinvestment_rate": null,
            "research_to_sale_ratio": 2.07,
            "price_fair": 79.33,
            "eps_avg_yearly": 2.27,
            "eps_latest_yearly": 2.84,
            "eps_growth_yearly": 45.07
        },
        "20154": {
            "year_quarter": 20154,
            "year": 2015,
            "quarter": 4,
            "eps": -1.17,
            "eps_growth_year": -309.64,
            "eps_4q": -1.91,
            "eps_4q_growth_year": -223.07,
            "roe": -4.79,
            "roe_4q": -7.65,
            "gross_profit": -16175,
            "gross_margin": -8.57,
            "gross_margin_4q_avg": 0.59,
            "net_income": -49236,
            "net_income_4q": null,
            "revenue": 188712,
            "revenue_4q": null,
            "common_shares": 427260,
            "book_valuer_per_share": 23.99,
            "book_valuer_per_share_4q_avg": 25.72,
            "equity": 1011591,
            "current_ratio": 260.27,
            "debt_ratio": 36.56,
            "inventory_turnover_ratio": 6.59,
            "account_receivable_turnover_ratio": 0.72,
            "reinvestment_rate": null,
            "research_to_sale_ratio": 1.85,
            "price_fair": 79.33,
            "eps_avg_yearly": 2.27,
            "eps_latest_yearly": 2.84,
            "eps_growth_yearly": 45.07
        },
        "20161": {
            "year_quarter": 20161,
            "year": 2016,
            "quarter": 1,
            "eps": -1.11,
            "eps_growth_year": -256.34,
            "eps_4q": -3.57,
            "eps_4q_growth_year": -276.91,
            "roe": -4.58,
            "roe_4q": -14.72,
            "gross_profit": -3587,
            "gross_margin": -2.22,
            "gross_margin_4q_avg": -5.61,
            "net_income": -47444,
            "net_income_4q": null,
            "revenue": 161627,
            "revenue_4q": null,
            "common_shares": 427260,
            "book_valuer_per_share": 24.53,
            "book_valuer_per_share_4q_avg": 24.85,
            "equity": 1061944,
            "current_ratio": 255.71,
            "debt_ratio": 32.76,
            "inventory_turnover_ratio": 6.57,
            "account_receivable_turnover_ratio": 0.61,
            "reinvestment_rate": null,
            "research_to_sale_ratio": 2.02,
            "price_fair": 79.33,
            "eps_avg_yearly": 2.27,
            "eps_latest_yearly": 2.84,
            "eps_growth_yearly": 45.07
        },
        "20162": {
            "year_quarter": 20162,
            "year": 2016,
            "quarter": 2,
            "eps": -0.67,
            "eps_growth_year": null,
            "eps_4q": -3.75,
            "eps_4q_growth_year": -439.63,
            "roe": -2.8,
            "roe_4q": -16.05,
            "gross_profit": -15555,
            "gross_margin": -9.91,
            "gross_margin_4q_avg": -9.25,
            "net_income": -30018,
            "net_income_4q": null,
            "revenue": 157034,
            "revenue_4q": null,
            "common_shares": 438548,
            "book_valuer_per_share": 24.23,
            "book_valuer_per_share_4q_avg": 24.42,
            "equity": 1084339,
            "current_ratio": 259.32,
            "debt_ratio": 28.1,
            "inventory_turnover_ratio": 6.6,
            "account_receivable_turnover_ratio": 0.63,
            "reinvestment_rate": null,
            "research_to_sale_ratio": 2.15,
            "price_fair": 79.33,
            "eps_avg_yearly": 2.27,
            "eps_latest_yearly": 2.84,
            "eps_growth_yearly": 45.07
        },
        "20163": {
            "year_quarter": 20163,
            "year": 2016,
            "quarter": 3,
            "eps": -0.45,
            "eps_growth_year": null,
            "eps_4q": -3.28,
            "eps_4q_growth_year": null,
            "roe": -1.9,
            "roe_4q": -14.07,
            "gross_profit": 20195,
            "gross_margin": 9.49,
            "gross_margin_4q_avg": -2.8,
            "net_income": -20238,
            "net_income_4q": null,
            "revenue": 212798,
            "revenue_4q": null,
            "common_shares": 447526,
            "book_valuer_per_share": 23.4,
            "book_valuer_per_share_4q_avg": 24.04,
            "equity": 1048714,
            "current_ratio": 241.83,
            "debt_ratio": 29.74,
            "inventory_turnover_ratio": 7.97,
            "account_receivable_turnover_ratio": 0.84,
            "reinvestment_rate": null,
            "research_to_sale_ratio": 1.42,
            "price_fair": 79.33,
            "eps_avg_yearly": 2.27,
            "eps_latest_yearly": 2.84,
            "eps_growth_yearly": 45.07
        },
        "20164": {
            "year_quarter": 20164,
            "year": 2016,
            "quarter": 4,
            "eps": -0.28,
            "eps_growth_year": null,
            "eps_4q": -2.45,
            "eps_4q_growth_year": null,
            "roe": -1.19,
            "roe_4q": -10.469999999999999,
            "gross_profit": 29998,
            "gross_margin": 14.22,
            "gross_margin_4q_avg": 2.9,
            "net_income": -12748,
            "net_income_4q": null,
            "revenue": 210906,
            "revenue_4q": null,
            "common_shares": 448216,
            "book_valuer_per_share": 22.87,
            "book_valuer_per_share_4q_avg": 23.76,
            "equity": 1096008,
            "current_ratio": 207.32,
            "debt_ratio": 29.07,
            "inventory_turnover_ratio": 7.57,
            "account_receivable_turnover_ratio": 0.74,
            "reinvestment_rate": null,
            "research_to_sale_ratio": 1.64,
            "price_fair": 79.33,
            "eps_avg_yearly": 2.27,
            "eps_latest_yearly": 2.84,
            "eps_growth_yearly": 45.07
        },
        "20171": {
            "year_quarter": 20171,
            "year": 2017,
            "quarter": 1,
            "eps": -0.58,
            "eps_growth_year": null,
            "eps_4q": -1.98,
            "eps_4q_growth_year": null,
            "roe": -2.68,
            "roe_4q": -8.57,
            "gross_profit": 18225,
            "gross_margin": 9.9,
            "gross_margin_4q_avg": 5.93,
            "net_income": -28737,
            "net_income_4q": null,
            "revenue": 184172,
            "revenue_4q": null,
            "common_shares": 449476,
            "book_valuer_per_share": 21.65,
            "book_valuer_per_share_4q_avg": 23.04,
            "equity": 1047805,
            "current_ratio": 217.38,
            "debt_ratio": 28.68,
            "inventory_turnover_ratio": 7.37,
            "account_receivable_turnover_ratio": 0.66,
            "reinvestment_rate": null,
            "research_to_sale_ratio": 1.69,
            "price_fair": 79.33,
            "eps_avg_yearly": 2.27,
            "eps_latest_yearly": 2.84,
            "eps_growth_yearly": 45.07
        },
        "20172": {
            "year_quarter": 20172,
            "year": 2017,
            "quarter": 2,
            "eps": -0.64,
            "eps_growth_year": null,
            "eps_4q": -1.97,
            "eps_4q_growth_year": null,
            "roe": -3.1,
            "roe_4q": -8.870000000000001,
            "gross_profit": 5030,
            "gross_margin": 2.94,
            "gross_margin_4q_avg": 9.14,
            "net_income": -32309,
            "net_income_4q": null,
            "revenue": 171242,
            "revenue_4q": null,
            "common_shares": 449476,
            "book_valuer_per_share": 20.76,
            "book_valuer_per_share_4q_avg": 22.17,
            "equity": 1034790,
            "current_ratio": 192.27,
            "debt_ratio": 29.09,
            "inventory_turnover_ratio": 7.51,
            "account_receivable_turnover_ratio": 0.69,
            "reinvestment_rate": null,
            "research_to_sale_ratio": 1.81,
            "price_fair": 79.33,
            "eps_avg_yearly": 2.27,
            "eps_latest_yearly": 2.84,
            "eps_growth_yearly": 45.07
        },
        "20173": {
            "year_quarter": 20173,
            "year": 2017,
            "quarter": 3,
            "eps": -0.47,
            "eps_growth_year": null,
            "eps_4q": -1.99,
            "eps_4q_growth_year": null,
            "roe": -2.57,
            "roe_4q": -9.54,
            "gross_profit": 9512,
            "gross_margin": 4.9,
            "gross_margin_4q_avg": 7.99,
            "net_income": -26442,
            "net_income_4q": null,
            "revenue": 194294,
            "revenue_4q": null,
            "common_shares": 441836,
            "book_valuer_per_share": 20.56,
            "book_valuer_per_share_4q_avg": 21.46,
            "equity": 1019162,
            "current_ratio": 180,
            "debt_ratio": 30.43,
            "inventory_turnover_ratio": 7.39,
            "account_receivable_turnover_ratio": 0.74,
            "reinvestment_rate": null,
            "research_to_sale_ratio": 1.42,
            "price_fair": 79.33,
            "eps_avg_yearly": 2.27,
            "eps_latest_yearly": 2.84,
            "eps_growth_yearly": 45.07
        },
        "20174": {
            "year_quarter": 20174,
            "year": 2017,
            "quarter": 4,
            "eps": -0.54,
            "eps_growth_year": null,
            "eps_4q": -2.24,
            "eps_4q_growth_year": null,
            "roe": -3.26,
            "roe_4q": -11.61,
            "gross_profit": -721,
            "gross_margin": -0.32,
            "gross_margin_4q_avg": 4.36,
            "net_income": -32640,
            "net_income_4q": null,
            "revenue": 224415,
            "revenue_4q": null,
            "common_shares": 442376,
            "book_valuer_per_share": 19.96,
            "book_valuer_per_share_4q_avg": 20.73,
            "equity": 984666,
            "current_ratio": 162.8,
            "debt_ratio": 33.09,
            "inventory_turnover_ratio": 8.81,
            "account_receivable_turnover_ratio": 0.72,
            "reinvestment_rate": null,
            "research_to_sale_ratio": 1.13,
            "price_fair": 79.33,
            "eps_avg_yearly": 2.27,
            "eps_latest_yearly": 2.84,
            "eps_growth_yearly": 45.07
        },
        "20181": {
            "year_quarter": 20181,
            "year": 2018,
            "quarter": 1,
            "eps": 0.08,
            "eps_growth_year": null,
            "eps_4q": -1.58,
            "eps_4q_growth_year": null,
            "roe": 0.23,
            "roe_4q": -8.7,
            "gross_profit": 31321,
            "gross_margin": 12.58,
            "gross_margin_4q_avg": 5.03,
            "net_income": 2241,
            "net_income_4q": null,
            "revenue": 248982,
            "revenue_4q": null,
            "common_shares": 442598,
            "book_valuer_per_share": 20.13,
            "book_valuer_per_share_4q_avg": 20.35,
            "equity": 993518,
            "current_ratio": 154.14,
            "debt_ratio": 35.11,
            "inventory_turnover_ratio": 7.44,
            "account_receivable_turnover_ratio": 0.71,
            "reinvestment_rate": null,
            "research_to_sale_ratio": 1.03,
            "price_fair": 79.33,
            "eps_avg_yearly": 2.27,
            "eps_latest_yearly": 2.84,
            "eps_growth_yearly": 45.07
        },
        "20182": {
            "year_quarter": 20182,
            "year": 2018,
            "quarter": 2,
            "eps": -0.78,
            "eps_growth_year": null,
            "eps_4q": -1.7,
            "eps_4q_growth_year": null,
            "roe": -4.35,
            "roe_4q": -9.95,
            "gross_profit": -12682,
            "gross_margin": -5.11,
            "gross_margin_4q_avg": 3.01,
            "net_income": -42475,
            "net_income_4q": null,
            "revenue": 248386,
            "revenue_4q": null,
            "common_shares": 442643,
            "book_valuer_per_share": 19.5,
            "book_valuer_per_share_4q_avg": 20.04,
            "equity": 957267,
            "current_ratio": 145.39,
            "debt_ratio": 38.21,
            "inventory_turnover_ratio": 6.88,
            "account_receivable_turnover_ratio": 0.7,
            "reinvestment_rate": null,
            "research_to_sale_ratio": 0.9,
            "price_fair": 79.33,
            "eps_avg_yearly": 2.27,
            "eps_latest_yearly": 2.84,
            "eps_growth_yearly": 45.07
        },
        "20183": {
            "year_quarter": 20183,
            "year": 2018,
            "quarter": 3,
            "eps": -0.26,
            "eps_growth_year": null,
            "eps_4q": -1.48,
            "eps_4q_growth_year": null,
            "roe": -1.52,
            "roe_4q": -8.899999999999999,
            "gross_profit": 19189,
            "gross_margin": 6.89,
            "gross_margin_4q_avg": 3.51,
            "net_income": -14628,
            "net_income_4q": null,
            "revenue": 278573,
            "revenue_4q": null,
            "common_shares": 442643,
            "book_valuer_per_share": 19.82,
            "book_valuer_per_share_4q_avg": 19.85,
            "equity": 970837,
            "current_ratio": 152.57,
            "debt_ratio": 36.68,
            "inventory_turnover_ratio": 7,
            "account_receivable_turnover_ratio": 0.78,
            "reinvestment_rate": null,
            "research_to_sale_ratio": 0.84,
            "price_fair": 88.9,
            "eps_avg_yearly": 2.54,
            "eps_latest_yearly": 2.84,
            "eps_growth_yearly": 114.04
        },
        "20184": {
            "year_quarter": 20184,
            "year": 2018,
            "quarter": 4,
            "eps": -0.86,
            "eps_growth_year": null,
            "eps_4q": -1.81,
            "eps_4q_growth_year": null,
            "roe": -5.37,
            "roe_4q": -11.01,
            "gross_profit": -3086,
            "gross_margin": -1.3,
            "gross_margin_4q_avg": 3.27,
            "net_income": -50598,
            "net_income_4q": null,
            "revenue": 237018,
            "revenue_4q": null,
            "common_shares": 448065,
            "book_valuer_per_share": 18.59,
            "book_valuer_per_share_4q_avg": 19.51,
            "equity": 912758,
            "current_ratio": 152.71,
            "debt_ratio": 35.22,
            "inventory_turnover_ratio": 7.87,
            "account_receivable_turnover_ratio": 0.65,
            "reinvestment_rate": null,
            "research_to_sale_ratio": 0.87,
            "price_fair": 99.4,
            "eps_avg_yearly": 2.84,
            "eps_latest_yearly": 2.84,
            "eps_growth_yearly": 107.14
        },
        "20191": {
            "year_quarter": 20191,
            "year": 2019,
            "quarter": 1,
            "eps": -0.69,
            "eps_growth_year": -962.5,
            "eps_4q": -2.59,
            "eps_4q_growth_year": null,
            "roe": -4.36,
            "roe_4q": -15.6,
            "gross_profit": -9412,
            "gross_margin": -6.37,
            "gross_margin_4q_avg": -1.47,
            "net_income": -39269,
            "net_income_4q": null,
            "revenue": 147711,
            "revenue_4q": null,
            "common_shares": 444555,
            "book_valuer_per_share": 18.11,
            "book_valuer_per_share_4q_avg": 19.01,
            "equity": 887014,
            "current_ratio": 141.57,
            "debt_ratio": 36.88,
            "inventory_turnover_ratio": 5.4,
            "account_receivable_turnover_ratio": 0.46,
            "reinvestment_rate": null,
            "research_to_sale_ratio": 1.27,
            "price_fair": 0,
            "eps_avg_yearly": 0,
            "eps_latest_yearly": 0,
            "eps_growth_yearly": 0
        },
        "20192": {
            "year_quarter": 20192,
            "year": 2019,
            "quarter": 2,
            "eps": -0.8,
            "eps_growth_year": null,
            "eps_4q": -2.62,
            "eps_4q_growth_year": null,
            "roe": -5.2,
            "roe_4q": -16.45,
            "gross_profit": -18122,
            "gross_margin": -11.49,
            "gross_margin_4q_avg": -3.07,
            "net_income": -45035,
            "net_income_4q": null,
            "revenue": 157711,
            "revenue_4q": null,
            "common_shares": 444555,
            "book_valuer_per_share": 17.31,
            "book_valuer_per_share_4q_avg": 18.46,
            "equity": 844621,
            "current_ratio": 130.71,
            "debt_ratio": 39.44,
            "inventory_turnover_ratio": 6.57,
            "account_receivable_turnover_ratio": 0.56,
            "reinvestment_rate": null,
            "research_to_sale_ratio": 1.44,
            "price_fair": 0,
            "eps_avg_yearly": 0,
            "eps_latest_yearly": 0,
            "eps_growth_yearly": 0
        },
        "20193": {
            "year_quarter": 20193,
            "year": 2019,
            "quarter": 3,
            "eps": -0.01,
            "eps_growth_year": null,
            "eps_4q": -2.36,
            "eps_4q_growth_year": null,
            "roe": -0.6,
            "roe_4q": -15.530000000000001,
            "gross_profit": 48263,
            "gross_margin": 19.14,
            "gross_margin_4q_avg": -0,
            "net_income": -5067,
            "net_income_4q": null,
            "revenue": 252143,
            "revenue_4q": null,
            "common_shares": 444555,
            "book_valuer_per_share": 17.13,
            "book_valuer_per_share_4q_avg": 17.79,
            "equity": 833587,
            "current_ratio": 145.7,
            "debt_ratio": 37.28,
            "inventory_turnover_ratio": 9.17,
            "account_receivable_turnover_ratio": 0.86,
            "reinvestment_rate": null,
            "research_to_sale_ratio": 0.68,
            "price_fair": 0,
            "eps_avg_yearly": 0,
            "eps_latest_yearly": 0,
            "eps_growth_yearly": 0
        },
        "20194": {
            "year_quarter": 20194,
            "year": 2019,
            "quarter": 4,
            "eps": -0.35,
            "eps_growth_year": null,
            "eps_4q": -1.85,
            "eps_4q_growth_year": null,
            "roe": -1.68,
            "roe_4q": -11.84,
            "gross_profit": 32099,
            "gross_margin": 14.11,
            "gross_margin_4q_avg": 3.85,
            "net_income": -13772,
            "net_income_4q": null,
            "revenue": 227560,
            "revenue_4q": null,
            "common_shares": 444555,
            "book_valuer_per_share": 16.47,
            "book_valuer_per_share_4q_avg": 17.26,
            "equity": 807576,
            "current_ratio": 138.16,
            "debt_ratio": 39.71,
            "inventory_turnover_ratio": 10.38,
            "account_receivable_turnover_ratio": 0.72,
            "reinvestment_rate": null,
            "research_to_sale_ratio": 0.94,
            "price_fair": 0,
            "eps_avg_yearly": 0,
            "eps_latest_yearly": 0,
            "eps_growth_yearly": 0
        },
        "20201": {
            "year_quarter": 20201,
            "year": 2020,
            "quarter": 1,
            "eps": -0.05,
            "eps_growth_year": null,
            "eps_4q": -1.21,
            "eps_4q_growth_year": null,
            "roe": 0.15,
            "roe_4q": -7.33,
            "gross_profit": 39698,
            "gross_margin": 20.53,
            "gross_margin_4q_avg": 10.57,
            "net_income": 1175,
            "net_income_4q": null,
            "revenue": 193358,
            "revenue_4q": null,
            "common_shares": 444555,
            "book_valuer_per_share": 16.3,
            "book_valuer_per_share_4q_avg": 16.8,
            "equity": 798485,
            "current_ratio": 134.8,
            "debt_ratio": 40.14,
            "inventory_turnover_ratio": 8.62,
            "account_receivable_turnover_ratio": 0.61,
            "reinvestment_rate": null,
            "research_to_sale_ratio": 0.99,
            "price_fair": 0,
            "eps_avg_yearly": 0,
            "eps_latest_yearly": 0,
            "eps_growth_yearly": 0
        },
        "20202": {
            "year_quarter": 20202,
            "year": 2020,
            "quarter": 2,
            "eps": 0.37,
            "eps_growth_year": null,
            "eps_4q": -0.04,
            "eps_4q_growth_year": null,
            "roe": 2.75,
            "roe_4q": 0.62,
            "gross_profit": 54749,
            "gross_margin": 25.1,
            "gross_margin_4q_avg": 19.72,
            "net_income": 22139,
            "net_income_4q": null,
            "revenue": 218161,
            "revenue_4q": null,
            "common_shares": 444555,
            "book_valuer_per_share": 16.4,
            "book_valuer_per_share_4q_avg": 16.58,
            "equity": 813963,
            "current_ratio": 142.18,
            "debt_ratio": 37.42,
            "inventory_turnover_ratio": 9.22,
            "account_receivable_turnover_ratio": 0.68,
            "reinvestment_rate": null,
            "research_to_sale_ratio": 0.96,
            "price_fair": 0,
            "eps_avg_yearly": 0,
            "eps_latest_yearly": 0,
            "eps_growth_yearly": 0
        },
        "20203": {
            "year_quarter": 20203,
            "year": 2020,
            "quarter": 3,
            "eps": 0.85,
            "eps_growth_year": null,
            "eps_4q": 0.82,
            "eps_4q_growth_year": null,
            "roe": 4.91,
            "roe_4q": 6.130000000000001,
            "gross_profit": 86197,
            "gross_margin": 32.08,
            "gross_margin_4q_avg": 22.96,
            "net_income": 41050,
            "net_income_4q": null,
            "revenue": 268701,
            "revenue_4q": null,
            "common_shares": 444555,
            "book_valuer_per_share": 17.38,
            "book_valuer_per_share_4q_avg": 16.64,
            "equity": 857888,
            "current_ratio": 157.15,
            "debt_ratio": 34.92,
            "inventory_turnover_ratio": 13.11,
            "account_receivable_turnover_ratio": 0.79,
            "reinvestment_rate": null,
            "research_to_sale_ratio": 0.96,
            "price_fair": 119,
            "eps_avg_yearly": 3.4,
            "eps_latest_yearly": 3.4,
            "eps_growth_yearly": 518.92
        },
        "20204": {
            "year_quarter": 20204,
            "year": 2020,
            "quarter": 4,
            "eps": 1.23,
            "eps_growth_year": null,
            "eps_4q": 2.4,
            "eps_4q_growth_year": null,
            "roe": 7.24,
            "roe_4q": 15.05,
            "gross_profit": 121639,
            "gross_margin": 33.82,
            "gross_margin_4q_avg": 27.88,
            "net_income": 64841,
            "net_income_4q": null,
            "revenue": 359671,
            "revenue_4q": null,
            "common_shares": 444555,
            "book_valuer_per_share": 18.79,
            "book_valuer_per_share_4q_avg": 17.22,
            "equity": 932503,
            "current_ratio": 159.2,
            "debt_ratio": 36.8,
            "inventory_turnover_ratio": 20.59,
            "account_receivable_turnover_ratio": 0.89,
            "reinvestment_rate": null,
            "research_to_sale_ratio": 0.96,
            "price_fair": 145.6,
            "eps_avg_yearly": 4.16,
            "eps_latest_yearly": 4.92,
            "eps_growth_yearly": 348.87
        },
        "20211": {
            "year_quarter": 20211,
            "year": 2021,
            "quarter": 1,
            "eps": 1.24,
            "eps_growth_year": null,
            "eps_4q": 3.7,
            "eps_4q_growth_year": null,
            "roe": 6.43,
            "roe_4q": 21.33,
            "gross_profit": 136236,
            "gross_margin": 40.43,
            "gross_margin_4q_avg": 32.86,
            "net_income": 61771,
            "net_income_4q": null,
            "revenue": 336953,
            "revenue_4q": null,
            "common_shares": 444555,
            "book_valuer_per_share": 19.96,
            "book_valuer_per_share_4q_avg": 18.13,
            "equity": 987433,
            "current_ratio": 162.7,
            "debt_ratio": 38.51,
            "inventory_turnover_ratio": 16.34,
            "account_receivable_turnover_ratio": 0.71,
            "reinvestment_rate": null,
            "research_to_sale_ratio": 0.83,
            "price_fair": 154.93,
            "eps_avg_yearly": 4.43,
            "eps_latest_yearly": 4.96,
            "eps_growth_yearly": 233.66
        },
        "20212": {
            "year_quarter": 20212,
            "year": 2021,
            "quarter": 2,
            "eps": 0.66,
            "eps_growth_year": 78.38,
            "eps_4q": 3.98,
            "eps_4q_growth_year": null,
            "roe": 4.15,
            "roe_4q": 22.73,
            "gross_profit": 101316,
            "gross_margin": 35.34,
            "gross_margin_4q_avg": 35.42,
            "net_income": 41624,
            "net_income_4q": null,
            "revenue": 286693,
            "revenue_4q": null,
            "common_shares": 444555,
            "book_valuer_per_share": 20.45,
            "book_valuer_per_share_4q_avg": 19.15,
            "equity": 1017396,
            "current_ratio": 177.58,
            "debt_ratio": 36.8,
            "inventory_turnover_ratio": 12.29,
            "account_receivable_turnover_ratio": 0.67,
            "reinvestment_rate": null,
            "research_to_sale_ratio": 0.91,
            "price_fair": 139.3,
            "eps_avg_yearly": 3.98,
            "eps_latest_yearly": 2.64,
            "eps_growth_yearly": 128.47
        },
        "20213": {
            "year_quarter": 20213,
            "year": 2021,
            "quarter": 3,
            "eps": 0.8,
            "eps_growth_year": -5.88,
            "eps_4q": 3.93,
            "eps_4q_growth_year": 380.48,
            "roe": 4.27,
            "roe_4q": 22.09,
            "gross_profit": 109018,
            "gross_margin": 32.03,
            "gross_margin_4q_avg": 35.41,
            "net_income": 43310,
            "net_income_4q": null,
            "revenue": 340319,
            "revenue_4q": null,
            "common_shares": 444555,
            "book_valuer_per_share": 20.26,
            "book_valuer_per_share_4q_avg": 19.87,
            "equity": 1009691,
            "current_ratio": 163.95,
            "debt_ratio": 41.18,
            "inventory_turnover_ratio": 11.07,
            "account_receivable_turnover_ratio": 0.82,
            "reinvestment_rate": -144.02,
            "research_to_sale_ratio": 0.69,
            "price_fair": 133.84,
            "eps_avg_yearly": 3.82,
            "eps_latest_yearly": 3.2,
            "eps_growth_yearly": 119.75
        },
        "20214": {
            "year_quarter": 20214,
            "year": 2021,
            "quarter": 4,
            "eps": 1.56,
            "eps_growth_year": 26.59,
            "eps_4q": 4.29,
            "eps_4q_growth_year": 78.47,
            "roe": 8.27,
            "roe_4q": 23.119999999999997,
            "gross_profit": 148684,
            "gross_margin": 37.87,
            "gross_margin_4q_avg": 36.42,
            "net_income": 86663,
            "net_income_4q": null,
            "revenue": 392668,
            "revenue_4q": null,
            "common_shares": 444555,
            "book_valuer_per_share": 21.59,
            "book_valuer_per_share_4q_avg": 20.57,
            "equity": 1085946,
            "current_ratio": 156.93,
            "debt_ratio": 40.51,
            "inventory_turnover_ratio": 6.81,
            "account_receivable_turnover_ratio": 0.84,
            "reinvestment_rate": 26.28,
            "research_to_sale_ratio": 0.89,
            "price_fair": 147.93,
            "eps_avg_yearly": 4.23,
            "eps_latest_yearly": 6.24,
            "eps_growth_yearly": 163.12
        },
        "20221": {
            "year_quarter": 20221,
            "year": 2022,
            "quarter": 1,
            "eps": 0.23,
            "eps_growth_year": -81.45,
            "eps_4q": 3.26,
            "eps_4q_growth_year": -11.71,
            "roe": 1.9,
            "roe_4q": 18.59,
            "gross_profit": 83003,
            "gross_margin": 27.36,
            "gross_margin_4q_avg": 33.15,
            "net_income": 21094,
            "net_income_4q": null,
            "revenue": 303397,
            "revenue_4q": null,
            "common_shares": 444555,
            "book_valuer_per_share": 22.27,
            "book_valuer_per_share_4q_avg": 21.14,
            "equity": 1131416,
            "current_ratio": 163.03,
            "debt_ratio": 39.79,
            "inventory_turnover_ratio": 4.24,
            "account_receivable_turnover_ratio": 0.67,
            "reinvestment_rate": 18,
            "research_to_sale_ratio": 0.95,
            "price_fair": 131.4,
            "eps_avg_yearly": 3.75,
            "eps_latest_yearly": 0.92,
            "eps_growth_yearly": 91.1
        },
        "20222": {
            "year_quarter": 20222,
            "year": 2022,
            "quarter": 2,
            "eps": 0.3,
            "eps_growth_year": -54.55,
            "eps_4q": 2.9,
            "eps_4q_growth_year": -27.19,
            "roe": 1.8,
            "roe_4q": 16.24,
            "gross_profit": 81694,
            "gross_margin": 25.62,
            "gross_margin_4q_avg": 30.72,
            "net_income": 19650,
            "net_income_4q": null,
            "revenue": 318813,
            "revenue_4q": null,
            "common_shares": 444555,
            "book_valuer_per_share": 20.53,
            "book_valuer_per_share_4q_avg": 21.16,
            "equity": 1055243,
            "current_ratio": 147.34,
            "debt_ratio": 44.32,
            "inventory_turnover_ratio": 4.14,
            "account_receivable_turnover_ratio": 0.79,
            "reinvestment_rate": 1.11,
            "research_to_sale_ratio": 0.66,
            "price_fair": 120.23,
            "eps_avg_yearly": 3.44,
            "eps_latest_yearly": 1.2,
            "eps_growth_yearly": 94.93
        },
        "20223": {
            "year_quarter": 20223,
            "year": 2022,
            "quarter": 3,
            "eps": 0.32,
            "eps_growth_year": -60,
            "eps_4q": 2.41,
            "eps_4q_growth_year": -38.64,
            "roe": 1.69,
            "roe_4q": 13.66,
            "gross_profit": 74535,
            "gross_margin": 25.34,
            "gross_margin_4q_avg": 29.05,
            "net_income": 18122,
            "net_income_4q": null,
            "revenue": 294140,
            "revenue_4q": null,
            "common_shares": 444555,
            "book_valuer_per_share": 21.18,
            "book_valuer_per_share_4q_avg": 21.39,
            "equity": 1090519,
            "current_ratio": 171.03,
            "debt_ratio": 38.41,
            "inventory_turnover_ratio": 3.77,
            "account_receivable_turnover_ratio": 0.77,
            "reinvestment_rate": 2.12,
            "research_to_sale_ratio": 1.04,
            "price_fair": 111.84,
            "eps_avg_yearly": 3.2,
            "eps_latest_yearly": 1.28,
            "eps_growth_yearly": 87.35
        },
        "20224": {
            "year_quarter": 20224,
            "year": 2022,
            "quarter": 4,
            "eps": -0.26,
            "eps_growth_year": -116.43,
            "eps_4q": 0.6,
            "eps_4q_growth_year": -86.03,
            "roe": -1.27,
            "roe_4q": 4.119999999999999,
            "gross_profit": 25039,
            "gross_margin": 11.61,
            "gross_margin_4q_avg": 22.48,
            "net_income": -13534,
            "net_income_4q": null,
            "revenue": 215606,
            "revenue_4q": null,
            "common_shares": 444555,
            "book_valuer_per_share": 20.26,
            "book_valuer_per_share_4q_avg": 21.06,
            "equity": 1047611,
            "current_ratio": 179.69,
            "debt_ratio": 36.04,
            "inventory_turnover_ratio": 3.35,
            "account_receivable_turnover_ratio": 0.65,
            "reinvestment_rate": 9.58,
            "research_to_sale_ratio": 1.43,
            "price_fair": 111.84,
            "eps_avg_yearly": 3.2,
            "eps_latest_yearly": 1.28,
            "eps_growth_yearly": 87.35
        },
        "20231": {
            "year_quarter": 20231,
            "year": 2023,
            "quarter": 1,
            "eps": -0.24,
            "eps_growth_year": -204.35,
            "eps_4q": 0.12,
            "eps_4q_growth_year": -96.31,
            "roe": -0.6,
            "roe_4q": 1.6199999999999999,
            "gross_profit": 45073,
            "gross_margin": 22.41,
            "gross_margin_4q_avg": 21.25,
            "net_income": -6310,
            "net_income_4q": null,
            "revenue": 201114,
            "revenue_4q": null,
            "common_shares": 444555,
            "book_valuer_per_share": 20,
            "book_valuer_per_share_4q_avg": 20.49,
            "equity": 1041036,
            "current_ratio": 189.66,
            "debt_ratio": 33.68,
            "inventory_turnover_ratio": 3.08,
            "account_receivable_turnover_ratio": 0.76,
            "reinvestment_rate": 1.26,
            "research_to_sale_ratio": 0.96,
            "price_fair": 111.84,
            "eps_avg_yearly": 3.2,
            "eps_latest_yearly": 1.28,
            "eps_growth_yearly": 87.35
        },
        "20232": {
            "year_quarter": 20232,
            "year": 2023,
            "quarter": 2,
            "eps": 0.3,
            "eps_growth_year": 0,
            "eps_4q": 0.12,
            "eps_4q_growth_year": -95.81,
            "roe": 0.5,
            "roe_4q": 0.31999999999999984,
            "gross_profit": 53008,
            "gross_margin": 22.85,
            "gross_margin_4q_avg": 20.55,
            "net_income": 5134,
            "net_income_4q": null,
            "revenue": 231937,
            "revenue_4q": null,
            "common_shares": 443915,
            "book_valuer_per_share": 19.93,
            "book_valuer_per_share_4q_avg": 20.34,
            "equity": 1029866,
            "current_ratio": 170.3,
            "debt_ratio": 34.19,
            "inventory_turnover_ratio": 3.75,
            "account_receivable_turnover_ratio": 0.93,
            "reinvestment_rate": 0.32,
            "research_to_sale_ratio": 1.26,
            "price_fair": 111.84,
            "eps_avg_yearly": 3.2,
            "eps_latest_yearly": 1.28,
            "eps_growth_yearly": 87.35
        },
        "20233": {
            "year_quarter": 20233,
            "year": 2023,
            "quarter": 3,
            "eps": 0.42,
            "eps_growth_year": 31.25,
            "eps_4q": 0.22,
            "eps_4q_growth_year": -91.01,
            "roe": 1.25,
            "roe_4q": -0.1200000000000001,
            "gross_profit": 65806,
            "gross_margin": 25.33,
            "gross_margin_4q_avg": 20.55,
            "net_income": 13016,
            "net_income_4q": null,
            "revenue": 259827,
            "revenue_4q": null,
            "common_shares": 443915,
            "book_valuer_per_share": 20.84,
            "book_valuer_per_share_4q_avg": 20.26,
            "equity": 1060954,
            "current_ratio": 169.73,
            "debt_ratio": 33.72,
            "inventory_turnover_ratio": 3.7,
            "account_receivable_turnover_ratio": 0.93,
            "reinvestment_rate": 27.97,
            "research_to_sale_ratio": 1.13,
            "price_fair": 106.54,
            "eps_avg_yearly": 3.04,
            "eps_latest_yearly": 1.68,
            "eps_growth_yearly": 94.61
        }
    },
    "months": {
        "2011-03": {
            "month": "2011-03",
            "price": "52.65",
            "revenue": 1869
        },
        "2011-04": {
            "month": "2011-04",
            "price": "48.10",
            "revenue": 1691
        },
        "2011-05": {
            "month": "2011-05",
            "price": "43.79",
            "revenue": 2955
        },
        "2011-06": {
            "month": "2011-06",
            "price": "43.67",
            "revenue": 1588
        },
        "2011-08": {
            "month": "2011-08",
            "price": "42.06",
            "revenue": 3113
        },
        "2011-09": {
            "month": "2011-09",
            "price": "33.70",
            "revenue": 2459
        },
        "2011-10": {
            "month": "2011-10",
            "price": "28.90",
            "revenue": 1571
        },
        "2011-11": {
            "month": "2011-11",
            "price": "26.97",
            "revenue": 2515
        },
        "2011-12": {
            "month": "2011-12",
            "price": "26.75",
            "revenue": 6909
        },
        "2012-01": {
            "month": "2012-01",
            "price": "26.15",
            "revenue": 4004
        },
        "2012-02": {
            "month": "2012-02",
            "price": "26.49",
            "revenue": 1991
        },
        "2012-03": {
            "month": "2012-03",
            "price": "30.08",
            "revenue": 3269
        },
        "2012-04": {
            "month": "2012-04",
            "price": "32.69",
            "revenue": 3043
        },
        "2012-05": {
            "month": "2012-05",
            "price": "31.85",
            "revenue": 3855
        },
        "2012-06": {
            "month": "2012-06",
            "price": "31.40",
            "revenue": 6111
        },
        "2012-08": {
            "month": "2012-08",
            "price": "29.91",
            "revenue": 5483
        },
        "2012-09": {
            "month": "2012-09",
            "price": "31.72",
            "revenue": 7840
        },
        "2012-10": {
            "month": "2012-10",
            "price": "32.39",
            "revenue": 5520
        },
        "2012-11": {
            "month": "2012-11",
            "price": "29.00",
            "revenue": 3355
        },
        "2012-12": {
            "month": "2012-12",
            "price": "27.55",
            "revenue": 11269
        },
        "2013-01": {
            "month": "2013-01",
            "price": "26.18",
            "revenue": 70551
        },
        "2013-02": {
            "month": "2013-02",
            "price": "25.12",
            "revenue": 30562
        },
        "2013-03": {
            "month": "2013-03",
            "price": "23.98",
            "revenue": 55639
        },
        "2013-04": {
            "month": "2013-04",
            "price": "21.17",
            "revenue": 62000
        },
        "2013-05": {
            "month": "2013-05",
            "price": "19.13",
            "revenue": 74962
        },
        "2013-06": {
            "month": "2013-06",
            "price": "20.89",
            "revenue": 82482
        },
        "2013-07": {
            "month": "2013-07",
            "price": "21.55",
            "revenue": 73504
        },
        "2013-08": {
            "month": "2013-08",
            "price": "21.86",
            "revenue": 68943
        },
        "2013-09": {
            "month": "2013-09",
            "price": "19.47",
            "revenue": 64771
        },
        "2013-10": {
            "month": "2013-10",
            "price": "19.17",
            "revenue": 81965
        },
        "2013-11": {
            "month": "2013-11",
            "price": "19.44",
            "revenue": 85250
        },
        "2013-12": {
            "month": "2013-12",
            "price": "19.63",
            "revenue": 78050
        },
        "2014-01": {
            "month": "2014-01",
            "price": "19.87",
            "revenue": 69892
        },
        "2014-02": {
            "month": "2014-02",
            "price": "27.29",
            "revenue": 65402
        },
        "2014-03": {
            "month": "2014-03",
            "price": "30.03",
            "revenue": 76038
        },
        "2014-04": {
            "month": "2014-04",
            "price": "30.42",
            "revenue": 77077
        },
        "2014-05": {
            "month": "2014-05",
            "price": "30.17",
            "revenue": 75585
        },
        "2014-06": {
            "month": "2014-06",
            "price": "30.57",
            "revenue": 81984
        },
        "2014-07": {
            "month": "2014-07",
            "price": "30.15",
            "revenue": 83345
        },
        "2014-08": {
            "month": "2014-08",
            "price": "28.34",
            "revenue": 74983
        },
        "2014-09": {
            "month": "2014-09",
            "price": "28.08",
            "revenue": 81860
        },
        "2014-10": {
            "month": "2014-10",
            "price": "28.07",
            "revenue": 90359
        },
        "2014-11": {
            "month": "2014-11",
            "price": "28.16",
            "revenue": 89724
        },
        "2014-12": {
            "month": "2014-12",
            "price": "31.61",
            "revenue": 86819
        },
        "2015-01": {
            "month": "2015-01",
            "price": "36.63",
            "revenue": 93250
        },
        "2015-02": {
            "month": "2015-02",
            "price": "42.14",
            "revenue": 77327
        },
        "2015-03": {
            "month": "2015-03",
            "price": "49.10",
            "revenue": 82909
        },
        "2015-04": {
            "month": "2015-04",
            "price": "68.80",
            "revenue": 84717
        },
        "2015-05": {
            "month": "2015-05",
            "price": "85.84",
            "revenue": 84348
        },
        "2015-06": {
            "month": "2015-06",
            "price": "100.35",
            "revenue": 59760
        },
        "2015-07": {
            "month": "2015-07",
            "price": "77.86",
            "revenue": 62780
        },
        "2015-08": {
            "month": "2015-08",
            "price": "55.67",
            "revenue": 51476
        },
        "2015-09": {
            "month": "2015-09",
            "price": "62.70",
            "revenue": 54866
        },
        "2015-10": {
            "month": "2015-10",
            "price": "64.43",
            "revenue": 56298
        },
        "2015-11": {
            "month": "2015-11",
            "price": "58.02",
            "revenue": 61552
        },
        "2015-12": {
            "month": "2015-12",
            "price": "79.03",
            "revenue": 71699
        },
        "2016-01": {
            "month": "2016-01",
            "price": "74.11",
            "revenue": 65725
        },
        "2016-02": {
            "month": "2016-02",
            "price": "78.44",
            "revenue": 37567
        },
        "2016-03": {
            "month": "2016-03",
            "price": "98.17",
            "revenue": 58342
        },
        "2016-04": {
            "month": "2016-04",
            "price": "90.08",
            "revenue": 52224
        },
        "2016-05": {
            "month": "2016-05",
            "price": "59.47",
            "revenue": 50778
        },
        "2016-06": {
            "month": "2016-06",
            "price": "65.61",
            "revenue": 60431
        },
        "2016-07": {
            "month": "2016-07",
            "price": "69.40",
            "revenue": 68459
        },
        "2016-08": {
            "month": "2016-08",
            "price": "72.21",
            "revenue": 78719
        },
        "2016-09": {
            "month": "2016-09",
            "price": "77.81",
            "revenue": 70052
        },
        "2016-10": {
            "month": "2016-10",
            "price": "68.80",
            "revenue": 70547
        },
        "2016-11": {
            "month": "2016-11",
            "price": "54.32",
            "revenue": 71338
        },
        "2016-12": {
            "month": "2016-12",
            "price": "55.79",
            "revenue": 73827
        },
        "2017-01": {
            "month": "2017-01",
            "price": "53.04",
            "revenue": 57825
        },
        "2017-02": {
            "month": "2017-02",
            "price": "55.33",
            "revenue": 51416
        },
        "2017-03": {
            "month": "2017-03",
            "price": "50.79",
            "revenue": 70935
        },
        "2017-04": {
            "month": "2017-04",
            "price": "43.83",
            "revenue": 62371
        },
        "2017-05": {
            "month": "2017-05",
            "price": "41.80",
            "revenue": 55950
        },
        "2017-06": {
            "month": "2017-06",
            "price": "41.06",
            "revenue": 50189
        },
        "2017-07": {
            "month": "2017-07",
            "price": "41.98",
            "revenue": 62046
        },
        "2017-08": {
            "month": "2017-08",
            "price": "40.93",
            "revenue": 63646
        },
        "2017-09": {
            "month": "2017-09",
            "price": "49.41",
            "revenue": 69006
        },
        "2017-10": {
            "month": "2017-10",
            "price": "56.12",
            "revenue": 70204
        },
        "2017-11": {
            "month": "2017-11",
            "price": "56.14",
            "revenue": 78246
        },
        "2017-12": {
            "month": "2017-12",
            "price": "61.18",
            "revenue": 82014
        },
        "2018-01": {
            "month": "2018-01",
            "price": "72.67",
            "revenue": 89033
        },
        "2018-02": {
            "month": "2018-02",
            "price": "73.64",
            "revenue": 71584
        },
        "2018-03": {
            "month": "2018-03",
            "price": "84.01",
            "revenue": 88365
        },
        "2018-04": {
            "month": "2018-04",
            "price": "77.64",
            "revenue": 85033
        },
        "2018-05": {
            "month": "2018-05",
            "price": "69.90",
            "revenue": 80680
        },
        "2018-06": {
            "month": "2018-06",
            "price": "78.22",
            "revenue": 87008
        },
        "2018-07": {
            "month": "2018-07",
            "price": "78.20",
            "revenue": 80975
        },
        "2018-08": {
            "month": "2018-08",
            "price": "70.60",
            "revenue": 87177
        },
        "2018-09": {
            "month": "2018-09",
            "price": "62.87",
            "revenue": 94809
        },
        "2018-10": {
            "month": "2018-10",
            "price": "51.27",
            "revenue": 81155
        },
        "2018-11": {
            "month": "2018-11",
            "price": "42.40",
            "revenue": 85566
        },
        "2018-12": {
            "month": "2018-12",
            "price": "38.13",
            "revenue": 61788
        },
        "2019-01": {
            "month": "2019-01",
            "price": "36.41",
            "revenue": 58661
        },
        "2019-02": {
            "month": "2019-02",
            "price": "41.80",
            "revenue": 35190
        },
        "2019-03": {
            "month": "2019-03",
            "price": "43.73",
            "revenue": 53836
        },
        "2019-04": {
            "month": "2019-04",
            "price": "49.46",
            "revenue": 53561
        },
        "2019-05": {
            "month": "2019-05",
            "price": "42.25",
            "revenue": 50350
        },
        "2019-06": {
            "month": "2019-06",
            "price": "44.62",
            "revenue": 54670
        },
        "2019-07": {
            "month": "2019-07",
            "price": "51.04",
            "revenue": 75735
        },
        "2019-08": {
            "month": "2019-08",
            "price": "59.50",
            "revenue": 82000
        },
        "2019-09": {
            "month": "2019-09",
            "price": "71.89",
            "revenue": 86043
        },
        "2019-10": {
            "month": "2019-10",
            "price": "66.38",
            "revenue": 75210
        },
        "2019-11": {
            "month": "2019-11",
            "price": "59.86",
            "revenue": 79011
        },
        "2019-12": {
            "month": "2019-12",
            "price": "58.08",
            "revenue": 80856
        },
        "2020-01": {
            "month": "2020-01",
            "price": "56.26",
            "revenue": 62010
        },
        "2020-02": {
            "month": "2020-02",
            "price": "51.03",
            "revenue": 38492
        },
        "2020-03": {
            "month": "2020-03",
            "price": "40.40",
            "revenue": 93054
        },
        "2020-04": {
            "month": "2020-04",
            "price": "47.67",
            "revenue": 88366
        },
        "2020-05": {
            "month": "2020-05",
            "price": "52.14",
            "revenue": 70063
        },
        "2020-06": {
            "month": "2020-06",
            "price": "53.66",
            "revenue": 59732
        },
        "2020-07": {
            "month": "2020-07",
            "price": "53.75",
            "revenue": 74502
        },
        "2020-08": {
            "month": "2020-08",
            "price": "54.94",
            "revenue": 90346
        },
        "2020-09": {
            "month": "2020-09",
            "price": "63.05",
            "revenue": 103854
        },
        "2020-10": {
            "month": "2020-10",
            "price": "66.71",
            "revenue": 104905
        },
        "2020-11": {
            "month": "2020-11",
            "price": "67.67",
            "revenue": 123235
        },
        "2020-12": {
            "month": "2020-12",
            "price": "64.14",
            "revenue": 131986
        },
        "2021-01": {
            "month": "2021-01",
            "price": "59.86",
            "revenue": 134652
        },
        "2021-02": {
            "month": "2021-02",
            "price": "68.72",
            "revenue": 88648
        },
        "2021-03": {
            "month": "2021-03",
            "price": "84.95",
            "revenue": 114283
        },
        "2021-04": {
            "month": "2021-04",
            "price": "82.58",
            "revenue": 90067
        },
        "2021-05": {
            "month": "2021-05",
            "price": "61.69",
            "revenue": 96465
        },
        "2021-06": {
            "month": "2021-06",
            "price": "65.77",
            "revenue": 100323
        },
        "2021-07": {
            "month": "2021-07",
            "price": "74.04",
            "revenue": 102493
        },
        "2021-08": {
            "month": "2021-08",
            "price": "65.09",
            "revenue": 109519
        },
        "2021-09": {
            "month": "2021-09",
            "price": "59.94",
            "revenue": 128307
        },
        "2021-10": {
            "month": "2021-10",
            "price": "57.02",
            "revenue": 115397
        },
        "2021-11": {
            "month": "2021-11",
            "price": "61.20",
            "revenue": 129135
        },
        "2021-12": {
            "month": "2021-12",
            "price": "67.64",
            "revenue": 146623
        },
        "2022-01": {
            "month": "2022-01",
            "price": "70.85",
            "revenue": 126180
        },
        "2022-02": {
            "month": "2022-02",
            "price": "69.47",
            "revenue": 85652
        },
        "2022-03": {
            "month": "2022-03",
            "price": "71.39",
            "revenue": 91048
        },
        "2022-04": {
            "month": "2022-04",
            "price": "64.86",
            "revenue": 107778
        },
        "2022-05": {
            "month": "2022-05",
            "price": "57.38",
            "revenue": 102250
        },
        "2022-06": {
            "month": "2022-06",
            "price": "60.00",
            "revenue": 108400
        },
        "2022-07": {
            "month": "2022-07",
            "price": "54.92",
            "revenue": 106295
        },
        "2022-08": {
            "month": "2022-08",
            "price": "55.17",
            "revenue": 94976
        },
        "2022-09": {
            "month": "2022-09",
            "price": "51.06",
            "revenue": 92929
        },
        "2022-10": {
            "month": "2022-10",
            "price": "50.26",
            "revenue": 83699
        },
        "2022-11": {
            "month": "2022-11",
            "price": "53.17",
            "revenue": 67583
        },
        "2022-12": {
            "month": "2022-12",
            "price": "50.83",
            "revenue": 63423
        },
        "2023-01": {
            "month": "2023-01",
            "price": "51.21",
            "revenue": 47505
        },
        "2023-02": {
            "month": "2023-02",
            "price": "52.38",
            "revenue": 77259
        },
        "2023-03": {
            "month": "2023-03",
            "price": "59.07",
            "revenue": 75576
        },
        "2023-04": {
            "month": "2023-04",
            "price": "63.92",
            "revenue": 73738
        },
        "2023-05": {
            "month": "2023-05",
            "price": "63.71",
            "revenue": 80432
        },
        "2023-06": {
            "month": "2023-06",
            "price": "66.13",
            "revenue": 76821
        },
        "2023-07": {
            "month": "2023-07",
            "price": "65.09",
            "revenue": 79701
        },
        "2023-08": {
            "month": "2023-08",
            "price": "60.56",
            "revenue": 94008
        },
        "2023-09": {
            "month": "2023-09",
            "price": "61.29",
            "revenue": 84706
        },
        "2023-10": {
            "month": "2023-10",
            "price": "60.08",
            "revenue": 85892
        },
        "2023-11": {
            "month": "2023-11",
            "price": "56.09",
            "revenue": 77198
        },
        "2023-12": {
            "month": "2023-12",
            "price": "55.71",
            "revenue": 64617
        }
    }
}
