{
    "summary": {
        "stock_name": "東生華",
        "stock_id": "8432",
        "category": "生技醫療",
        "main_business": "西藥批發零售業",
        "website_url": "http://www.tshbiopharm.com",
        "ceo": "楊思源",
        "pe_ratio": 34,
        "report_year_from": 2010,
        "report_year_to": 2023,
        "age": 14,
        "eps_negative_percentage": 0,
        "eps_growth_avg": {
            "last_all": 6.91,
            "last_2y": 4.45,
            "last_4y": 6.75,
            "last_8y": 5.54,
            "last_12y": null,
            "last_16y": null,
            "last_20y": null,
            "at_2006_last_3y": null,
            "at_2007_last_3y": null,
            "at_2008_last_3y": null,
            "at_2009_last_3y": null,
            "at_2010_last_3y": null,
            "at_2011_last_3y": null,
            "at_2012_last_3y": null,
            "at_2013_last_3y": null,
            "at_2014_last_3y": null,
            "at_2015_last_3y": 11.11,
            "at_2016_last_3y": 3.59,
            "at_2017_last_3y": -1.74,
            "at_2018_last_3y": 4.01,
            "at_2019_last_3y": 13.35,
            "at_2020_last_3y": -11.19,
            "at_2021_last_3y": -3.49,
            "at_2022_last_3y": 7.05,
            "at_2023_last_3y": -3.72,
            "at_2024_last_3y": -3.72,
            "at_2006_last_all": null,
            "at_2007_last_all": null,
            "at_2008_last_all": null,
            "at_2009_last_all": null,
            "at_2010_last_all": null,
            "at_2011_last_all": null,
            "at_2012_last_all": null,
            "at_2013_last_all": 33.68,
            "at_2014_last_all": 11.04,
            "at_2015_last_all": 11.11,
            "at_2016_last_all": 22.87,
            "at_2017_last_all": 10.07,
            "at_2018_last_all": 7.02,
            "at_2019_last_all": 12.23,
            "at_2020_last_all": 7.73,
            "at_2021_last_all": 4.65,
            "at_2022_last_all": 7.03,
            "at_2023_last_all": 6.91,
            "at_2024_last_all": 6.91
        },
        "latest_eps": 1.69,
        "latest_price": 58,
        "latest_roe": 5.57,
        "latest_gross_margin": 42.19,
        "latest_equity": 1266233,
        "latest_revenue": 443043,
        "latest_gross_profit": 186936,
        "latest_net_income": 19184,
        "latest_debt_ratio": 9.55,
        "latest_current_ratio": 833.49,
        "latest_account_receivable_turnover_ratio": 2.77,
        "latest_inventory_turnover_ratio": 2.62,
        "latest_reinvestment_rate": -2.86,
        "latest_research_to_sale_ratio": 1.8
    },
    "eps_dividends": {
        "2001": {
            "cash": 0,
            "stock": 0,
            "eps": 0
        },
        "2002": {
            "cash": 0,
            "stock": 0,
            "eps": 0
        },
        "2003": {
            "cash": 0,
            "stock": 0,
            "eps": 0
        },
        "2004": {
            "cash": 0,
            "stock": 0,
            "eps": 0
        },
        "2005": {
            "cash": 0,
            "stock": 0,
            "eps": 0
        },
        "2006": {
            "cash": 0,
            "stock": 0,
            "eps": 0
        },
        "2007": {
            "cash": 0,
            "stock": 0,
            "eps": 0
        },
        "2008": {
            "cash": 0,
            "stock": 0,
            "eps": 0
        },
        "2009": {
            "cash": 0,
            "stock": 0,
            "eps": 0
        },
        "2010": {
            "cash": 0,
            "stock": 0,
            "eps": 0
        },
        "2011": {
            "cash": 0.3,
            "stock": 1.2,
            "eps": 1.46
        },
        "2012": {
            "cash": 3.2,
            "stock": 1,
            "eps": 4.38
        },
        "2013": {
            "cash": 2.8,
            "stock": 1,
            "eps": 2.95
        },
        "2014": {
            "cash": 2.8,
            "stock": 0,
            "eps": 1.94
        },
        "2015": {
            "cash": 2,
            "stock": 0,
            "eps": 2.16
        },
        "2016": {
            "cash": 2.1,
            "stock": 0,
            "eps": 3.67
        },
        "2017": {
            "cash": 3.1,
            "stock": 0,
            "eps": 1.69
        },
        "2018": {
            "cash": 2.1,
            "stock": 0,
            "eps": 1.5
        },
        "2019": {
            "cash": 1.6,
            "stock": 0,
            "eps": 2.23
        },
        "2020": {
            "cash": 1.8,
            "stock": 0,
            "eps": 1.6
        },
        "2021": {
            "cash": 1.8,
            "stock": 0,
            "eps": 1.23
        },
        "2022": {
            "cash": 1.5,
            "stock": 0,
            "eps": 1.61
        },
        "2023": {
            "cash": 1.6,
            "stock": 0,
            "eps": 1.7
        },
        "2024": {
            "cash": 1.28,
            "stock": 0,
            "eps": 0
        }
    },
    "dividends": {
        "2011-06-24": {
            "cash": 0.3,
            "stock": 1.2
        },
        "2012-06-12": {
            "cash": 3.2,
            "stock": 1
        },
        "2013-06-19": {
            "cash": 2.8,
            "stock": 1
        },
        "2014-09-30": {
            "cash": 2.8,
            "stock": 0
        },
        "2015-08-21": {
            "cash": 2,
            "stock": 0
        },
        "2016-08-19": {
            "cash": 2.1,
            "stock": 0
        },
        "2017-08-28": {
            "cash": 3.1,
            "stock": 0
        },
        "2018-08-24": {
            "cash": 2.1,
            "stock": 0
        },
        "2019-08-09": {
            "cash": 1.6,
            "stock": 0
        },
        "2020-07-22": {
            "cash": 1.8,
            "stock": 0
        },
        "2021-10-08": {
            "cash": 1.8,
            "stock": 0
        },
        "2022-07-08": {
            "cash": 1.5,
            "stock": 0
        },
        "2023-07-14": {
            "cash": 1.6,
            "stock": 0
        },
        "2024-02-27": {
            "cash": 1.28,
            "stock": 0
        }
    },
    "prices": {
        "200101": "無",
        "200102": "無",
        "200103": "無",
        "200104": "無",
        "200105": "無",
        "200106": "無",
        "200107": "無",
        "200108": "無",
        "200109": "無",
        "200110": "無",
        "200111": "無",
        "200112": "無",
        "200201": "無",
        "200202": "無",
        "200203": "無",
        "200204": "無",
        "200205": "無",
        "200206": "無",
        "200207": "無",
        "200208": "無",
        "200209": "無",
        "200210": "無",
        "200211": "無",
        "200212": "無",
        "200301": "無",
        "200302": "無",
        "200303": "無",
        "200304": "無",
        "200305": "無",
        "200306": "無",
        "200307": "無",
        "200308": "無",
        "200309": "無",
        "200310": "無",
        "200311": "無",
        "200312": "無",
        "200401": "無",
        "200402": "無",
        "200403": "無",
        "200404": "無",
        "200405": "無",
        "200406": "無",
        "200407": "無",
        "200408": "無",
        "200409": "無",
        "200410": "無",
        "200411": "無",
        "200412": "無",
        "200501": "無",
        "200502": "無",
        "200503": "無",
        "200504": "無",
        "200505": "無",
        "200506": "無",
        "200507": "無",
        "200508": "無",
        "200509": "無",
        "200510": "無",
        "200511": "無",
        "200512": "無",
        "200601": "無",
        "200602": "無",
        "200603": "無",
        "200604": "無",
        "200605": "無",
        "200606": "無",
        "200607": "無",
        "200608": "無",
        "200609": "無",
        "200610": "無",
        "200611": "無",
        "200612": "無",
        "200701": "無",
        "200702": "無",
        "200703": "無",
        "200704": "無",
        "200705": "無",
        "200706": "無",
        "200707": "無",
        "200708": "無",
        "200709": "無",
        "200710": "無",
        "200711": "無",
        "200712": "無",
        "200801": "無",
        "200802": "無",
        "200803": "無",
        "200804": "無",
        "200805": "無",
        "200806": "無",
        "200807": "無",
        "200808": "無",
        "200809": "無",
        "200810": "無",
        "200811": "無",
        "200812": "無",
        "200901": "無",
        "200902": "無",
        "200903": "無",
        "200904": "無",
        "200905": "無",
        "200906": "無",
        "200907": "無",
        "200908": "無",
        "200909": "無",
        "200910": "無",
        "200911": "無",
        "200912": "無",
        "201001": "無",
        "201002": "無",
        "201003": "無",
        "201004": "無",
        "201005": "無",
        "201006": "無",
        "201007": "無",
        "201008": "無",
        "201009": "無",
        "201010": "無",
        "201011": "無",
        "201012": "無",
        "201101": "無",
        "201102": "無",
        "201103": "無",
        "201104": "無",
        "201105": "無",
        "201106": "85.62",
        "201107": "87.89",
        "201108": "88.61",
        "201109": "79.25",
        "201110": "70.10",
        "201111": "66.32",
        "201112": "66.57",
        "201201": "72.31",
        "201202": "93.25",
        "201203": "128.07",
        "201204": "96.30",
        "201205": "106.00",
        "201206": "99.00",
        "201207": "102.24",
        "201208": "106.93",
        "201209": "100.99",
        "201210": "102.57",
        "201211": "96.59",
        "201212": "100.14",
        "201301": "96.95",
        "201302": "96.50",
        "201303": "94.59",
        "201304": "91.08",
        "201305": "89.90",
        "201306": "88.14",
        "201307": "89.30",
        "201308": "88.78",
        "201309": "83.96",
        "201310": "90.91",
        "201311": "85.39",
        "201312": "82.57",
        "201401": "78.78",
        "201402": "79.29",
        "201403": "78.00",
        "201404": "73.64",
        "201405": "71.60",
        "201406": "76.36",
        "201407": "74.98",
        "201408": "70.05",
        "201409": "67.67",
        "201410": "60.87",
        "201411": "53.84",
        "201412": "58.62",
        "201501": "54.40",
        "201502": "52.16",
        "201503": "52.79",
        "201504": "52.34",
        "201505": "48.03",
        "201506": "46.85",
        "201507": "47.05",
        "201508": "43.64",
        "201509": "44.58",
        "201510": "48.96",
        "201511": "63.35",
        "201512": "72.60",
        "201601": "69.91",
        "201602": "75.37",
        "201603": "87.33",
        "201604": "98.89",
        "201605": "89.64",
        "201606": "97.02",
        "201607": "95.02",
        "201608": "88.03",
        "201609": "83.60",
        "201610": "80.46",
        "201611": "72.03",
        "201612": "72.78",
        "201701": "70.16",
        "201702": "72.07",
        "201703": "80.54",
        "201704": "79.33",
        "201705": "77.18",
        "201706": "81.04",
        "201707": "79.89",
        "201708": "78.49",
        "201709": "78.48",
        "201710": "72.96",
        "201711": "69.18",
        "201712": "63.28",
        "201801": "64.15",
        "201802": "70.92",
        "201803": "71.13",
        "201804": "82.39",
        "201805": "70.97",
        "201806": "74.44",
        "201807": "81.91",
        "201808": "87.11",
        "201809": "80.89",
        "201810": "81.56",
        "201811": "75.55",
        "201812": "73.19",
        "201901": "71.08",
        "201902": "68.59",
        "201903": "68.64",
        "201904": "67.25",
        "201905": "66.52",
        "201906": "68.34",
        "201907": "69.32",
        "201908": "77.06",
        "201909": "79.81",
        "201910": "79.38",
        "201911": "80.27",
        "201912": "79.36",
        "202001": "78.59",
        "202002": "77.45",
        "202003": "74.34",
        "202004": "72.51",
        "202005": "68.86",
        "202006": "68.54",
        "202007": "66.36",
        "202008": "64.12",
        "202009": "63.84",
        "202010": "63.22",
        "202011": "61.22",
        "202012": "59.22",
        "202101": "58.97",
        "202102": "54.55",
        "202103": "51.67",
        "202104": "50.74",
        "202105": "43.30",
        "202106": "44.13",
        "202107": "41.97",
        "202108": "40.62",
        "202109": "39.81",
        "202110": "42.08",
        "202111": "44.27",
        "202112": "44.15",
        "202201": "43.20",
        "202202": "42.66",
        "202203": "42.96",
        "202204": "44.01",
        "202205": "42.41",
        "202206": "41.87",
        "202207": "41.30",
        "202208": "44.46",
        "202209": "47.69",
        "202210": "42.82",
        "202211": "44.44",
        "202212": "47.74",
        "202301": "46.95",
        "202302": "46.86",
        "202303": "46.60",
        "202304": "46.09",
        "202305": "45.31",
        "202306": "45.32",
        "202307": "46.65",
        "202308": "46.02",
        "202309": "45.72",
        "202310": "46.02",
        "202311": "51.63",
        "202312": "49.58"
    },
    "quarters": {
        "20011": {
            "year_quarter": 20011,
            "year": 2001,
            "quarter": 1,
            "eps": null,
            "eps_growth_year": null,
            "eps_4q": null,
            "eps_4q_growth_year": null,
            "roe": null,
            "roe_4q": 0,
            "gross_profit": null,
            "gross_margin": null,
            "gross_margin_4q_avg": 0,
            "net_income": null,
            "net_income_4q": null,
            "revenue": null,
            "revenue_4q": null,
            "common_shares": null,
            "book_valuer_per_share": null,
            "book_valuer_per_share_4q_avg": 0,
            "equity": null,
            "current_ratio": null,
            "debt_ratio": null,
            "inventory_turnover_ratio": null,
            "account_receivable_turnover_ratio": null,
            "reinvestment_rate": null,
            "research_to_sale_ratio": null,
            "price_fair": 0,
            "eps_avg_yearly": 0,
            "eps_latest_yearly": 0,
            "eps_growth_yearly": 0
        },
        "20012": {
            "year_quarter": 20012,
            "year": 2001,
            "quarter": 2,
            "eps": null,
            "eps_growth_year": null,
            "eps_4q": null,
            "eps_4q_growth_year": null,
            "roe": null,
            "roe_4q": 0,
            "gross_profit": null,
            "gross_margin": null,
            "gross_margin_4q_avg": 0,
            "net_income": null,
            "net_income_4q": null,
            "revenue": null,
            "revenue_4q": null,
            "common_shares": null,
            "book_valuer_per_share": null,
            "book_valuer_per_share_4q_avg": 0,
            "equity": null,
            "current_ratio": null,
            "debt_ratio": null,
            "inventory_turnover_ratio": null,
            "account_receivable_turnover_ratio": null,
            "reinvestment_rate": null,
            "research_to_sale_ratio": null,
            "price_fair": 0,
            "eps_avg_yearly": 0,
            "eps_latest_yearly": 0,
            "eps_growth_yearly": 0
        },
        "20013": {
            "year_quarter": 20013,
            "year": 2001,
            "quarter": 3,
            "eps": null,
            "eps_growth_year": null,
            "eps_4q": null,
            "eps_4q_growth_year": null,
            "roe": null,
            "roe_4q": 0,
            "gross_profit": null,
            "gross_margin": null,
            "gross_margin_4q_avg": 0,
            "net_income": null,
            "net_income_4q": null,
            "revenue": null,
            "revenue_4q": null,
            "common_shares": null,
            "book_valuer_per_share": null,
            "book_valuer_per_share_4q_avg": 0,
            "equity": null,
            "current_ratio": null,
            "debt_ratio": null,
            "inventory_turnover_ratio": null,
            "account_receivable_turnover_ratio": null,
            "reinvestment_rate": null,
            "research_to_sale_ratio": null,
            "price_fair": 0,
            "eps_avg_yearly": 0,
            "eps_latest_yearly": 0,
            "eps_growth_yearly": 0
        },
        "20014": {
            "year_quarter": 20014,
            "year": 2001,
            "quarter": 4,
            "eps": null,
            "eps_growth_year": null,
            "eps_4q": null,
            "eps_4q_growth_year": null,
            "roe": null,
            "roe_4q": 0,
            "gross_profit": null,
            "gross_margin": null,
            "gross_margin_4q_avg": 0,
            "net_income": null,
            "net_income_4q": null,
            "revenue": null,
            "revenue_4q": null,
            "common_shares": null,
            "book_valuer_per_share": null,
            "book_valuer_per_share_4q_avg": 0,
            "equity": null,
            "current_ratio": null,
            "debt_ratio": null,
            "inventory_turnover_ratio": null,
            "account_receivable_turnover_ratio": null,
            "reinvestment_rate": null,
            "research_to_sale_ratio": null,
            "price_fair": 0,
            "eps_avg_yearly": 0,
            "eps_latest_yearly": 0,
            "eps_growth_yearly": 0
        },
        "20021": {
            "year_quarter": 20021,
            "year": 2002,
            "quarter": 1,
            "eps": null,
            "eps_growth_year": null,
            "eps_4q": null,
            "eps_4q_growth_year": null,
            "roe": null,
            "roe_4q": 0,
            "gross_profit": null,
            "gross_margin": null,
            "gross_margin_4q_avg": 0,
            "net_income": null,
            "net_income_4q": null,
            "revenue": null,
            "revenue_4q": null,
            "common_shares": null,
            "book_valuer_per_share": null,
            "book_valuer_per_share_4q_avg": 0,
            "equity": null,
            "current_ratio": null,
            "debt_ratio": null,
            "inventory_turnover_ratio": null,
            "account_receivable_turnover_ratio": null,
            "reinvestment_rate": null,
            "research_to_sale_ratio": null,
            "price_fair": 0,
            "eps_avg_yearly": 0,
            "eps_latest_yearly": 0,
            "eps_growth_yearly": 0
        },
        "20022": {
            "year_quarter": 20022,
            "year": 2002,
            "quarter": 2,
            "eps": null,
            "eps_growth_year": null,
            "eps_4q": null,
            "eps_4q_growth_year": null,
            "roe": null,
            "roe_4q": 0,
            "gross_profit": null,
            "gross_margin": null,
            "gross_margin_4q_avg": 0,
            "net_income": null,
            "net_income_4q": null,
            "revenue": null,
            "revenue_4q": null,
            "common_shares": null,
            "book_valuer_per_share": null,
            "book_valuer_per_share_4q_avg": 0,
            "equity": null,
            "current_ratio": null,
            "debt_ratio": null,
            "inventory_turnover_ratio": null,
            "account_receivable_turnover_ratio": null,
            "reinvestment_rate": null,
            "research_to_sale_ratio": null,
            "price_fair": 0,
            "eps_avg_yearly": 0,
            "eps_latest_yearly": 0,
            "eps_growth_yearly": 0
        },
        "20023": {
            "year_quarter": 20023,
            "year": 2002,
            "quarter": 3,
            "eps": null,
            "eps_growth_year": null,
            "eps_4q": null,
            "eps_4q_growth_year": null,
            "roe": null,
            "roe_4q": 0,
            "gross_profit": null,
            "gross_margin": null,
            "gross_margin_4q_avg": 0,
            "net_income": null,
            "net_income_4q": null,
            "revenue": null,
            "revenue_4q": null,
            "common_shares": null,
            "book_valuer_per_share": null,
            "book_valuer_per_share_4q_avg": 0,
            "equity": null,
            "current_ratio": null,
            "debt_ratio": null,
            "inventory_turnover_ratio": null,
            "account_receivable_turnover_ratio": null,
            "reinvestment_rate": null,
            "research_to_sale_ratio": null,
            "price_fair": 0,
            "eps_avg_yearly": 0,
            "eps_latest_yearly": 0,
            "eps_growth_yearly": 0
        },
        "20024": {
            "year_quarter": 20024,
            "year": 2002,
            "quarter": 4,
            "eps": null,
            "eps_growth_year": null,
            "eps_4q": null,
            "eps_4q_growth_year": null,
            "roe": null,
            "roe_4q": 0,
            "gross_profit": null,
            "gross_margin": null,
            "gross_margin_4q_avg": 0,
            "net_income": null,
            "net_income_4q": null,
            "revenue": null,
            "revenue_4q": null,
            "common_shares": null,
            "book_valuer_per_share": null,
            "book_valuer_per_share_4q_avg": 0,
            "equity": null,
            "current_ratio": null,
            "debt_ratio": null,
            "inventory_turnover_ratio": null,
            "account_receivable_turnover_ratio": null,
            "reinvestment_rate": null,
            "research_to_sale_ratio": null,
            "price_fair": 0,
            "eps_avg_yearly": 0,
            "eps_latest_yearly": 0,
            "eps_growth_yearly": 0
        },
        "20031": {
            "year_quarter": 20031,
            "year": 2003,
            "quarter": 1,
            "eps": null,
            "eps_growth_year": null,
            "eps_4q": null,
            "eps_4q_growth_year": null,
            "roe": null,
            "roe_4q": 0,
            "gross_profit": null,
            "gross_margin": null,
            "gross_margin_4q_avg": 0,
            "net_income": null,
            "net_income_4q": null,
            "revenue": null,
            "revenue_4q": null,
            "common_shares": null,
            "book_valuer_per_share": null,
            "book_valuer_per_share_4q_avg": 0,
            "equity": null,
            "current_ratio": null,
            "debt_ratio": null,
            "inventory_turnover_ratio": null,
            "account_receivable_turnover_ratio": null,
            "reinvestment_rate": null,
            "research_to_sale_ratio": null,
            "price_fair": 0,
            "eps_avg_yearly": 0,
            "eps_latest_yearly": 0,
            "eps_growth_yearly": 0
        },
        "20032": {
            "year_quarter": 20032,
            "year": 2003,
            "quarter": 2,
            "eps": null,
            "eps_growth_year": null,
            "eps_4q": null,
            "eps_4q_growth_year": null,
            "roe": null,
            "roe_4q": 0,
            "gross_profit": null,
            "gross_margin": null,
            "gross_margin_4q_avg": 0,
            "net_income": null,
            "net_income_4q": null,
            "revenue": null,
            "revenue_4q": null,
            "common_shares": null,
            "book_valuer_per_share": null,
            "book_valuer_per_share_4q_avg": 0,
            "equity": null,
            "current_ratio": null,
            "debt_ratio": null,
            "inventory_turnover_ratio": null,
            "account_receivable_turnover_ratio": null,
            "reinvestment_rate": null,
            "research_to_sale_ratio": null,
            "price_fair": 0,
            "eps_avg_yearly": 0,
            "eps_latest_yearly": 0,
            "eps_growth_yearly": 0
        },
        "20033": {
            "year_quarter": 20033,
            "year": 2003,
            "quarter": 3,
            "eps": null,
            "eps_growth_year": null,
            "eps_4q": null,
            "eps_4q_growth_year": null,
            "roe": null,
            "roe_4q": 0,
            "gross_profit": null,
            "gross_margin": null,
            "gross_margin_4q_avg": 0,
            "net_income": null,
            "net_income_4q": null,
            "revenue": null,
            "revenue_4q": null,
            "common_shares": null,
            "book_valuer_per_share": null,
            "book_valuer_per_share_4q_avg": 0,
            "equity": null,
            "current_ratio": null,
            "debt_ratio": null,
            "inventory_turnover_ratio": null,
            "account_receivable_turnover_ratio": null,
            "reinvestment_rate": null,
            "research_to_sale_ratio": null,
            "price_fair": 0,
            "eps_avg_yearly": 0,
            "eps_latest_yearly": 0,
            "eps_growth_yearly": 0
        },
        "20034": {
            "year_quarter": 20034,
            "year": 2003,
            "quarter": 4,
            "eps": null,
            "eps_growth_year": null,
            "eps_4q": null,
            "eps_4q_growth_year": null,
            "roe": null,
            "roe_4q": 0,
            "gross_profit": null,
            "gross_margin": null,
            "gross_margin_4q_avg": 0,
            "net_income": null,
            "net_income_4q": null,
            "revenue": null,
            "revenue_4q": null,
            "common_shares": null,
            "book_valuer_per_share": null,
            "book_valuer_per_share_4q_avg": 0,
            "equity": null,
            "current_ratio": null,
            "debt_ratio": null,
            "inventory_turnover_ratio": null,
            "account_receivable_turnover_ratio": null,
            "reinvestment_rate": null,
            "research_to_sale_ratio": null,
            "price_fair": 0,
            "eps_avg_yearly": 0,
            "eps_latest_yearly": 0,
            "eps_growth_yearly": 0
        },
        "20041": {
            "year_quarter": 20041,
            "year": 2004,
            "quarter": 1,
            "eps": null,
            "eps_growth_year": null,
            "eps_4q": null,
            "eps_4q_growth_year": null,
            "roe": null,
            "roe_4q": 0,
            "gross_profit": null,
            "gross_margin": null,
            "gross_margin_4q_avg": 0,
            "net_income": null,
            "net_income_4q": null,
            "revenue": null,
            "revenue_4q": null,
            "common_shares": null,
            "book_valuer_per_share": null,
            "book_valuer_per_share_4q_avg": 0,
            "equity": null,
            "current_ratio": null,
            "debt_ratio": null,
            "inventory_turnover_ratio": null,
            "account_receivable_turnover_ratio": null,
            "reinvestment_rate": null,
            "research_to_sale_ratio": null,
            "price_fair": 0,
            "eps_avg_yearly": 0,
            "eps_latest_yearly": 0,
            "eps_growth_yearly": 0
        },
        "20042": {
            "year_quarter": 20042,
            "year": 2004,
            "quarter": 2,
            "eps": null,
            "eps_growth_year": null,
            "eps_4q": null,
            "eps_4q_growth_year": null,
            "roe": null,
            "roe_4q": 0,
            "gross_profit": null,
            "gross_margin": null,
            "gross_margin_4q_avg": 0,
            "net_income": null,
            "net_income_4q": null,
            "revenue": null,
            "revenue_4q": null,
            "common_shares": null,
            "book_valuer_per_share": null,
            "book_valuer_per_share_4q_avg": 0,
            "equity": null,
            "current_ratio": null,
            "debt_ratio": null,
            "inventory_turnover_ratio": null,
            "account_receivable_turnover_ratio": null,
            "reinvestment_rate": null,
            "research_to_sale_ratio": null,
            "price_fair": 0,
            "eps_avg_yearly": 0,
            "eps_latest_yearly": 0,
            "eps_growth_yearly": 0
        },
        "20043": {
            "year_quarter": 20043,
            "year": 2004,
            "quarter": 3,
            "eps": null,
            "eps_growth_year": null,
            "eps_4q": null,
            "eps_4q_growth_year": null,
            "roe": null,
            "roe_4q": 0,
            "gross_profit": null,
            "gross_margin": null,
            "gross_margin_4q_avg": 0,
            "net_income": null,
            "net_income_4q": null,
            "revenue": null,
            "revenue_4q": null,
            "common_shares": null,
            "book_valuer_per_share": null,
            "book_valuer_per_share_4q_avg": 0,
            "equity": null,
            "current_ratio": null,
            "debt_ratio": null,
            "inventory_turnover_ratio": null,
            "account_receivable_turnover_ratio": null,
            "reinvestment_rate": null,
            "research_to_sale_ratio": null,
            "price_fair": 0,
            "eps_avg_yearly": 0,
            "eps_latest_yearly": 0,
            "eps_growth_yearly": 0
        },
        "20044": {
            "year_quarter": 20044,
            "year": 2004,
            "quarter": 4,
            "eps": null,
            "eps_growth_year": null,
            "eps_4q": null,
            "eps_4q_growth_year": null,
            "roe": null,
            "roe_4q": 0,
            "gross_profit": null,
            "gross_margin": null,
            "gross_margin_4q_avg": 0,
            "net_income": null,
            "net_income_4q": null,
            "revenue": null,
            "revenue_4q": null,
            "common_shares": null,
            "book_valuer_per_share": null,
            "book_valuer_per_share_4q_avg": 0,
            "equity": null,
            "current_ratio": null,
            "debt_ratio": null,
            "inventory_turnover_ratio": null,
            "account_receivable_turnover_ratio": null,
            "reinvestment_rate": null,
            "research_to_sale_ratio": null,
            "price_fair": 0,
            "eps_avg_yearly": 0,
            "eps_latest_yearly": 0,
            "eps_growth_yearly": 0
        },
        "20051": {
            "year_quarter": 20051,
            "year": 2005,
            "quarter": 1,
            "eps": null,
            "eps_growth_year": null,
            "eps_4q": null,
            "eps_4q_growth_year": null,
            "roe": null,
            "roe_4q": 0,
            "gross_profit": null,
            "gross_margin": null,
            "gross_margin_4q_avg": 0,
            "net_income": null,
            "net_income_4q": null,
            "revenue": null,
            "revenue_4q": null,
            "common_shares": null,
            "book_valuer_per_share": null,
            "book_valuer_per_share_4q_avg": 0,
            "equity": null,
            "current_ratio": null,
            "debt_ratio": null,
            "inventory_turnover_ratio": null,
            "account_receivable_turnover_ratio": null,
            "reinvestment_rate": null,
            "research_to_sale_ratio": null,
            "price_fair": 0,
            "eps_avg_yearly": 0,
            "eps_latest_yearly": 0,
            "eps_growth_yearly": 0
        },
        "20052": {
            "year_quarter": 20052,
            "year": 2005,
            "quarter": 2,
            "eps": null,
            "eps_growth_year": null,
            "eps_4q": null,
            "eps_4q_growth_year": null,
            "roe": null,
            "roe_4q": 0,
            "gross_profit": null,
            "gross_margin": null,
            "gross_margin_4q_avg": 0,
            "net_income": null,
            "net_income_4q": null,
            "revenue": null,
            "revenue_4q": null,
            "common_shares": null,
            "book_valuer_per_share": null,
            "book_valuer_per_share_4q_avg": 0,
            "equity": null,
            "current_ratio": null,
            "debt_ratio": null,
            "inventory_turnover_ratio": null,
            "account_receivable_turnover_ratio": null,
            "reinvestment_rate": null,
            "research_to_sale_ratio": null,
            "price_fair": 0,
            "eps_avg_yearly": 0,
            "eps_latest_yearly": 0,
            "eps_growth_yearly": 0
        },
        "20053": {
            "year_quarter": 20053,
            "year": 2005,
            "quarter": 3,
            "eps": null,
            "eps_growth_year": null,
            "eps_4q": null,
            "eps_4q_growth_year": null,
            "roe": null,
            "roe_4q": 0,
            "gross_profit": null,
            "gross_margin": null,
            "gross_margin_4q_avg": 0,
            "net_income": null,
            "net_income_4q": null,
            "revenue": null,
            "revenue_4q": null,
            "common_shares": null,
            "book_valuer_per_share": null,
            "book_valuer_per_share_4q_avg": 0,
            "equity": null,
            "current_ratio": null,
            "debt_ratio": null,
            "inventory_turnover_ratio": null,
            "account_receivable_turnover_ratio": null,
            "reinvestment_rate": null,
            "research_to_sale_ratio": null,
            "price_fair": 0,
            "eps_avg_yearly": 0,
            "eps_latest_yearly": 0,
            "eps_growth_yearly": 0
        },
        "20054": {
            "year_quarter": 20054,
            "year": 2005,
            "quarter": 4,
            "eps": null,
            "eps_growth_year": null,
            "eps_4q": null,
            "eps_4q_growth_year": null,
            "roe": null,
            "roe_4q": 0,
            "gross_profit": null,
            "gross_margin": null,
            "gross_margin_4q_avg": 0,
            "net_income": null,
            "net_income_4q": null,
            "revenue": null,
            "revenue_4q": null,
            "common_shares": null,
            "book_valuer_per_share": null,
            "book_valuer_per_share_4q_avg": 0,
            "equity": null,
            "current_ratio": null,
            "debt_ratio": null,
            "inventory_turnover_ratio": null,
            "account_receivable_turnover_ratio": null,
            "reinvestment_rate": null,
            "research_to_sale_ratio": null,
            "price_fair": 0,
            "eps_avg_yearly": 0,
            "eps_latest_yearly": 0,
            "eps_growth_yearly": 0
        },
        "20061": {
            "year_quarter": 20061,
            "year": 2006,
            "quarter": 1,
            "eps": null,
            "eps_growth_year": null,
            "eps_4q": null,
            "eps_4q_growth_year": null,
            "roe": null,
            "roe_4q": 0,
            "gross_profit": null,
            "gross_margin": null,
            "gross_margin_4q_avg": 0,
            "net_income": null,
            "net_income_4q": null,
            "revenue": null,
            "revenue_4q": null,
            "common_shares": null,
            "book_valuer_per_share": null,
            "book_valuer_per_share_4q_avg": 0,
            "equity": null,
            "current_ratio": null,
            "debt_ratio": null,
            "inventory_turnover_ratio": null,
            "account_receivable_turnover_ratio": null,
            "reinvestment_rate": null,
            "research_to_sale_ratio": null,
            "price_fair": 0,
            "eps_avg_yearly": 0,
            "eps_latest_yearly": 0,
            "eps_growth_yearly": 0
        },
        "20062": {
            "year_quarter": 20062,
            "year": 2006,
            "quarter": 2,
            "eps": null,
            "eps_growth_year": null,
            "eps_4q": null,
            "eps_4q_growth_year": null,
            "roe": null,
            "roe_4q": 0,
            "gross_profit": null,
            "gross_margin": null,
            "gross_margin_4q_avg": 0,
            "net_income": null,
            "net_income_4q": null,
            "revenue": null,
            "revenue_4q": null,
            "common_shares": null,
            "book_valuer_per_share": null,
            "book_valuer_per_share_4q_avg": 0,
            "equity": null,
            "current_ratio": null,
            "debt_ratio": null,
            "inventory_turnover_ratio": null,
            "account_receivable_turnover_ratio": null,
            "reinvestment_rate": null,
            "research_to_sale_ratio": null,
            "price_fair": 0,
            "eps_avg_yearly": 0,
            "eps_latest_yearly": 0,
            "eps_growth_yearly": 0
        },
        "20063": {
            "year_quarter": 20063,
            "year": 2006,
            "quarter": 3,
            "eps": null,
            "eps_growth_year": null,
            "eps_4q": null,
            "eps_4q_growth_year": null,
            "roe": null,
            "roe_4q": 0,
            "gross_profit": null,
            "gross_margin": null,
            "gross_margin_4q_avg": 0,
            "net_income": null,
            "net_income_4q": null,
            "revenue": null,
            "revenue_4q": null,
            "common_shares": null,
            "book_valuer_per_share": null,
            "book_valuer_per_share_4q_avg": 0,
            "equity": null,
            "current_ratio": null,
            "debt_ratio": null,
            "inventory_turnover_ratio": null,
            "account_receivable_turnover_ratio": null,
            "reinvestment_rate": null,
            "research_to_sale_ratio": null,
            "price_fair": 0,
            "eps_avg_yearly": 0,
            "eps_latest_yearly": 0,
            "eps_growth_yearly": 0
        },
        "20064": {
            "year_quarter": 20064,
            "year": 2006,
            "quarter": 4,
            "eps": null,
            "eps_growth_year": null,
            "eps_4q": null,
            "eps_4q_growth_year": null,
            "roe": null,
            "roe_4q": 0,
            "gross_profit": null,
            "gross_margin": null,
            "gross_margin_4q_avg": 0,
            "net_income": null,
            "net_income_4q": null,
            "revenue": null,
            "revenue_4q": null,
            "common_shares": null,
            "book_valuer_per_share": null,
            "book_valuer_per_share_4q_avg": 0,
            "equity": null,
            "current_ratio": null,
            "debt_ratio": null,
            "inventory_turnover_ratio": null,
            "account_receivable_turnover_ratio": null,
            "reinvestment_rate": null,
            "research_to_sale_ratio": null,
            "price_fair": 0,
            "eps_avg_yearly": 0,
            "eps_latest_yearly": 0,
            "eps_growth_yearly": 0
        },
        "20071": {
            "year_quarter": 20071,
            "year": 2007,
            "quarter": 1,
            "eps": null,
            "eps_growth_year": null,
            "eps_4q": null,
            "eps_4q_growth_year": null,
            "roe": null,
            "roe_4q": 0,
            "gross_profit": null,
            "gross_margin": null,
            "gross_margin_4q_avg": 0,
            "net_income": null,
            "net_income_4q": null,
            "revenue": null,
            "revenue_4q": null,
            "common_shares": null,
            "book_valuer_per_share": null,
            "book_valuer_per_share_4q_avg": 0,
            "equity": null,
            "current_ratio": null,
            "debt_ratio": null,
            "inventory_turnover_ratio": null,
            "account_receivable_turnover_ratio": null,
            "reinvestment_rate": null,
            "research_to_sale_ratio": null,
            "price_fair": 0,
            "eps_avg_yearly": 0,
            "eps_latest_yearly": 0,
            "eps_growth_yearly": 0
        },
        "20072": {
            "year_quarter": 20072,
            "year": 2007,
            "quarter": 2,
            "eps": null,
            "eps_growth_year": null,
            "eps_4q": null,
            "eps_4q_growth_year": null,
            "roe": null,
            "roe_4q": 0,
            "gross_profit": null,
            "gross_margin": null,
            "gross_margin_4q_avg": 0,
            "net_income": null,
            "net_income_4q": null,
            "revenue": null,
            "revenue_4q": null,
            "common_shares": null,
            "book_valuer_per_share": null,
            "book_valuer_per_share_4q_avg": 0,
            "equity": null,
            "current_ratio": null,
            "debt_ratio": null,
            "inventory_turnover_ratio": null,
            "account_receivable_turnover_ratio": null,
            "reinvestment_rate": null,
            "research_to_sale_ratio": null,
            "price_fair": 0,
            "eps_avg_yearly": 0,
            "eps_latest_yearly": 0,
            "eps_growth_yearly": 0
        },
        "20073": {
            "year_quarter": 20073,
            "year": 2007,
            "quarter": 3,
            "eps": null,
            "eps_growth_year": null,
            "eps_4q": null,
            "eps_4q_growth_year": null,
            "roe": null,
            "roe_4q": 0,
            "gross_profit": null,
            "gross_margin": null,
            "gross_margin_4q_avg": 0,
            "net_income": null,
            "net_income_4q": null,
            "revenue": null,
            "revenue_4q": null,
            "common_shares": null,
            "book_valuer_per_share": null,
            "book_valuer_per_share_4q_avg": 0,
            "equity": null,
            "current_ratio": null,
            "debt_ratio": null,
            "inventory_turnover_ratio": null,
            "account_receivable_turnover_ratio": null,
            "reinvestment_rate": null,
            "research_to_sale_ratio": null,
            "price_fair": 0,
            "eps_avg_yearly": 0,
            "eps_latest_yearly": 0,
            "eps_growth_yearly": 0
        },
        "20074": {
            "year_quarter": 20074,
            "year": 2007,
            "quarter": 4,
            "eps": null,
            "eps_growth_year": null,
            "eps_4q": null,
            "eps_4q_growth_year": null,
            "roe": null,
            "roe_4q": 0,
            "gross_profit": null,
            "gross_margin": null,
            "gross_margin_4q_avg": 0,
            "net_income": null,
            "net_income_4q": null,
            "revenue": null,
            "revenue_4q": null,
            "common_shares": null,
            "book_valuer_per_share": null,
            "book_valuer_per_share_4q_avg": 0,
            "equity": null,
            "current_ratio": null,
            "debt_ratio": null,
            "inventory_turnover_ratio": null,
            "account_receivable_turnover_ratio": null,
            "reinvestment_rate": null,
            "research_to_sale_ratio": null,
            "price_fair": 0,
            "eps_avg_yearly": 0,
            "eps_latest_yearly": 0,
            "eps_growth_yearly": 0
        },
        "20081": {
            "year_quarter": 20081,
            "year": 2008,
            "quarter": 1,
            "eps": null,
            "eps_growth_year": null,
            "eps_4q": null,
            "eps_4q_growth_year": null,
            "roe": null,
            "roe_4q": 0,
            "gross_profit": null,
            "gross_margin": null,
            "gross_margin_4q_avg": 0,
            "net_income": null,
            "net_income_4q": null,
            "revenue": null,
            "revenue_4q": null,
            "common_shares": null,
            "book_valuer_per_share": null,
            "book_valuer_per_share_4q_avg": 0,
            "equity": null,
            "current_ratio": null,
            "debt_ratio": null,
            "inventory_turnover_ratio": null,
            "account_receivable_turnover_ratio": null,
            "reinvestment_rate": null,
            "research_to_sale_ratio": null,
            "price_fair": 0,
            "eps_avg_yearly": 0,
            "eps_latest_yearly": 0,
            "eps_growth_yearly": 0
        },
        "20082": {
            "year_quarter": 20082,
            "year": 2008,
            "quarter": 2,
            "eps": null,
            "eps_growth_year": null,
            "eps_4q": null,
            "eps_4q_growth_year": null,
            "roe": null,
            "roe_4q": 0,
            "gross_profit": null,
            "gross_margin": null,
            "gross_margin_4q_avg": 0,
            "net_income": null,
            "net_income_4q": null,
            "revenue": null,
            "revenue_4q": null,
            "common_shares": null,
            "book_valuer_per_share": null,
            "book_valuer_per_share_4q_avg": 0,
            "equity": null,
            "current_ratio": null,
            "debt_ratio": null,
            "inventory_turnover_ratio": null,
            "account_receivable_turnover_ratio": null,
            "reinvestment_rate": null,
            "research_to_sale_ratio": null,
            "price_fair": 0,
            "eps_avg_yearly": 0,
            "eps_latest_yearly": 0,
            "eps_growth_yearly": 0
        },
        "20083": {
            "year_quarter": 20083,
            "year": 2008,
            "quarter": 3,
            "eps": null,
            "eps_growth_year": null,
            "eps_4q": null,
            "eps_4q_growth_year": null,
            "roe": null,
            "roe_4q": 0,
            "gross_profit": null,
            "gross_margin": null,
            "gross_margin_4q_avg": 0,
            "net_income": null,
            "net_income_4q": null,
            "revenue": null,
            "revenue_4q": null,
            "common_shares": null,
            "book_valuer_per_share": null,
            "book_valuer_per_share_4q_avg": 0,
            "equity": null,
            "current_ratio": null,
            "debt_ratio": null,
            "inventory_turnover_ratio": null,
            "account_receivable_turnover_ratio": null,
            "reinvestment_rate": null,
            "research_to_sale_ratio": null,
            "price_fair": 0,
            "eps_avg_yearly": 0,
            "eps_latest_yearly": 0,
            "eps_growth_yearly": 0
        },
        "20084": {
            "year_quarter": 20084,
            "year": 2008,
            "quarter": 4,
            "eps": null,
            "eps_growth_year": null,
            "eps_4q": null,
            "eps_4q_growth_year": null,
            "roe": null,
            "roe_4q": 0,
            "gross_profit": null,
            "gross_margin": null,
            "gross_margin_4q_avg": 0,
            "net_income": null,
            "net_income_4q": null,
            "revenue": null,
            "revenue_4q": null,
            "common_shares": 150000,
            "book_valuer_per_share": 10,
            "book_valuer_per_share_4q_avg": 2.5,
            "equity": 150000,
            "current_ratio": 278.74,
            "debt_ratio": 35.48,
            "inventory_turnover_ratio": null,
            "account_receivable_turnover_ratio": null,
            "reinvestment_rate": null,
            "research_to_sale_ratio": null,
            "price_fair": 0,
            "eps_avg_yearly": 0,
            "eps_latest_yearly": 0,
            "eps_growth_yearly": 0
        },
        "20091": {
            "year_quarter": 20091,
            "year": 2009,
            "quarter": 1,
            "eps": null,
            "eps_growth_year": null,
            "eps_4q": null,
            "eps_4q_growth_year": null,
            "roe": null,
            "roe_4q": 0,
            "gross_profit": null,
            "gross_margin": null,
            "gross_margin_4q_avg": 0,
            "net_income": null,
            "net_income_4q": null,
            "revenue": null,
            "revenue_4q": null,
            "common_shares": null,
            "book_valuer_per_share": null,
            "book_valuer_per_share_4q_avg": 2.5,
            "equity": null,
            "current_ratio": null,
            "debt_ratio": null,
            "inventory_turnover_ratio": null,
            "account_receivable_turnover_ratio": null,
            "reinvestment_rate": null,
            "research_to_sale_ratio": null,
            "price_fair": 0,
            "eps_avg_yearly": 0,
            "eps_latest_yearly": 0,
            "eps_growth_yearly": 0
        },
        "20092": {
            "year_quarter": 20092,
            "year": 2009,
            "quarter": 2,
            "eps": null,
            "eps_growth_year": null,
            "eps_4q": null,
            "eps_4q_growth_year": null,
            "roe": null,
            "roe_4q": 0,
            "gross_profit": null,
            "gross_margin": null,
            "gross_margin_4q_avg": 0,
            "net_income": null,
            "net_income_4q": null,
            "revenue": null,
            "revenue_4q": null,
            "common_shares": null,
            "book_valuer_per_share": null,
            "book_valuer_per_share_4q_avg": 2.5,
            "equity": null,
            "current_ratio": null,
            "debt_ratio": null,
            "inventory_turnover_ratio": null,
            "account_receivable_turnover_ratio": null,
            "reinvestment_rate": null,
            "research_to_sale_ratio": null,
            "price_fair": 0,
            "eps_avg_yearly": 0,
            "eps_latest_yearly": 0,
            "eps_growth_yearly": 0
        },
        "20093": {
            "year_quarter": 20093,
            "year": 2009,
            "quarter": 3,
            "eps": null,
            "eps_growth_year": null,
            "eps_4q": null,
            "eps_4q_growth_year": null,
            "roe": null,
            "roe_4q": 0,
            "gross_profit": null,
            "gross_margin": null,
            "gross_margin_4q_avg": 0,
            "net_income": null,
            "net_income_4q": null,
            "revenue": null,
            "revenue_4q": null,
            "common_shares": null,
            "book_valuer_per_share": null,
            "book_valuer_per_share_4q_avg": 2.5,
            "equity": null,
            "current_ratio": null,
            "debt_ratio": null,
            "inventory_turnover_ratio": null,
            "account_receivable_turnover_ratio": null,
            "reinvestment_rate": null,
            "research_to_sale_ratio": null,
            "price_fair": 0,
            "eps_avg_yearly": 0,
            "eps_latest_yearly": 0,
            "eps_growth_yearly": 0
        },
        "20094": {
            "year_quarter": 20094,
            "year": 2009,
            "quarter": 4,
            "eps": null,
            "eps_growth_year": null,
            "eps_4q": null,
            "eps_4q_growth_year": null,
            "roe": null,
            "roe_4q": 0,
            "gross_profit": null,
            "gross_margin": null,
            "gross_margin_4q_avg": 0,
            "net_income": null,
            "net_income_4q": null,
            "revenue": null,
            "revenue_4q": null,
            "common_shares": 150000,
            "book_valuer_per_share": 10,
            "book_valuer_per_share_4q_avg": 2.5,
            "equity": 150000,
            "current_ratio": 278.82,
            "debt_ratio": 35.74,
            "inventory_turnover_ratio": null,
            "account_receivable_turnover_ratio": null,
            "reinvestment_rate": null,
            "research_to_sale_ratio": null,
            "price_fair": 0,
            "eps_avg_yearly": 0,
            "eps_latest_yearly": 0,
            "eps_growth_yearly": 0
        },
        "20101": {
            "year_quarter": 20101,
            "year": 2010,
            "quarter": 1,
            "eps": null,
            "eps_growth_year": null,
            "eps_4q": null,
            "eps_4q_growth_year": null,
            "roe": null,
            "roe_4q": 0,
            "gross_profit": null,
            "gross_margin": null,
            "gross_margin_4q_avg": 0,
            "net_income": null,
            "net_income_4q": null,
            "revenue": null,
            "revenue_4q": null,
            "common_shares": null,
            "book_valuer_per_share": null,
            "book_valuer_per_share_4q_avg": 2.5,
            "equity": null,
            "current_ratio": null,
            "debt_ratio": null,
            "inventory_turnover_ratio": null,
            "account_receivable_turnover_ratio": null,
            "reinvestment_rate": null,
            "research_to_sale_ratio": null,
            "price_fair": 0,
            "eps_avg_yearly": 0,
            "eps_latest_yearly": 0,
            "eps_growth_yearly": 0
        },
        "20102": {
            "year_quarter": 20102,
            "year": 2010,
            "quarter": 2,
            "eps": null,
            "eps_growth_year": null,
            "eps_4q": null,
            "eps_4q_growth_year": null,
            "roe": null,
            "roe_4q": 0,
            "gross_profit": null,
            "gross_margin": null,
            "gross_margin_4q_avg": 0,
            "net_income": null,
            "net_income_4q": null,
            "revenue": null,
            "revenue_4q": null,
            "common_shares": 0,
            "book_valuer_per_share": null,
            "book_valuer_per_share_4q_avg": 2.5,
            "equity": 0,
            "current_ratio": null,
            "debt_ratio": null,
            "inventory_turnover_ratio": null,
            "account_receivable_turnover_ratio": null,
            "reinvestment_rate": null,
            "research_to_sale_ratio": null,
            "price_fair": 0,
            "eps_avg_yearly": 0,
            "eps_latest_yearly": 0,
            "eps_growth_yearly": 0
        },
        "20103": {
            "year_quarter": 20103,
            "year": 2010,
            "quarter": 3,
            "eps": null,
            "eps_growth_year": null,
            "eps_4q": null,
            "eps_4q_growth_year": null,
            "roe": null,
            "roe_4q": 0,
            "gross_profit": null,
            "gross_margin": null,
            "gross_margin_4q_avg": 0,
            "net_income": null,
            "net_income_4q": null,
            "revenue": null,
            "revenue_4q": null,
            "common_shares": null,
            "book_valuer_per_share": null,
            "book_valuer_per_share_4q_avg": 2.5,
            "equity": null,
            "current_ratio": null,
            "debt_ratio": null,
            "inventory_turnover_ratio": null,
            "account_receivable_turnover_ratio": null,
            "reinvestment_rate": null,
            "research_to_sale_ratio": null,
            "price_fair": 0,
            "eps_avg_yearly": 0,
            "eps_latest_yearly": 0,
            "eps_growth_yearly": 0
        },
        "20104": {
            "year_quarter": 20104,
            "year": 2010,
            "quarter": 4,
            "eps": null,
            "eps_growth_year": null,
            "eps_4q": null,
            "eps_4q_growth_year": null,
            "roe": null,
            "roe_4q": 0,
            "gross_profit": 119140,
            "gross_margin": null,
            "gross_margin_4q_avg": 0,
            "net_income": 29337,
            "net_income_4q": null,
            "revenue": 168709,
            "revenue_4q": null,
            "common_shares": 250000,
            "book_valuer_per_share": 19.73,
            "book_valuer_per_share_4q_avg": 4.93,
            "equity": 493144,
            "current_ratio": 791.97,
            "debt_ratio": 12.44,
            "inventory_turnover_ratio": null,
            "account_receivable_turnover_ratio": null,
            "reinvestment_rate": null,
            "research_to_sale_ratio": null,
            "price_fair": 0,
            "eps_avg_yearly": 0,
            "eps_latest_yearly": 0,
            "eps_growth_yearly": 0
        },
        "20111": {
            "year_quarter": 20111,
            "year": 2011,
            "quarter": 1,
            "eps": null,
            "eps_growth_year": null,
            "eps_4q": null,
            "eps_4q_growth_year": null,
            "roe": null,
            "roe_4q": 0,
            "gross_profit": 121401,
            "gross_margin": null,
            "gross_margin_4q_avg": 0,
            "net_income": 53012,
            "net_income_4q": null,
            "revenue": 172442,
            "revenue_4q": null,
            "common_shares": 250000,
            "book_valuer_per_share": 21.85,
            "book_valuer_per_share_4q_avg": 10.4,
            "equity": 546156,
            "current_ratio": 923.54,
            "debt_ratio": 10.63,
            "inventory_turnover_ratio": null,
            "account_receivable_turnover_ratio": null,
            "reinvestment_rate": null,
            "research_to_sale_ratio": null,
            "price_fair": 0,
            "eps_avg_yearly": 0,
            "eps_latest_yearly": 0,
            "eps_growth_yearly": 0
        },
        "20112": {
            "year_quarter": 20112,
            "year": 2011,
            "quarter": 2,
            "eps": 1.46,
            "eps_growth_year": null,
            "eps_4q": null,
            "eps_4q_growth_year": null,
            "roe": 7.28,
            "roe_4q": 7.28,
            "gross_profit": 112213,
            "gross_margin": 70.97,
            "gross_margin_4q_avg": 17.74,
            "net_income": 40984,
            "net_income_4q": null,
            "revenue": 158106,
            "revenue_4q": null,
            "common_shares": 250000,
            "book_valuer_per_share": 23.19,
            "book_valuer_per_share_4q_avg": 16.19,
            "equity": 579640,
            "current_ratio": 721.06,
            "debt_ratio": 13.46,
            "inventory_turnover_ratio": 1.38,
            "account_receivable_turnover_ratio": 1.8,
            "reinvestment_rate": null,
            "research_to_sale_ratio": null,
            "price_fair": 0,
            "eps_avg_yearly": 0,
            "eps_latest_yearly": 0,
            "eps_growth_yearly": 0
        },
        "20113": {
            "year_quarter": 20113,
            "year": 2011,
            "quarter": 3,
            "eps": null,
            "eps_growth_year": null,
            "eps_4q": null,
            "eps_4q_growth_year": null,
            "roe": null,
            "roe_4q": 7.28,
            "gross_profit": 117854,
            "gross_margin": null,
            "gross_margin_4q_avg": 17.74,
            "net_income": 41391,
            "net_income_4q": null,
            "revenue": 166197,
            "revenue_4q": null,
            "common_shares": 280000,
            "book_valuer_per_share": 22.18,
            "book_valuer_per_share_4q_avg": 21.74,
            "equity": 621030,
            "current_ratio": 645.58,
            "debt_ratio": 12.78,
            "inventory_turnover_ratio": null,
            "account_receivable_turnover_ratio": null,
            "reinvestment_rate": null,
            "research_to_sale_ratio": null,
            "price_fair": 0,
            "eps_avg_yearly": 0,
            "eps_latest_yearly": 0,
            "eps_growth_yearly": 0
        },
        "20114": {
            "year_quarter": 20114,
            "year": 2011,
            "quarter": 4,
            "eps": null,
            "eps_growth_year": null,
            "eps_4q": null,
            "eps_4q_growth_year": null,
            "roe": null,
            "roe_4q": 7.28,
            "gross_profit": 115014,
            "gross_margin": null,
            "gross_margin_4q_avg": 17.74,
            "net_income": 33249,
            "net_income_4q": null,
            "revenue": 163205,
            "revenue_4q": null,
            "common_shares": 280000,
            "book_valuer_per_share": 23.37,
            "book_valuer_per_share_4q_avg": 22.65,
            "equity": 654280,
            "current_ratio": 604.72,
            "debt_ratio": 13.7,
            "inventory_turnover_ratio": null,
            "account_receivable_turnover_ratio": null,
            "reinvestment_rate": null,
            "research_to_sale_ratio": null,
            "price_fair": 0,
            "eps_avg_yearly": 0,
            "eps_latest_yearly": 0,
            "eps_growth_yearly": 0
        },
        "20121": {
            "year_quarter": 20121,
            "year": 2012,
            "quarter": 1,
            "eps": 1.65,
            "eps_growth_year": null,
            "eps_4q": 3.12,
            "eps_4q_growth_year": null,
            "roe": 6.83,
            "roe_4q": 14.11,
            "gross_profit": 117756,
            "gross_margin": 68.87,
            "gross_margin_4q_avg": 34.96,
            "net_income": 46256,
            "net_income_4q": null,
            "revenue": 170987,
            "revenue_4q": null,
            "common_shares": 280000,
            "book_valuer_per_share": 25.02,
            "book_valuer_per_share_4q_avg": 23.44,
            "equity": 700536,
            "current_ratio": 666.26,
            "debt_ratio": 12.61,
            "inventory_turnover_ratio": 1.64,
            "account_receivable_turnover_ratio": 0.92,
            "reinvestment_rate": null,
            "research_to_sale_ratio": 7.32,
            "price_fair": 0,
            "eps_avg_yearly": 0,
            "eps_latest_yearly": 0,
            "eps_growth_yearly": 0
        },
        "20122": {
            "year_quarter": 20122,
            "year": 2012,
            "quarter": 2,
            "eps": 0.81,
            "eps_growth_year": -44.8,
            "eps_4q": 2.13,
            "eps_4q_growth_year": null,
            "roe": 3.4,
            "roe_4q": 10.23,
            "gross_profit": 101331,
            "gross_margin": 74.06,
            "gross_margin_4q_avg": 35.73,
            "net_income": 28202,
            "net_income_4q": null,
            "revenue": 136821,
            "revenue_4q": null,
            "common_shares": 317340,
            "book_valuer_per_share": 30.2,
            "book_valuer_per_share_4q_avg": 25.19,
            "equity": 958413,
            "current_ratio": 501.72,
            "debt_ratio": 17.73,
            "inventory_turnover_ratio": 1.06,
            "account_receivable_turnover_ratio": 0.73,
            "reinvestment_rate": null,
            "research_to_sale_ratio": 11.82,
            "price_fair": 9.72,
            "eps_avg_yearly": 3.24,
            "eps_latest_yearly": 3.24,
            "eps_growth_yearly": -203.64
        },
        "20123": {
            "year_quarter": 20123,
            "year": 2012,
            "quarter": 3,
            "eps": 0.96,
            "eps_growth_year": null,
            "eps_4q": 3.09,
            "eps_4q_growth_year": null,
            "roe": 3.43,
            "roe_4q": 13.66,
            "gross_profit": 101537,
            "gross_margin": 70.27,
            "gross_margin_4q_avg": 53.3,
            "net_income": 33496,
            "net_income_4q": null,
            "revenue": 144501,
            "revenue_4q": null,
            "common_shares": 349074,
            "book_valuer_per_share": 28.42,
            "book_valuer_per_share_4q_avg": 26.75,
            "equity": 991909,
            "current_ratio": 547.06,
            "debt_ratio": 16.32,
            "inventory_turnover_ratio": 1.19,
            "account_receivable_turnover_ratio": 0.78,
            "reinvestment_rate": null,
            "research_to_sale_ratio": 13.16,
            "price_fair": 10.62,
            "eps_avg_yearly": 3.54,
            "eps_latest_yearly": 3.84,
            "eps_growth_yearly": -64.78
        },
        "20124": {
            "year_quarter": 20124,
            "year": 2012,
            "quarter": 4,
            "eps": 0.96,
            "eps_growth_year": null,
            "eps_4q": 4.06,
            "eps_4q_growth_year": null,
            "roe": 3.33,
            "roe_4q": 16.990000000000002,
            "gross_profit": 101050,
            "gross_margin": 69.63,
            "gross_margin_4q_avg": 70.71,
            "net_income": 33602,
            "net_income_4q": null,
            "revenue": 145120,
            "revenue_4q": null,
            "common_shares": 349074,
            "book_valuer_per_share": 29.38,
            "book_valuer_per_share_4q_avg": 28.26,
            "equity": 1025511,
            "current_ratio": 1028.41,
            "debt_ratio": 8.64,
            "inventory_turnover_ratio": 1.34,
            "account_receivable_turnover_ratio": 0.83,
            "reinvestment_rate": null,
            "research_to_sale_ratio": 15.11,
            "price_fair": 10.92,
            "eps_avg_yearly": 3.64,
            "eps_latest_yearly": 3.84,
            "eps_growth_yearly": -43.19
        },
        "20131": {
            "year_quarter": 20131,
            "year": 2013,
            "quarter": 1,
            "eps": 0.95,
            "eps_growth_year": -42.42,
            "eps_4q": 3.68,
            "eps_4q_growth_year": 18.06,
            "roe": 3.18,
            "roe_4q": 13.34,
            "gross_profit": 104060,
            "gross_margin": 69.64,
            "gross_margin_4q_avg": 70.9,
            "net_income": 33105,
            "net_income_4q": null,
            "revenue": 149421,
            "revenue_4q": null,
            "common_shares": 349074,
            "book_valuer_per_share": 30.32,
            "book_valuer_per_share_4q_avg": 29.58,
            "equity": 1058256,
            "current_ratio": 1011.36,
            "debt_ratio": 8.78,
            "inventory_turnover_ratio": 1.53,
            "account_receivable_turnover_ratio": 0.87,
            "reinvestment_rate": null,
            "research_to_sale_ratio": 11,
            "price_fair": 11.04,
            "eps_avg_yearly": 3.68,
            "eps_latest_yearly": 3.8,
            "eps_growth_yearly": -33.43
        },
        "20132": {
            "year_quarter": 20132,
            "year": 2013,
            "quarter": 2,
            "eps": 0.96,
            "eps_growth_year": 18.83,
            "eps_4q": 3.57,
            "eps_4q_growth_year": 67.52,
            "roe": 3.6,
            "roe_4q": 13.54,
            "gross_profit": 103518,
            "gross_margin": 69.41,
            "gross_margin_4q_avg": 69.74,
            "net_income": 37000,
            "net_income_4q": null,
            "revenue": 149139,
            "revenue_4q": null,
            "common_shares": 349074,
            "book_valuer_per_share": 28.58,
            "book_valuer_per_share_4q_avg": 29.18,
            "equity": 997516,
            "current_ratio": 473.99,
            "debt_ratio": 18.28,
            "inventory_turnover_ratio": 1.37,
            "account_receivable_turnover_ratio": 0.85,
            "reinvestment_rate": null,
            "research_to_sale_ratio": 8.11,
            "price_fair": 11.14,
            "eps_avg_yearly": 3.71,
            "eps_latest_yearly": 3.84,
            "eps_growth_yearly": -25.9
        },
        "20133": {
            "year_quarter": 20133,
            "year": 2013,
            "quarter": 3,
            "eps": 0.67,
            "eps_growth_year": -30.18,
            "eps_4q": 3.37,
            "eps_4q_growth_year": 9.09,
            "roe": 2.56,
            "roe_4q": 12.67,
            "gross_profit": 106923,
            "gross_margin": 69.69,
            "gross_margin_4q_avg": 69.59,
            "net_income": 25833,
            "net_income_4q": null,
            "revenue": 153422,
            "revenue_4q": null,
            "common_shares": 383981,
            "book_valuer_per_share": 26.65,
            "book_valuer_per_share_4q_avg": 28.73,
            "equity": 1023349,
            "current_ratio": 535.31,
            "debt_ratio": 16.13,
            "inventory_turnover_ratio": 1.35,
            "account_receivable_turnover_ratio": 0.88,
            "reinvestment_rate": null,
            "research_to_sale_ratio": 15.2,
            "price_fair": 10.62,
            "eps_avg_yearly": 3.54,
            "eps_latest_yearly": 2.68,
            "eps_growth_yearly": -41.73
        },
        "20134": {
            "year_quarter": 20134,
            "year": 2013,
            "quarter": 4,
            "eps": 0.37,
            "eps_growth_year": -61.39,
            "eps_4q": 2.87,
            "eps_4q_growth_year": -29.22,
            "roe": 1.38,
            "roe_4q": 10.72,
            "gross_profit": 98569,
            "gross_margin": 67.92,
            "gross_margin_4q_avg": 69.17,
            "net_income": 14272,
            "net_income_4q": null,
            "revenue": 145120,
            "revenue_4q": null,
            "common_shares": 383981,
            "book_valuer_per_share": 27.02,
            "book_valuer_per_share_4q_avg": 28.14,
            "equity": 1037621,
            "current_ratio": 818.64,
            "debt_ratio": 10.6,
            "inventory_turnover_ratio": 1.23,
            "account_receivable_turnover_ratio": 0.84,
            "reinvestment_rate": null,
            "research_to_sale_ratio": 24.29,
            "price_fair": 9.74,
            "eps_avg_yearly": 3.25,
            "eps_latest_yearly": 1.48,
            "eps_growth_yearly": -61.35
        },
        "20141": {
            "year_quarter": 20141,
            "year": 2014,
            "quarter": 1,
            "eps": 0.71,
            "eps_growth_year": -25.26,
            "eps_4q": 2.72,
            "eps_4q_growth_year": -26.08,
            "roe": 2.6,
            "roe_4q": 10.14,
            "gross_profit": 93730,
            "gross_margin": 68.36,
            "gross_margin_4q_avg": 68.85,
            "net_income": 27302,
            "net_income_4q": null,
            "revenue": 137107,
            "revenue_4q": null,
            "common_shares": 383981,
            "book_valuer_per_share": 27.73,
            "book_valuer_per_share_4q_avg": 27.5,
            "equity": 1064923,
            "current_ratio": 1013.3,
            "debt_ratio": 8.59,
            "inventory_turnover_ratio": 1.02,
            "account_receivable_turnover_ratio": 0.85,
            "reinvestment_rate": null,
            "research_to_sale_ratio": 15.93,
            "price_fair": 9.59,
            "eps_avg_yearly": 3.2,
            "eps_latest_yearly": 2.84,
            "eps_growth_yearly": -7.74
        },
        "20142": {
            "year_quarter": 20142,
            "year": 2014,
            "quarter": 2,
            "eps": 0.78,
            "eps_growth_year": -18.75,
            "eps_4q": 2.53,
            "eps_4q_growth_year": -29.14,
            "roe": 2.91,
            "roe_4q": 9.45,
            "gross_profit": 99394,
            "gross_margin": 67.75,
            "gross_margin_4q_avg": 68.43,
            "net_income": 29810,
            "net_income_4q": null,
            "revenue": 146700,
            "revenue_4q": null,
            "common_shares": 383981,
            "book_valuer_per_share": 25.71,
            "book_valuer_per_share_4q_avg": 26.78,
            "equity": 987218,
            "current_ratio": 437.44,
            "debt_ratio": 18.77,
            "inventory_turnover_ratio": 1.28,
            "account_receivable_turnover_ratio": 0.93,
            "reinvestment_rate": null,
            "research_to_sale_ratio": 8.59,
            "price_fair": 9.56,
            "eps_avg_yearly": 3.19,
            "eps_latest_yearly": 3.12,
            "eps_growth_yearly": -2.49
        },
        "20143": {
            "year_quarter": 20143,
            "year": 2014,
            "quarter": 3,
            "eps": 0.24,
            "eps_growth_year": -64.18,
            "eps_4q": 2.1,
            "eps_4q_growth_year": -37.67,
            "roe": 0.94,
            "roe_4q": 7.83,
            "gross_profit": 89817,
            "gross_margin": 65.99,
            "gross_margin_4q_avg": 67.51,
            "net_income": 9359,
            "net_income_4q": null,
            "revenue": 136100,
            "revenue_4q": null,
            "common_shares": 383981,
            "book_valuer_per_share": 25.95,
            "book_valuer_per_share_4q_avg": 26.6,
            "equity": 996577,
            "current_ratio": 768.1,
            "debt_ratio": 10.5,
            "inventory_turnover_ratio": 1.39,
            "account_receivable_turnover_ratio": 0.86,
            "reinvestment_rate": 35.42,
            "research_to_sale_ratio": 20.13,
            "price_fair": 8.89,
            "eps_avg_yearly": 2.96,
            "eps_latest_yearly": 0.96,
            "eps_growth_yearly": -29.94
        },
        "20144": {
            "year_quarter": 20144,
            "year": 2014,
            "quarter": 4,
            "eps": 0.21,
            "eps_growth_year": -44.16,
            "eps_4q": 1.94,
            "eps_4q_growth_year": -32.46,
            "roe": 0.8,
            "roe_4q": 7.25,
            "gross_profit": 93320,
            "gross_margin": 65.81,
            "gross_margin_4q_avg": 66.98,
            "net_income": 7969,
            "net_income_4q": null,
            "revenue": 141807,
            "revenue_4q": null,
            "common_shares": 383981,
            "book_valuer_per_share": 26.16,
            "book_valuer_per_share_4q_avg": 26.39,
            "equity": 1004546,
            "current_ratio": 895.33,
            "debt_ratio": 9.03,
            "inventory_turnover_ratio": 1.43,
            "account_receivable_turnover_ratio": 0.93,
            "reinvestment_rate": 36.21,
            "research_to_sale_ratio": 16.99,
            "price_fair": 8.31,
            "eps_avg_yearly": 2.77,
            "eps_latest_yearly": 0.84,
            "eps_growth_yearly": -31.76
        },
        "20151": {
            "year_quarter": 20151,
            "year": 2015,
            "quarter": 1,
            "eps": 0.32,
            "eps_growth_year": -54.93,
            "eps_4q": 1.54,
            "eps_4q_growth_year": -43.2,
            "roe": 1.2,
            "roe_4q": 5.85,
            "gross_profit": 86632,
            "gross_margin": 67.2,
            "gross_margin_4q_avg": 66.69,
            "net_income": 12169,
            "net_income_4q": null,
            "revenue": 128920,
            "revenue_4q": null,
            "common_shares": 383981,
            "book_valuer_per_share": 26.48,
            "book_valuer_per_share_4q_avg": 26.08,
            "equity": 1016715,
            "current_ratio": 910.49,
            "debt_ratio": 8.94,
            "inventory_turnover_ratio": 1.19,
            "account_receivable_turnover_ratio": 0.86,
            "reinvestment_rate": 38.42,
            "research_to_sale_ratio": 19.55,
            "price_fair": 7.94,
            "eps_avg_yearly": 2.65,
            "eps_latest_yearly": 1.28,
            "eps_growth_yearly": -11.65
        },
        "20152": {
            "year_quarter": 20152,
            "year": 2015,
            "quarter": 2,
            "eps": 0.66,
            "eps_growth_year": -15.38,
            "eps_4q": 1.42,
            "eps_4q_growth_year": -43.75,
            "roe": 2.54,
            "roe_4q": 5.48,
            "gross_profit": 88766,
            "gross_margin": 63.97,
            "gross_margin_4q_avg": 65.74,
            "net_income": 25187,
            "net_income_4q": null,
            "revenue": 138766,
            "revenue_4q": null,
            "common_shares": 383981,
            "book_valuer_per_share": 25.13,
            "book_valuer_per_share_4q_avg": 25.93,
            "equity": 965106,
            "current_ratio": 509.38,
            "debt_ratio": 16.13,
            "inventory_turnover_ratio": 1.4,
            "account_receivable_turnover_ratio": 0.94,
            "reinvestment_rate": 37.2,
            "research_to_sale_ratio": 16.03,
            "price_fair": 84.5,
            "eps_avg_yearly": 2.65,
            "eps_latest_yearly": 2.64,
            "eps_growth_yearly": 21.93
        },
        "20153": {
            "year_quarter": 20153,
            "year": 2015,
            "quarter": 3,
            "eps": 0.35,
            "eps_growth_year": 45.83,
            "eps_4q": 1.53,
            "eps_4q_growth_year": -27.14,
            "roe": 1.29,
            "roe_4q": 5.83,
            "gross_profit": 79159,
            "gross_margin": 65.26,
            "gross_margin_4q_avg": 65.56,
            "net_income": 13505,
            "net_income_4q": null,
            "revenue": 121297,
            "revenue_4q": null,
            "common_shares": 383981,
            "book_valuer_per_share": 29.47,
            "book_valuer_per_share_4q_avg": 26.81,
            "equity": 1131424,
            "current_ratio": 804.29,
            "debt_ratio": 8.88,
            "inventory_turnover_ratio": 1.19,
            "account_receivable_turnover_ratio": 0.82,
            "reinvestment_rate": 72.7,
            "research_to_sale_ratio": 17.36,
            "price_fair": 43.34,
            "eps_avg_yearly": 2.56,
            "eps_latest_yearly": 1.4,
            "eps_growth_yearly": 6.95
        },
        "20154": {
            "year_quarter": 20154,
            "year": 2015,
            "quarter": 4,
            "eps": 0.83,
            "eps_growth_year": 301.92,
            "eps_4q": 2.16,
            "eps_4q_growth_year": 11.35,
            "roe": 2.57,
            "roe_4q": 7.6000000000000005,
            "gross_profit": 82031,
            "gross_margin": 65.8,
            "gross_margin_4q_avg": 65.56,
            "net_income": 32029,
            "net_income_4q": null,
            "revenue": 124668,
            "revenue_4q": null,
            "common_shares": 383981,
            "book_valuer_per_share": 35.48,
            "book_valuer_per_share_4q_avg": 29.14,
            "equity": 1362489,
            "current_ratio": 967.46,
            "debt_ratio": 6.76,
            "inventory_turnover_ratio": 1.13,
            "account_receivable_turnover_ratio": 0.9,
            "reinvestment_rate": 87.8,
            "research_to_sale_ratio": 30.24,
            "price_fair": 91.28,
            "eps_avg_yearly": 2.61,
            "eps_latest_yearly": 3.32,
            "eps_growth_yearly": 43.06
        },
        "20161": {
            "year_quarter": 20161,
            "year": 2016,
            "quarter": 1,
            "eps": 1.46,
            "eps_growth_year": 356.25,
            "eps_4q": 3.31,
            "eps_4q_growth_year": 114.09,
            "roe": 4.21,
            "roe_4q": 10.61,
            "gross_profit": 79788,
            "gross_margin": 65.67,
            "gross_margin_4q_avg": 65.18,
            "net_income": 56247,
            "net_income_4q": null,
            "revenue": 121498,
            "revenue_4q": null,
            "common_shares": 383981,
            "book_valuer_per_share": 34.15,
            "book_valuer_per_share_4q_avg": 31.06,
            "equity": 1311369,
            "current_ratio": 1062.31,
            "debt_ratio": 6.85,
            "inventory_turnover_ratio": 1.13,
            "account_receivable_turnover_ratio": 0.9,
            "reinvestment_rate": 56.62,
            "research_to_sale_ratio": 20.36,
            "price_fair": 98.35,
            "eps_avg_yearly": 2.81,
            "eps_latest_yearly": 5.84,
            "eps_growth_yearly": 59.34
        },
        "20162": {
            "year_quarter": 20162,
            "year": 2016,
            "quarter": 2,
            "eps": 1.95,
            "eps_growth_year": 195.45,
            "eps_4q": 4.6,
            "eps_4q_growth_year": 222.73,
            "roe": 5.72,
            "roe_4q": 13.79,
            "gross_profit": 91081,
            "gross_margin": 66.19,
            "gross_margin_4q_avg": 65.73,
            "net_income": 74701,
            "net_income_4q": null,
            "revenue": 137614,
            "revenue_4q": null,
            "common_shares": 383981,
            "book_valuer_per_share": 33.92,
            "book_valuer_per_share_4q_avg": 33.26,
            "equity": 1302452,
            "current_ratio": 558.75,
            "debt_ratio": 13.39,
            "inventory_turnover_ratio": 1.48,
            "account_receivable_turnover_ratio": 0.97,
            "reinvestment_rate": 50.26,
            "research_to_sale_ratio": 26.17,
            "price_fair": 108.33,
            "eps_avg_yearly": 3.1,
            "eps_latest_yearly": 7.8,
            "eps_growth_yearly": 80.46
        },
        "20163": {
            "year_quarter": 20163,
            "year": 2016,
            "quarter": 3,
            "eps": 0.06,
            "eps_growth_year": -82.86,
            "eps_4q": 4.31,
            "eps_4q_growth_year": 181.19,
            "roe": 0.19,
            "roe_4q": 12.690000000000001,
            "gross_profit": 64520,
            "gross_margin": 62.53,
            "gross_margin_4q_avg": 65.05,
            "net_income": 2447,
            "net_income_4q": null,
            "revenue": 103189,
            "revenue_4q": null,
            "common_shares": 383981,
            "book_valuer_per_share": 33.29,
            "book_valuer_per_share_4q_avg": 34.21,
            "equity": 1278439,
            "current_ratio": 903.5,
            "debt_ratio": 8.28,
            "inventory_turnover_ratio": 1.24,
            "account_receivable_turnover_ratio": 0.74,
            "reinvestment_rate": 47.85,
            "research_to_sale_ratio": 21.74,
            "price_fair": 100.45,
            "eps_avg_yearly": 2.87,
            "eps_latest_yearly": 0.24,
            "eps_growth_yearly": 51.6
        },
        "20164": {
            "year_quarter": 20164,
            "year": 2016,
            "quarter": 4,
            "eps": 0.2,
            "eps_growth_year": -75.62,
            "eps_4q": 3.68,
            "eps_4q_growth_year": 70.35,
            "roe": 0.57,
            "roe_4q": 10.69,
            "gross_profit": 85717,
            "gross_margin": 65.85,
            "gross_margin_4q_avg": 65.06,
            "net_income": 7808,
            "net_income_4q": null,
            "revenue": 130164,
            "revenue_4q": null,
            "common_shares": 383981,
            "book_valuer_per_share": 37.77,
            "book_valuer_per_share_4q_avg": 34.78,
            "equity": 1450362,
            "current_ratio": 901.06,
            "debt_ratio": 7.46,
            "inventory_turnover_ratio": 1.19,
            "account_receivable_turnover_ratio": 0.93,
            "reinvestment_rate": 91.27,
            "research_to_sale_ratio": 25.11,
            "price_fair": 93.8,
            "eps_avg_yearly": 2.68,
            "eps_latest_yearly": 0.8,
            "eps_growth_yearly": 109.93
        },
        "20171": {
            "year_quarter": 20171,
            "year": 2017,
            "quarter": 1,
            "eps": 0.33,
            "eps_growth_year": -77.4,
            "eps_4q": 2.54,
            "eps_4q_growth_year": -23.13,
            "roe": 0.87,
            "roe_4q": 7.35,
            "gross_profit": 74424,
            "gross_margin": 65.33,
            "gross_margin_4q_avg": 64.98,
            "net_income": 12641,
            "net_income_4q": null,
            "revenue": 113915,
            "revenue_4q": null,
            "common_shares": 383981,
            "book_valuer_per_share": 37.61,
            "book_valuer_per_share_4q_avg": 35.65,
            "equity": 1444313,
            "current_ratio": 1046.64,
            "debt_ratio": 6.5,
            "inventory_turnover_ratio": 1.02,
            "account_receivable_turnover_ratio": 0.81,
            "reinvestment_rate": 91.27,
            "research_to_sale_ratio": 16.82,
            "price_fair": 88.38,
            "eps_avg_yearly": 2.53,
            "eps_latest_yearly": 1.32,
            "eps_growth_yearly": 126.44
        },
        "20172": {
            "year_quarter": 20172,
            "year": 2017,
            "quarter": 2,
            "eps": 0.49,
            "eps_growth_year": -74.87,
            "eps_4q": 1.09,
            "eps_4q_growth_year": -76.27,
            "roe": 1.41,
            "roe_4q": 3.0399999999999996,
            "gross_profit": 83140,
            "gross_margin": 65.34,
            "gross_margin_4q_avg": 64.76,
            "net_income": 18981,
            "net_income_4q": null,
            "revenue": 127245,
            "revenue_4q": null,
            "common_shares": 383981,
            "book_valuer_per_share": 32.56,
            "book_valuer_per_share_4q_avg": 35.31,
            "equity": 1250075,
            "current_ratio": 490.31,
            "debt_ratio": 14.86,
            "inventory_turnover_ratio": 1.36,
            "account_receivable_turnover_ratio": 0.96,
            "reinvestment_rate": 70.41,
            "research_to_sale_ratio": 11.92,
            "price_fair": 84.26,
            "eps_avg_yearly": 2.41,
            "eps_latest_yearly": 1.96,
            "eps_growth_yearly": 138.3
        },
        "20173": {
            "year_quarter": 20173,
            "year": 2017,
            "quarter": 3,
            "eps": 0.48,
            "eps_growth_year": 700,
            "eps_4q": 1.51,
            "eps_4q_growth_year": -65.02,
            "roe": 1.52,
            "roe_4q": 4.37,
            "gross_profit": 81586,
            "gross_margin": 64.95,
            "gross_margin_4q_avg": 65.37,
            "net_income": 18427,
            "net_income_4q": null,
            "revenue": 125620,
            "revenue_4q": null,
            "common_shares": 383981,
            "book_valuer_per_share": 30.67,
            "book_valuer_per_share_4q_avg": 34.65,
            "equity": 1177782,
            "current_ratio": 928.8,
            "debt_ratio": 8.19,
            "inventory_turnover_ratio": 1.77,
            "account_receivable_turnover_ratio": 0.95,
            "reinvestment_rate": 46.96,
            "research_to_sale_ratio": 17.8,
            "price_fair": 82.6,
            "eps_avg_yearly": 2.36,
            "eps_latest_yearly": 1.92,
            "eps_growth_yearly": 145.34
        },
        "20174": {
            "year_quarter": 20174,
            "year": 2017,
            "quarter": 4,
            "eps": 0.39,
            "eps_growth_year": 91.11,
            "eps_4q": 1.69,
            "eps_4q_growth_year": -53.99,
            "roe": 1.28,
            "roe_4q": 5.08,
            "gross_profit": 78158,
            "gross_margin": 65.41,
            "gross_margin_4q_avg": 65.26,
            "net_income": 14922,
            "net_income_4q": null,
            "revenue": 119497,
            "revenue_4q": null,
            "common_shares": 383981,
            "book_valuer_per_share": 29.86,
            "book_valuer_per_share_4q_avg": 32.68,
            "equity": 1146621,
            "current_ratio": 738.38,
            "debt_ratio": 10.54,
            "inventory_turnover_ratio": 0.99,
            "account_receivable_turnover_ratio": 0.88,
            "reinvestment_rate": 39.97,
            "research_to_sale_ratio": 14.85,
            "price_fair": 82.78,
            "eps_avg_yearly": 2.37,
            "eps_latest_yearly": 1.56,
            "eps_growth_yearly": 151.85
        },
        "20181": {
            "year_quarter": 20181,
            "year": 2018,
            "quarter": 1,
            "eps": 0.86,
            "eps_growth_year": 160.61,
            "eps_4q": 2.23,
            "eps_4q_growth_year": -12.46,
            "roe": 2.77,
            "roe_4q": 6.98,
            "gross_profit": 105129,
            "gross_margin": 70.52,
            "gross_margin_4q_avg": 66.56,
            "net_income": 33109,
            "net_income_4q": null,
            "revenue": 149074,
            "revenue_4q": null,
            "common_shares": 383981,
            "book_valuer_per_share": 32.28,
            "book_valuer_per_share_4q_avg": 31.34,
            "equity": 1239670,
            "current_ratio": 996.45,
            "debt_ratio": 7.63,
            "inventory_turnover_ratio": 0.79,
            "account_receivable_turnover_ratio": 1.1,
            "reinvestment_rate": -25.46,
            "research_to_sale_ratio": 14.05,
            "price_fair": 84.09,
            "eps_avg_yearly": 2.4,
            "eps_latest_yearly": 3.44,
            "eps_growth_yearly": 159
        },
        "20182": {
            "year_quarter": 20182,
            "year": 2018,
            "quarter": 2,
            "eps": 0.16,
            "eps_growth_year": -67.35,
            "eps_4q": 1.89,
            "eps_4q_growth_year": 73.52,
            "roe": 0.52,
            "roe_4q": 6.09,
            "gross_profit": 88366,
            "gross_margin": 62.48,
            "gross_margin_4q_avg": 65.84,
            "net_income": 6206,
            "net_income_4q": null,
            "revenue": 141441,
            "revenue_4q": null,
            "common_shares": 383981,
            "book_valuer_per_share": 29.52,
            "book_valuer_per_share_4q_avg": 30.58,
            "equity": 1133397,
            "current_ratio": 478.14,
            "debt_ratio": 16.32,
            "inventory_turnover_ratio": 1.17,
            "account_receivable_turnover_ratio": 0.98,
            "reinvestment_rate": -47.69,
            "research_to_sale_ratio": 27.78,
            "price_fair": 78.66,
            "eps_avg_yearly": 2.25,
            "eps_latest_yearly": 0.64,
            "eps_growth_yearly": 136.19
        },
        "20183": {
            "year_quarter": 20183,
            "year": 2018,
            "quarter": 3,
            "eps": 0.24,
            "eps_growth_year": -50,
            "eps_4q": 1.65,
            "eps_4q_growth_year": 9.7,
            "roe": 0.82,
            "roe_4q": 5.39,
            "gross_profit": 69398,
            "gross_margin": 62.27,
            "gross_margin_4q_avg": 65.17,
            "net_income": 9235,
            "net_income_4q": null,
            "revenue": 111443,
            "revenue_4q": null,
            "common_shares": 383981,
            "book_valuer_per_share": 29.5,
            "book_valuer_per_share_4q_avg": 30.29,
            "equity": 1132623,
            "current_ratio": 983.61,
            "debt_ratio": 7.69,
            "inventory_turnover_ratio": 1.08,
            "account_receivable_turnover_ratio": 0.78,
            "reinvestment_rate": -46.51,
            "research_to_sale_ratio": 17.34,
            "price_fair": 78.66,
            "eps_avg_yearly": 2.25,
            "eps_latest_yearly": 0.96,
            "eps_growth_yearly": 166
        },
        "20184": {
            "year_quarter": 20184,
            "year": 2018,
            "quarter": 4,
            "eps": 0.24,
            "eps_growth_year": -38.12,
            "eps_4q": 1.5,
            "eps_4q_growth_year": -11.06,
            "roe": 0.82,
            "roe_4q": 4.93,
            "gross_profit": 71493,
            "gross_margin": 62.89,
            "gross_margin_4q_avg": 64.54,
            "net_income": 9234,
            "net_income_4q": null,
            "revenue": 113688,
            "revenue_4q": null,
            "common_shares": 383981,
            "book_valuer_per_share": 29.19,
            "book_valuer_per_share_4q_avg": 30.12,
            "equity": 1120881,
            "current_ratio": 900.97,
            "debt_ratio": 8.15,
            "inventory_turnover_ratio": 1.02,
            "account_receivable_turnover_ratio": 0.93,
            "reinvestment_rate": -44.14,
            "research_to_sale_ratio": 15.13,
            "price_fair": 78.93,
            "eps_avg_yearly": 2.26,
            "eps_latest_yearly": 0.96,
            "eps_growth_yearly": 169.12
        },
        "20191": {
            "year_quarter": 20191,
            "year": 2019,
            "quarter": 1,
            "eps": 0.66,
            "eps_growth_year": -23.26,
            "eps_4q": 1.3,
            "eps_4q_growth_year": -41.62,
            "roe": 2.2,
            "roe_4q": 4.359999999999999,
            "gross_profit": 91394,
            "gross_margin": 66.76,
            "gross_margin_4q_avg": 63.6,
            "net_income": 25202,
            "net_income_4q": null,
            "revenue": 136909,
            "revenue_4q": null,
            "common_shares": 383981,
            "book_valuer_per_share": 30.57,
            "book_valuer_per_share_4q_avg": 29.7,
            "equity": 1174008,
            "current_ratio": 876.1,
            "debt_ratio": 8.06,
            "inventory_turnover_ratio": 1.02,
            "account_receivable_turnover_ratio": 1.13,
            "reinvestment_rate": -42,
            "research_to_sale_ratio": 11.17,
            "price_fair": 81.9,
            "eps_avg_yearly": 2.34,
            "eps_latest_yearly": 2.64,
            "eps_growth_yearly": 199.78
        },
        "20192": {
            "year_quarter": 20192,
            "year": 2019,
            "quarter": 2,
            "eps": 0.22,
            "eps_growth_year": 37.5,
            "eps_4q": 1.36,
            "eps_4q_growth_year": -28.22,
            "roe": 0.75,
            "roe_4q": 4.59,
            "gross_profit": 70903,
            "gross_margin": 59.04,
            "gross_margin_4q_avg": 62.74,
            "net_income": 8488,
            "net_income_4q": null,
            "revenue": 120085,
            "revenue_4q": null,
            "common_shares": 383981,
            "book_valuer_per_share": 28.5,
            "book_valuer_per_share_4q_avg": 29.44,
            "equity": 1094489,
            "current_ratio": 536.04,
            "debt_ratio": 13.21,
            "inventory_turnover_ratio": 1.17,
            "account_receivable_turnover_ratio": 0.99,
            "reinvestment_rate": -43.55,
            "research_to_sale_ratio": 9.28,
            "price_fair": 78.05,
            "eps_avg_yearly": 2.23,
            "eps_latest_yearly": 0.88,
            "eps_growth_yearly": 156.55
        },
        "20193": {
            "year_quarter": 20193,
            "year": 2019,
            "quarter": 3,
            "eps": 1.21,
            "eps_growth_year": 404.17,
            "eps_4q": 2.32,
            "eps_4q_growth_year": 40.53,
            "roe": 4.18,
            "roe_4q": 7.95,
            "gross_profit": 82263,
            "gross_margin": 62.6,
            "gross_margin_4q_avg": 62.82,
            "net_income": 46275,
            "net_income_4q": null,
            "revenue": 131404,
            "revenue_4q": null,
            "common_shares": 383981,
            "book_valuer_per_share": 29.15,
            "book_valuer_per_share_4q_avg": 29.35,
            "equity": 1119200,
            "current_ratio": 702.48,
            "debt_ratio": 9.72,
            "inventory_turnover_ratio": 1.11,
            "account_receivable_turnover_ratio": 1.13,
            "reinvestment_rate": -79.84,
            "research_to_sale_ratio": 11.78,
            "price_fair": 85.58,
            "eps_avg_yearly": 2.45,
            "eps_latest_yearly": 4.84,
            "eps_growth_yearly": 280.79
        },
        "20194": {
            "year_quarter": 20194,
            "year": 2019,
            "quarter": 4,
            "eps": 0.14,
            "eps_growth_year": -41.93,
            "eps_4q": 2.22,
            "eps_4q_growth_year": 47.67,
            "roe": 0.48,
            "roe_4q": 7.61,
            "gross_profit": 70170,
            "gross_margin": 58.83,
            "gross_margin_4q_avg": 61.81,
            "net_income": 5362,
            "net_income_4q": null,
            "revenue": 119268,
            "revenue_4q": null,
            "common_shares": 383981,
            "book_valuer_per_share": 29.3,
            "book_valuer_per_share_4q_avg": 29.38,
            "equity": 1124963,
            "current_ratio": 638.28,
            "debt_ratio": 10.98,
            "inventory_turnover_ratio": 0.94,
            "account_receivable_turnover_ratio": 1.01,
            "reinvestment_rate": -128.01,
            "research_to_sale_ratio": 9.11,
            "price_fair": 79.54,
            "eps_avg_yearly": 2.27,
            "eps_latest_yearly": 0.56,
            "eps_growth_yearly": 224.4
        },
        "20201": {
            "year_quarter": 20201,
            "year": 2020,
            "quarter": 1,
            "eps": 0.62,
            "eps_growth_year": -6.06,
            "eps_4q": 2.18,
            "eps_4q_growth_year": 68.03,
            "roe": 2.17,
            "roe_4q": 7.58,
            "gross_profit": 86010,
            "gross_margin": 65.16,
            "gross_margin_4q_avg": 61.41,
            "net_income": 23683,
            "net_income_4q": null,
            "revenue": 131989,
            "revenue_4q": null,
            "common_shares": 383981,
            "book_valuer_per_share": 27.44,
            "book_valuer_per_share_4q_avg": 28.6,
            "equity": 1053542,
            "current_ratio": 830.53,
            "debt_ratio": 8.79,
            "inventory_turnover_ratio": 0.79,
            "account_receivable_turnover_ratio": 1.09,
            "reinvestment_rate": -103.91,
            "research_to_sale_ratio": 7.41,
            "price_fair": 72.19,
            "eps_avg_yearly": 2.06,
            "eps_latest_yearly": 2.48,
            "eps_growth_yearly": 291.14
        },
        "20202": {
            "year_quarter": 20202,
            "year": 2020,
            "quarter": 2,
            "eps": 0.21,
            "eps_growth_year": -4.55,
            "eps_4q": 2.17,
            "eps_4q_growth_year": 59.95,
            "roe": 0.75,
            "roe_4q": 7.58,
            "gross_profit": 58477,
            "gross_margin": 64.44,
            "gross_margin_4q_avg": 62.76,
            "net_income": 8109,
            "net_income_4q": null,
            "revenue": 90750,
            "revenue_4q": null,
            "common_shares": 383981,
            "book_valuer_per_share": 28.72,
            "book_valuer_per_share_4q_avg": 28.65,
            "equity": 1102639,
            "current_ratio": 551.74,
            "debt_ratio": 13.1,
            "inventory_turnover_ratio": 0.46,
            "account_receivable_turnover_ratio": 0.83,
            "reinvestment_rate": -131.34,
            "research_to_sale_ratio": 7.02,
            "price_fair": 56.96,
            "eps_avg_yearly": 1.63,
            "eps_latest_yearly": 0.84,
            "eps_growth_yearly": 266.21
        },
        "20203": {
            "year_quarter": 20203,
            "year": 2020,
            "quarter": 3,
            "eps": 0.4,
            "eps_growth_year": -66.94,
            "eps_4q": 1.37,
            "eps_4q_growth_year": -40.96,
            "roe": 1.4,
            "roe_4q": 4.800000000000001,
            "gross_profit": 63201,
            "gross_margin": 63.04,
            "gross_margin_4q_avg": 62.87,
            "net_income": 15505,
            "net_income_4q": null,
            "revenue": 100251,
            "revenue_4q": null,
            "common_shares": 383981,
            "book_valuer_per_share": 28.83,
            "book_valuer_per_share_4q_avg": 28.57,
            "equity": 1107050,
            "current_ratio": 888.82,
            "debt_ratio": 8.26,
            "inventory_turnover_ratio": 0.43,
            "account_receivable_turnover_ratio": 1.09,
            "reinvestment_rate": -114.25,
            "research_to_sale_ratio": 5.39,
            "price_fair": 59.94,
            "eps_avg_yearly": 1.71,
            "eps_latest_yearly": 1.6,
            "eps_growth_yearly": 313.06
        },
        "20204": {
            "year_quarter": 20204,
            "year": 2020,
            "quarter": 4,
            "eps": 0.37,
            "eps_growth_year": 166.19,
            "eps_4q": 1.6,
            "eps_4q_growth_year": -27.84,
            "roe": 1.28,
            "roe_4q": 5.6,
            "gross_profit": 77503,
            "gross_margin": 62.07,
            "gross_margin_4q_avg": 63.68,
            "net_income": 14273,
            "net_income_4q": null,
            "revenue": 124871,
            "revenue_4q": null,
            "common_shares": 383981,
            "book_valuer_per_share": 29.33,
            "book_valuer_per_share_4q_avg": 28.58,
            "equity": 1126344,
            "current_ratio": 957.07,
            "debt_ratio": 8.38,
            "inventory_turnover_ratio": 0.57,
            "account_receivable_turnover_ratio": 1.26,
            "reinvestment_rate": -172.48,
            "research_to_sale_ratio": 5.7,
            "price_fair": 61.43,
            "eps_avg_yearly": 1.76,
            "eps_latest_yearly": 1.48,
            "eps_growth_yearly": 252.85
        },
        "20211": {
            "year_quarter": 20211,
            "year": 2021,
            "quarter": 1,
            "eps": 0.25,
            "eps_growth_year": -59.68,
            "eps_4q": 1.24,
            "eps_4q_growth_year": -43.24,
            "roe": 0.86,
            "roe_4q": 4.29,
            "gross_profit": 61784,
            "gross_margin": 60.72,
            "gross_margin_4q_avg": 62.57,
            "net_income": 9683,
            "net_income_4q": null,
            "revenue": 101747,
            "revenue_4q": null,
            "common_shares": 383981,
            "book_valuer_per_share": 29.61,
            "book_valuer_per_share_4q_avg": 29.12,
            "equity": 1136985,
            "current_ratio": 998.32,
            "debt_ratio": 7.98,
            "inventory_turnover_ratio": 0.52,
            "account_receivable_turnover_ratio": 0.96,
            "reinvestment_rate": -167.61,
            "research_to_sale_ratio": 9.7,
            "price_fair": 60.73,
            "eps_avg_yearly": 1.74,
            "eps_latest_yearly": 1,
            "eps_growth_yearly": 228.5
        },
        "20212": {
            "year_quarter": 20212,
            "year": 2021,
            "quarter": 2,
            "eps": 0.34,
            "eps_growth_year": 61.9,
            "eps_4q": 1.37,
            "eps_4q_growth_year": -37.07,
            "roe": 1.17,
            "roe_4q": 4.709999999999999,
            "gross_profit": 63386,
            "gross_margin": 60.2,
            "gross_margin_4q_avg": 61.51,
            "net_income": 13044,
            "net_income_4q": null,
            "revenue": 105294,
            "revenue_4q": null,
            "common_shares": 383981,
            "book_valuer_per_share": 28.41,
            "book_valuer_per_share_4q_avg": 29.05,
            "equity": 1090967,
            "current_ratio": 616.75,
            "debt_ratio": 12.71,
            "inventory_turnover_ratio": 0.6,
            "account_receivable_turnover_ratio": 1.02,
            "reinvestment_rate": -135.24,
            "research_to_sale_ratio": 5.22,
            "price_fair": 59.41,
            "eps_avg_yearly": 1.7,
            "eps_latest_yearly": 1.36,
            "eps_growth_yearly": 225.38
        },
        "20213": {
            "year_quarter": 20213,
            "year": 2021,
            "quarter": 3,
            "eps": 0.26,
            "eps_growth_year": -35,
            "eps_4q": 1.22,
            "eps_4q_growth_year": -10.96,
            "roe": 0.91,
            "roe_4q": 4.22,
            "gross_profit": 59166,
            "gross_margin": 59.85,
            "gross_margin_4q_avg": 60.71,
            "net_income": 9889,
            "net_income_4q": null,
            "revenue": 98850,
            "revenue_4q": null,
            "common_shares": 383981,
            "book_valuer_per_share": 28.44,
            "book_valuer_per_share_4q_avg": 28.95,
            "equity": 1092153,
            "current_ratio": 604.48,
            "debt_ratio": 12.95,
            "inventory_turnover_ratio": 0.57,
            "account_receivable_turnover_ratio": 1.01,
            "reinvestment_rate": -103.72,
            "research_to_sale_ratio": 9.95,
            "price_fair": 57.49,
            "eps_avg_yearly": 1.64,
            "eps_latest_yearly": 1.04,
            "eps_growth_yearly": 220
        },
        "20214": {
            "year_quarter": 20214,
            "year": 2021,
            "quarter": 4,
            "eps": 0.38,
            "eps_growth_year": 1.53,
            "eps_4q": 1.23,
            "eps_4q_growth_year": -23.49,
            "roe": 1.33,
            "roe_4q": 4.2700000000000005,
            "gross_profit": 63022,
            "gross_margin": 58.58,
            "gross_margin_4q_avg": 59.84,
            "net_income": 14492,
            "net_income_4q": null,
            "revenue": 107592,
            "revenue_4q": null,
            "common_shares": 383981,
            "book_valuer_per_share": 28.22,
            "book_valuer_per_share_4q_avg": 28.67,
            "equity": 1083626,
            "current_ratio": 1072.23,
            "debt_ratio": 7.34,
            "inventory_turnover_ratio": 0.61,
            "account_receivable_turnover_ratio": 1.13,
            "reinvestment_rate": -93.73,
            "research_to_sale_ratio": -1.57,
            "price_fair": 57.4,
            "eps_avg_yearly": 1.64,
            "eps_latest_yearly": 1.52,
            "eps_growth_yearly": 236.23
        },
        "20221": {
            "year_quarter": 20221,
            "year": 2022,
            "quarter": 1,
            "eps": 0.51,
            "eps_growth_year": 104,
            "eps_4q": 1.48,
            "eps_4q_growth_year": 19.5,
            "roe": 1.78,
            "roe_4q": 5.19,
            "gross_profit": 71404,
            "gross_margin": 59.28,
            "gross_margin_4q_avg": 59.48,
            "net_income": 19423,
            "net_income_4q": null,
            "revenue": 120449,
            "revenue_4q": null,
            "common_shares": 383981,
            "book_valuer_per_share": 28.53,
            "book_valuer_per_share_4q_avg": 28.4,
            "equity": 1095687,
            "current_ratio": 1336.02,
            "debt_ratio": 5.85,
            "inventory_turnover_ratio": 0.73,
            "account_receivable_turnover_ratio": 1.14,
            "reinvestment_rate": 1.36,
            "research_to_sale_ratio": 5.92,
            "price_fair": 54.34,
            "eps_avg_yearly": 1.55,
            "eps_latest_yearly": 2.04,
            "eps_growth_yearly": 214.65
        },
        "20222": {
            "year_quarter": 20222,
            "year": 2022,
            "quarter": 2,
            "eps": 0.42,
            "eps_growth_year": 23.53,
            "eps_4q": 1.56,
            "eps_4q_growth_year": 14.43,
            "roe": 1.51,
            "roe_4q": 5.53,
            "gross_profit": 65519,
            "gross_margin": 59.77,
            "gross_margin_4q_avg": 59.37,
            "net_income": 16276,
            "net_income_4q": null,
            "revenue": 109619,
            "revenue_4q": null,
            "common_shares": 383981,
            "book_valuer_per_share": 27.44,
            "book_valuer_per_share_4q_avg": 28.16,
            "equity": 1053725,
            "current_ratio": 743.17,
            "debt_ratio": 10.59,
            "inventory_turnover_ratio": 0.72,
            "account_receivable_turnover_ratio": 1.03,
            "reinvestment_rate": 2.42,
            "research_to_sale_ratio": 4.32,
            "price_fair": 56.61,
            "eps_avg_yearly": 1.62,
            "eps_latest_yearly": 1.68,
            "eps_growth_yearly": 230.59
        },
        "20223": {
            "year_quarter": 20223,
            "year": 2022,
            "quarter": 3,
            "eps": 0.47,
            "eps_growth_year": 80.77,
            "eps_4q": 1.78,
            "eps_4q_growth_year": 45.9,
            "roe": 1.72,
            "roe_4q": 6.34,
            "gross_profit": 68402,
            "gross_margin": 60.99,
            "gross_margin_4q_avg": 59.66,
            "net_income": 18221,
            "net_income_4q": null,
            "revenue": 112157,
            "revenue_4q": null,
            "common_shares": 383981,
            "book_valuer_per_share": 27.67,
            "book_valuer_per_share_4q_avg": 27.97,
            "equity": 1062641,
            "current_ratio": 1398.15,
            "debt_ratio": 5.63,
            "inventory_turnover_ratio": 0.7,
            "account_receivable_turnover_ratio": 1.13,
            "reinvestment_rate": 1,
            "research_to_sale_ratio": 3.72,
            "price_fair": 58.63,
            "eps_avg_yearly": 1.68,
            "eps_latest_yearly": 1.88,
            "eps_growth_yearly": 221.07
        },
        "20224": {
            "year_quarter": 20224,
            "year": 2022,
            "quarter": 4,
            "eps": 0.21,
            "eps_growth_year": -45,
            "eps_4q": 1.61,
            "eps_4q_growth_year": 31.38,
            "roe": 0.75,
            "roe_4q": 5.76,
            "gross_profit": 74547,
            "gross_margin": 61.03,
            "gross_margin_4q_avg": 60.27,
            "net_income": 7970,
            "net_income_4q": null,
            "revenue": 122153,
            "revenue_4q": null,
            "common_shares": 383981,
            "book_valuer_per_share": 27.8,
            "book_valuer_per_share_4q_avg": 27.86,
            "equity": 1067367,
            "current_ratio": 1100.01,
            "debt_ratio": 7.54,
            "inventory_turnover_ratio": 0.78,
            "account_receivable_turnover_ratio": 1.2,
            "reinvestment_rate": -0.98,
            "research_to_sale_ratio": 8.44,
            "price_fair": 58.36,
            "eps_avg_yearly": 1.67,
            "eps_latest_yearly": 0.84,
            "eps_growth_yearly": 207.24
        },
        "20231": {
            "year_quarter": 20231,
            "year": 2023,
            "quarter": 1,
            "eps": 0.28,
            "eps_growth_year": -45.1,
            "eps_4q": 1.38,
            "eps_4q_growth_year": -6.51,
            "roe": 0.99,
            "roe_4q": 4.97,
            "gross_profit": 68412,
            "gross_margin": 58.24,
            "gross_margin_4q_avg": 60.01,
            "net_income": 10679,
            "net_income_4q": null,
            "revenue": 117462,
            "revenue_4q": null,
            "common_shares": 383981,
            "book_valuer_per_share": 28.34,
            "book_valuer_per_share_4q_avg": 27.81,
            "equity": 1088355,
            "current_ratio": 1310.03,
            "debt_ratio": 6.25,
            "inventory_turnover_ratio": 0.82,
            "account_receivable_turnover_ratio": 1.06,
            "reinvestment_rate": -1.17,
            "research_to_sale_ratio": 6.22,
            "price_fair": 55.04,
            "eps_avg_yearly": 1.57,
            "eps_latest_yearly": 1.12,
            "eps_growth_yearly": 171.82
        },
        "20232": {
            "year_quarter": 20232,
            "year": 2023,
            "quarter": 2,
            "eps": 0.48,
            "eps_growth_year": 14.29,
            "eps_4q": 1.44,
            "eps_4q_growth_year": -8.21,
            "roe": 1.69,
            "roe_4q": 5.1499999999999995,
            "gross_profit": 73957,
            "gross_margin": 58.37,
            "gross_margin_4q_avg": 59.66,
            "net_income": 18277,
            "net_income_4q": null,
            "revenue": 126703,
            "revenue_4q": null,
            "common_shares": 383981,
            "book_valuer_per_share": 27.86,
            "book_valuer_per_share_4q_avg": 27.92,
            "equity": 1069886,
            "current_ratio": 661.59,
            "debt_ratio": 12.1,
            "inventory_turnover_ratio": 0.8,
            "account_receivable_turnover_ratio": 1.13,
            "reinvestment_rate": -0.95,
            "research_to_sale_ratio": 3.83,
            "price_fair": 57.31,
            "eps_avg_yearly": 1.64,
            "eps_latest_yearly": 1.92,
            "eps_growth_yearly": 206.34
        },
        "20233": {
            "year_quarter": 20233,
            "year": 2023,
            "quarter": 3,
            "eps": 0.44,
            "eps_growth_year": -6.38,
            "eps_4q": 1.4,
            "eps_4q_growth_year": -21.41,
            "roe": 1.57,
            "roe_4q": 5,
            "gross_profit": 70594,
            "gross_margin": 57.06,
            "gross_margin_4q_avg": 58.68,
            "net_income": 16838,
            "net_income_4q": null,
            "revenue": 123709,
            "revenue_4q": null,
            "common_shares": 383981,
            "book_valuer_per_share": 28.13,
            "book_valuer_per_share_4q_avg": 28.03,
            "equity": 1080039,
            "current_ratio": 1257.17,
            "debt_ratio": 6.34,
            "inventory_turnover_ratio": 0.72,
            "account_receivable_turnover_ratio": 1.13,
            "reinvestment_rate": -0.97,
            "research_to_sale_ratio": 3.79,
            "price_fair": 50.58,
            "eps_avg_yearly": 1.45,
            "eps_latest_yearly": 1.76,
            "eps_growth_yearly": 91.76
        },
        "20234": {
            "year_quarter": 20234,
            "year": 2023,
            "quarter": 4,
            "eps": 0.5,
            "eps_growth_year": 140.7,
            "eps_4q": 1.69,
            "eps_4q_growth_year": 4.99,
            "roe": 1.64,
            "roe_4q": 5.890000000000001,
            "gross_profit": 186936,
            "gross_margin": 42.19,
            "gross_margin_4q_avg": 53.97,
            "net_income": 19184,
            "net_income_4q": null,
            "revenue": 443043,
            "revenue_4q": null,
            "common_shares": 383981,
            "book_valuer_per_share": 28.85,
            "book_valuer_per_share_4q_avg": 28.3,
            "equity": 1266233,
            "current_ratio": 833.49,
            "debt_ratio": 9.55,
            "inventory_turnover_ratio": 2.62,
            "account_receivable_turnover_ratio": 2.77,
            "reinvestment_rate": -2.86,
            "research_to_sale_ratio": 1.8,
            "price_fair": 53.73,
            "eps_avg_yearly": 1.54,
            "eps_latest_yearly": 2,
            "eps_growth_yearly": 117.28
        }
    },
    "months": {
        "2011-06": {
            "month": "2011-06",
            "price": "85.62",
            "revenue": 53658
        },
        "2011-07": {
            "month": "2011-07",
            "price": "87.89",
            "revenue": 50455
        },
        "2011-08": {
            "month": "2011-08",
            "price": "88.61",
            "revenue": 57075
        },
        "2011-09": {
            "month": "2011-09",
            "price": "79.25",
            "revenue": 58667
        },
        "2011-10": {
            "month": "2011-10",
            "price": "70.10",
            "revenue": 48812
        },
        "2011-11": {
            "month": "2011-11",
            "price": "66.32",
            "revenue": 55036
        },
        "2011-12": {
            "month": "2011-12",
            "price": "66.57",
            "revenue": 59356
        },
        "2012-01": {
            "month": "2012-01",
            "price": "72.31",
            "revenue": 64703
        },
        "2012-02": {
            "month": "2012-02",
            "price": "93.25",
            "revenue": 49278
        },
        "2012-03": {
            "month": "2012-03",
            "price": "128.07",
            "revenue": 57163
        },
        "2012-04": {
            "month": "2012-04",
            "price": "96.30",
            "revenue": 54658
        },
        "2012-05": {
            "month": "2012-05",
            "price": "106.00",
            "revenue": 57606
        },
        "2012-06": {
            "month": "2012-06",
            "price": "99.00",
            "revenue": 51693
        },
        "2012-07": {
            "month": "2012-07",
            "price": "102.24",
            "revenue": 51623
        },
        "2012-08": {
            "month": "2012-08",
            "price": "106.93",
            "revenue": 50248
        },
        "2012-09": {
            "month": "2012-09",
            "price": "100.99",
            "revenue": 47450
        },
        "2012-10": {
            "month": "2012-10",
            "price": "102.57",
            "revenue": 50191
        },
        "2012-11": {
            "month": "2012-11",
            "price": "96.59",
            "revenue": 49162
        },
        "2012-12": {
            "month": "2012-12",
            "price": "100.14",
            "revenue": 45766
        },
        "2013-01": {
            "month": "2013-01",
            "price": "96.95",
            "revenue": 67946
        },
        "2013-02": {
            "month": "2013-02",
            "price": "96.50",
            "revenue": 34206
        },
        "2013-03": {
            "month": "2013-03",
            "price": "94.59",
            "revenue": 47268
        },
        "2013-04": {
            "month": "2013-04",
            "price": "91.08",
            "revenue": 48483
        },
        "2013-05": {
            "month": "2013-05",
            "price": "89.90",
            "revenue": 52777
        },
        "2013-06": {
            "month": "2013-06",
            "price": "88.14",
            "revenue": 47880
        },
        "2013-07": {
            "month": "2013-07",
            "price": "89.30",
            "revenue": 50870
        },
        "2013-08": {
            "month": "2013-08",
            "price": "88.78",
            "revenue": 49305
        },
        "2013-09": {
            "month": "2013-09",
            "price": "83.96",
            "revenue": 53248
        },
        "2013-10": {
            "month": "2013-10",
            "price": "90.91",
            "revenue": 49900
        },
        "2013-11": {
            "month": "2013-11",
            "price": "85.39",
            "revenue": 47917
        },
        "2013-12": {
            "month": "2013-12",
            "price": "82.57",
            "revenue": 47302
        },
        "2014-01": {
            "month": "2014-01",
            "price": "78.78",
            "revenue": 58545
        },
        "2014-02": {
            "month": "2014-02",
            "price": "79.29",
            "revenue": 36288
        },
        "2014-03": {
            "month": "2014-03",
            "price": "78.00",
            "revenue": 42274
        },
        "2014-04": {
            "month": "2014-04",
            "price": "73.64",
            "revenue": 45530
        },
        "2014-05": {
            "month": "2014-05",
            "price": "71.60",
            "revenue": 52595
        },
        "2014-06": {
            "month": "2014-06",
            "price": "76.36",
            "revenue": 48575
        },
        "2014-07": {
            "month": "2014-07",
            "price": "74.98",
            "revenue": 47035
        },
        "2014-08": {
            "month": "2014-08",
            "price": "70.05",
            "revenue": 45831
        },
        "2014-09": {
            "month": "2014-09",
            "price": "67.67",
            "revenue": 43235
        },
        "2014-10": {
            "month": "2014-10",
            "price": "60.87",
            "revenue": 48710
        },
        "2014-11": {
            "month": "2014-11",
            "price": "53.84",
            "revenue": 46244
        },
        "2014-12": {
            "month": "2014-12",
            "price": "58.62",
            "revenue": 46852
        },
        "2015-01": {
            "month": "2015-01",
            "price": "54.40",
            "revenue": 52065
        },
        "2015-02": {
            "month": "2015-02",
            "price": "52.16",
            "revenue": 37665
        },
        "2015-03": {
            "month": "2015-03",
            "price": "52.79",
            "revenue": 39189
        },
        "2015-04": {
            "month": "2015-04",
            "price": "52.34",
            "revenue": 49503
        },
        "2015-05": {
            "month": "2015-05",
            "price": "48.03",
            "revenue": 41332
        },
        "2015-06": {
            "month": "2015-06",
            "price": "46.85",
            "revenue": 47931
        },
        "2015-07": {
            "month": "2015-07",
            "price": "47.05",
            "revenue": 42171
        },
        "2015-08": {
            "month": "2015-08",
            "price": "43.64",
            "revenue": 41512
        },
        "2015-09": {
            "month": "2015-09",
            "price": "44.58",
            "revenue": 37614
        },
        "2015-10": {
            "month": "2015-10",
            "price": "48.96",
            "revenue": 45635
        },
        "2015-11": {
            "month": "2015-11",
            "price": "63.35",
            "revenue": 37020
        },
        "2015-12": {
            "month": "2015-12",
            "price": "72.60",
            "revenue": 42013
        },
        "2016-01": {
            "month": "2016-01",
            "price": "69.91",
            "revenue": 52534
        },
        "2016-02": {
            "month": "2016-02",
            "price": "75.37",
            "revenue": 30944
        },
        "2016-03": {
            "month": "2016-03",
            "price": "87.33",
            "revenue": 38020
        },
        "2016-04": {
            "month": "2016-04",
            "price": "98.89",
            "revenue": 48157
        },
        "2016-05": {
            "month": "2016-05",
            "price": "89.64",
            "revenue": 38646
        },
        "2016-06": {
            "month": "2016-06",
            "price": "97.02",
            "revenue": 50811
        },
        "2016-07": {
            "month": "2016-07",
            "price": "95.02",
            "revenue": 27361
        },
        "2016-08": {
            "month": "2016-08",
            "price": "88.03",
            "revenue": 39452
        },
        "2016-09": {
            "month": "2016-09",
            "price": "83.60",
            "revenue": 36377
        },
        "2016-10": {
            "month": "2016-10",
            "price": "80.46",
            "revenue": 39269
        },
        "2016-11": {
            "month": "2016-11",
            "price": "72.03",
            "revenue": 44320
        },
        "2016-12": {
            "month": "2016-12",
            "price": "72.78",
            "revenue": 46574
        },
        "2017-01": {
            "month": "2017-01",
            "price": "70.16",
            "revenue": 41539
        },
        "2017-02": {
            "month": "2017-02",
            "price": "72.07",
            "revenue": 37717
        },
        "2017-03": {
            "month": "2017-03",
            "price": "80.54",
            "revenue": 34659
        },
        "2017-04": {
            "month": "2017-04",
            "price": "79.33",
            "revenue": 41194
        },
        "2017-05": {
            "month": "2017-05",
            "price": "77.18",
            "revenue": 43326
        },
        "2017-06": {
            "month": "2017-06",
            "price": "81.04",
            "revenue": 42725
        },
        "2017-07": {
            "month": "2017-07",
            "price": "79.89",
            "revenue": 35210
        },
        "2017-08": {
            "month": "2017-08",
            "price": "78.49",
            "revenue": 51701
        },
        "2017-09": {
            "month": "2017-09",
            "price": "78.48",
            "revenue": 38709
        },
        "2017-10": {
            "month": "2017-10",
            "price": "72.96",
            "revenue": 36663
        },
        "2017-11": {
            "month": "2017-11",
            "price": "69.18",
            "revenue": 37770
        },
        "2017-12": {
            "month": "2017-12",
            "price": "63.28",
            "revenue": 43542
        },
        "2018-01": {
            "month": "2018-01",
            "price": "64.15",
            "revenue": 71638
        },
        "2018-02": {
            "month": "2018-02",
            "price": "70.92",
            "revenue": 35233
        },
        "2018-03": {
            "month": "2018-03",
            "price": "71.13",
            "revenue": 42203
        },
        "2018-04": {
            "month": "2018-04",
            "price": "82.39",
            "revenue": 38414
        },
        "2018-05": {
            "month": "2018-05",
            "price": "70.97",
            "revenue": 46895
        },
        "2018-06": {
            "month": "2018-06",
            "price": "74.44",
            "revenue": 56132
        },
        "2018-07": {
            "month": "2018-07",
            "price": "81.91",
            "revenue": 33120
        },
        "2018-08": {
            "month": "2018-08",
            "price": "87.11",
            "revenue": 40645
        },
        "2018-09": {
            "month": "2018-09",
            "price": "80.89",
            "revenue": 37679
        },
        "2018-10": {
            "month": "2018-10",
            "price": "81.56",
            "revenue": 39418
        },
        "2018-11": {
            "month": "2018-11",
            "price": "75.55",
            "revenue": 36474
        },
        "2018-12": {
            "month": "2018-12",
            "price": "73.19",
            "revenue": 37796
        },
        "2019-01": {
            "month": "2019-01",
            "price": "71.08",
            "revenue": 72657
        },
        "2019-02": {
            "month": "2019-02",
            "price": "68.59",
            "revenue": 27135
        },
        "2019-03": {
            "month": "2019-03",
            "price": "68.64",
            "revenue": 37117
        },
        "2019-04": {
            "month": "2019-04",
            "price": "67.25",
            "revenue": 43183
        },
        "2019-05": {
            "month": "2019-05",
            "price": "66.52",
            "revenue": 41126
        },
        "2019-06": {
            "month": "2019-06",
            "price": "68.34",
            "revenue": 35776
        },
        "2019-07": {
            "month": "2019-07",
            "price": "69.32",
            "revenue": 40552
        },
        "2019-08": {
            "month": "2019-08",
            "price": "77.06",
            "revenue": 42019
        },
        "2019-09": {
            "month": "2019-09",
            "price": "79.81",
            "revenue": 48833
        },
        "2019-10": {
            "month": "2019-10",
            "price": "79.38",
            "revenue": 42097
        },
        "2019-11": {
            "month": "2019-11",
            "price": "80.27",
            "revenue": 40784
        },
        "2019-12": {
            "month": "2019-12",
            "price": "79.36",
            "revenue": 36387
        },
        "2020-01": {
            "month": "2020-01",
            "price": "78.59",
            "revenue": 50425
        },
        "2020-02": {
            "month": "2020-02",
            "price": "77.45",
            "revenue": 38872
        },
        "2020-03": {
            "month": "2020-03",
            "price": "74.34",
            "revenue": 47711
        },
        "2020-04": {
            "month": "2020-04",
            "price": "72.51",
            "revenue": 33781
        },
        "2020-05": {
            "month": "2020-05",
            "price": "68.86",
            "revenue": 26597
        },
        "2020-06": {
            "month": "2020-06",
            "price": "68.54",
            "revenue": 30372
        },
        "2020-07": {
            "month": "2020-07",
            "price": "66.36",
            "revenue": 35447
        },
        "2020-08": {
            "month": "2020-08",
            "price": "64.12",
            "revenue": 34687
        },
        "2020-09": {
            "month": "2020-09",
            "price": "63.84",
            "revenue": 30118
        },
        "2020-10": {
            "month": "2020-10",
            "price": "63.22",
            "revenue": 41304
        },
        "2020-11": {
            "month": "2020-11",
            "price": "61.22",
            "revenue": 35236
        },
        "2020-12": {
            "month": "2020-12",
            "price": "59.22",
            "revenue": 48332
        },
        "2021-01": {
            "month": "2021-01",
            "price": "58.97",
            "revenue": 36715
        },
        "2021-02": {
            "month": "2021-02",
            "price": "54.55",
            "revenue": 26133
        },
        "2021-03": {
            "month": "2021-03",
            "price": "51.67",
            "revenue": 38899
        },
        "2021-04": {
            "month": "2021-04",
            "price": "50.74",
            "revenue": 35077
        },
        "2021-05": {
            "month": "2021-05",
            "price": "43.30",
            "revenue": 36620
        },
        "2021-06": {
            "month": "2021-06",
            "price": "44.13",
            "revenue": 33597
        },
        "2021-07": {
            "month": "2021-07",
            "price": "41.97",
            "revenue": 29572
        },
        "2021-08": {
            "month": "2021-08",
            "price": "40.62",
            "revenue": 33975
        },
        "2021-09": {
            "month": "2021-09",
            "price": "39.81",
            "revenue": 35303
        },
        "2021-10": {
            "month": "2021-10",
            "price": "42.08",
            "revenue": 34287
        },
        "2021-11": {
            "month": "2021-11",
            "price": "44.27",
            "revenue": 36200
        },
        "2021-12": {
            "month": "2021-12",
            "price": "44.15",
            "revenue": 37105
        },
        "2022-01": {
            "month": "2022-01",
            "price": "43.20",
            "revenue": 49989
        },
        "2022-02": {
            "month": "2022-02",
            "price": "42.66",
            "revenue": 28121
        },
        "2022-03": {
            "month": "2022-03",
            "price": "42.96",
            "revenue": 42339
        },
        "2022-04": {
            "month": "2022-04",
            "price": "44.01",
            "revenue": 37103
        },
        "2022-05": {
            "month": "2022-05",
            "price": "42.41",
            "revenue": 36487
        },
        "2022-06": {
            "month": "2022-06",
            "price": "41.87",
            "revenue": 36029
        },
        "2022-07": {
            "month": "2022-07",
            "price": "41.30",
            "revenue": 34463
        },
        "2022-08": {
            "month": "2022-08",
            "price": "44.46",
            "revenue": 36654
        },
        "2022-09": {
            "month": "2022-09",
            "price": "47.69",
            "revenue": 41039
        },
        "2022-10": {
            "month": "2022-10",
            "price": "42.82",
            "revenue": 37557
        },
        "2022-11": {
            "month": "2022-11",
            "price": "44.44",
            "revenue": 38986
        },
        "2022-12": {
            "month": "2022-12",
            "price": "47.74",
            "revenue": 45610
        },
        "2023-01": {
            "month": "2023-01",
            "price": "46.95",
            "revenue": 41308
        },
        "2023-02": {
            "month": "2023-02",
            "price": "46.86",
            "revenue": 34638
        },
        "2023-03": {
            "month": "2023-03",
            "price": "46.60",
            "revenue": 41516
        },
        "2023-04": {
            "month": "2023-04",
            "price": "46.09",
            "revenue": 39677
        },
        "2023-05": {
            "month": "2023-05",
            "price": "45.31",
            "revenue": 42254
        },
        "2023-06": {
            "month": "2023-06",
            "price": "45.32",
            "revenue": 44772
        },
        "2023-07": {
            "month": "2023-07",
            "price": "46.65",
            "revenue": 40410
        },
        "2023-08": {
            "month": "2023-08",
            "price": "46.02",
            "revenue": 40829
        },
        "2023-09": {
            "month": "2023-09",
            "price": "45.72",
            "revenue": 42469
        },
        "2023-10": {
            "month": "2023-10",
            "price": "46.02",
            "revenue": 41707
        },
        "2023-11": {
            "month": "2023-11",
            "price": "51.63",
            "revenue": 43490
        },
        "2023-12": {
            "month": "2023-12",
            "price": "49.58",
            "revenue": 72125
        }
    }
}
