{
    "summary": {
        "stock_name": "弘帆",
        "stock_id": "8433",
        "category": "貿易百貨",
        "main_business": "流行髮飾.梳子.珠寶.手袋及其他等進出口業務",
        "website_url": "http://www.bonfame.com/",
        "ceo": "朱鵬飛",
        "pe_ratio": 9,
        "report_year_from": 2009,
        "report_year_to": 2023,
        "age": 14,
        "eps_negative_percentage": 0,
        "eps_growth_avg": {
            "last_all": 26.23,
            "last_2y": 33.53,
            "last_4y": 14.45,
            "last_8y": 18.03,
            "last_12y": null,
            "last_16y": null,
            "last_20y": null,
            "at_2006_last_3y": null,
            "at_2007_last_3y": null,
            "at_2008_last_3y": null,
            "at_2009_last_3y": null,
            "at_2010_last_3y": null,
            "at_2011_last_3y": null,
            "at_2012_last_3y": null,
            "at_2013_last_3y": null,
            "at_2014_last_3y": null,
            "at_2015_last_3y": null,
            "at_2016_last_3y": 51.72,
            "at_2017_last_3y": 22.5,
            "at_2018_last_3y": 15.63,
            "at_2019_last_3y": -9.97,
            "at_2020_last_3y": -15.91,
            "at_2021_last_3y": -6.93,
            "at_2022_last_3y": 16.63,
            "at_2023_last_3y": 16.63,
            "at_2006_last_all": null,
            "at_2007_last_all": null,
            "at_2008_last_all": null,
            "at_2009_last_all": null,
            "at_2010_last_all": null,
            "at_2011_last_all": null,
            "at_2012_last_all": null,
            "at_2013_last_all": null,
            "at_2014_last_all": 66.61,
            "at_2015_last_all": 67.18,
            "at_2016_last_all": 51.72,
            "at_2017_last_all": 38,
            "at_2018_last_all": 32.63,
            "at_2019_last_all": 23.1,
            "at_2020_last_all": 17.9,
            "at_2021_last_all": 18.03,
            "at_2022_last_all": 26.23,
            "at_2023_last_all": 26.23
        },
        "latest_eps": 9.27,
        "latest_price": 80.7,
        "latest_roe": 26.52,
        "latest_gross_margin": 27.63,
        "latest_equity": 2007190,
        "latest_revenue": 626078,
        "latest_gross_profit": 173005,
        "latest_net_income": 64154,
        "latest_debt_ratio": 50.03,
        "latest_current_ratio": 167.94,
        "latest_account_receivable_turnover_ratio": 1.2,
        "latest_inventory_turnover_ratio": 47.79,
        "latest_reinvestment_rate": 14.7,
        "latest_research_to_sale_ratio": 0.34
    },
    "eps_dividends": {
        "2001": {
            "cash": 0,
            "stock": 0,
            "eps": 0
        },
        "2002": {
            "cash": 0,
            "stock": 0,
            "eps": 0
        },
        "2003": {
            "cash": 0,
            "stock": 0,
            "eps": 0
        },
        "2004": {
            "cash": 0,
            "stock": 0,
            "eps": 0
        },
        "2005": {
            "cash": 0,
            "stock": 0,
            "eps": 0
        },
        "2006": {
            "cash": 0,
            "stock": 0,
            "eps": 0
        },
        "2007": {
            "cash": 0,
            "stock": 0,
            "eps": 0
        },
        "2008": {
            "cash": 0,
            "stock": 0,
            "eps": 0
        },
        "2009": {
            "cash": 0,
            "stock": 0,
            "eps": 0
        },
        "2010": {
            "cash": 0,
            "stock": 0,
            "eps": 0
        },
        "2011": {
            "cash": 1.6,
            "stock": 0,
            "eps": 0
        },
        "2012": {
            "cash": 1.8,
            "stock": 0,
            "eps": 0.78
        },
        "2013": {
            "cash": 1.8,
            "stock": 0,
            "eps": 3.01
        },
        "2014": {
            "cash": 3,
            "stock": 0,
            "eps": 4.01
        },
        "2015": {
            "cash": 3.5,
            "stock": 0,
            "eps": 6.75
        },
        "2016": {
            "cash": 5.5,
            "stock": 0,
            "eps": 7.11
        },
        "2017": {
            "cash": 6.06,
            "stock": 0,
            "eps": 5.91
        },
        "2018": {
            "cash": 5.05,
            "stock": 0,
            "eps": 6.25
        },
        "2019": {
            "cash": 3,
            "stock": 0,
            "eps": 4.12
        },
        "2020": {
            "cash": 2,
            "stock": 0,
            "eps": 3.36
        },
        "2021": {
            "cash": 2,
            "stock": 0,
            "eps": 4
        },
        "2022": {
            "cash": 2.5,
            "stock": 0,
            "eps": 9.67
        },
        "2023": {
            "cash": 5,
            "stock": 0,
            "eps": 1.23
        }
    },
    "dividends": {
        "2011-04-11": {
            "cash": 1.6,
            "stock": 0
        },
        "2012-06-05": {
            "cash": 1.8,
            "stock": 0
        },
        "2013-06-10": {
            "cash": 1.8,
            "stock": 0
        },
        "2014-06-19": {
            "cash": 3,
            "stock": 0
        },
        "2015-07-17": {
            "cash": 3.5,
            "stock": 0
        },
        "2016-07-22": {
            "cash": 5.5,
            "stock": 0
        },
        "2017-07-26": {
            "cash": 6.06,
            "stock": 0
        },
        "2018-08-01": {
            "cash": 5.05,
            "stock": 0
        },
        "2019-07-31": {
            "cash": 3,
            "stock": 0
        },
        "2020-07-31": {
            "cash": 2,
            "stock": 0
        },
        "2021-08-31": {
            "cash": 2,
            "stock": 0
        },
        "2022-08-02": {
            "cash": 2.5,
            "stock": 0
        },
        "2023-03-17": {
            "cash": 5,
            "stock": 0
        }
    },
    "prices": {
        "200101": "無",
        "200102": "無",
        "200103": "無",
        "200104": "無",
        "200105": "無",
        "200106": "無",
        "200107": "無",
        "200108": "無",
        "200109": "無",
        "200110": "無",
        "200111": "無",
        "200112": "無",
        "200201": "無",
        "200202": "無",
        "200203": "無",
        "200204": "無",
        "200205": "無",
        "200206": "無",
        "200207": "無",
        "200208": "無",
        "200209": "無",
        "200210": "無",
        "200211": "無",
        "200212": "無",
        "200301": "無",
        "200302": "無",
        "200303": "無",
        "200304": "無",
        "200305": "無",
        "200306": "無",
        "200307": "無",
        "200308": "無",
        "200309": "無",
        "200310": "無",
        "200311": "無",
        "200312": "無",
        "200401": "無",
        "200402": "無",
        "200403": "無",
        "200404": "無",
        "200405": "無",
        "200406": "無",
        "200407": "無",
        "200408": "無",
        "200409": "無",
        "200410": "無",
        "200411": "無",
        "200412": "無",
        "200501": "無",
        "200502": "無",
        "200503": "無",
        "200504": "無",
        "200505": "無",
        "200506": "無",
        "200507": "無",
        "200508": "無",
        "200509": "無",
        "200510": "無",
        "200511": "無",
        "200512": "無",
        "200601": "無",
        "200602": "無",
        "200603": "無",
        "200604": "無",
        "200605": "無",
        "200606": "無",
        "200607": "無",
        "200608": "無",
        "200609": "無",
        "200610": "無",
        "200611": "無",
        "200612": "無",
        "200701": "無",
        "200702": "無",
        "200703": "無",
        "200704": "無",
        "200705": "無",
        "200706": "無",
        "200707": "無",
        "200708": "無",
        "200709": "無",
        "200710": "無",
        "200711": "無",
        "200712": "無",
        "200801": "無",
        "200802": "無",
        "200803": "無",
        "200804": "無",
        "200805": "無",
        "200806": "無",
        "200807": "無",
        "200808": "無",
        "200809": "無",
        "200810": "無",
        "200811": "無",
        "200812": "無",
        "200901": "無",
        "200902": "無",
        "200903": "無",
        "200904": "無",
        "200905": "無",
        "200906": "無",
        "200907": "無",
        "200908": "無",
        "200909": "無",
        "200910": "無",
        "200911": "無",
        "200912": "無",
        "201001": "無",
        "201002": "無",
        "201003": "無",
        "201004": "無",
        "201005": "無",
        "201006": "無",
        "201007": "無",
        "201008": "無",
        "201009": "無",
        "201010": "無",
        "201011": "無",
        "201012": "無",
        "201101": "無",
        "201102": "無",
        "201103": "無",
        "201104": "無",
        "201105": "無",
        "201106": "無",
        "201107": "無",
        "201108": "無",
        "201109": "50.50",
        "201110": "50.00",
        "201111": "48.20",
        "201112": "47.13",
        "201201": "無",
        "201202": "46.14",
        "201203": "46.68",
        "201204": "45.89",
        "201205": "45.89",
        "201206": "45.89",
        "201207": "36.42",
        "201208": "32.10",
        "201209": "35.08",
        "201210": "38.91",
        "201211": "38.36",
        "201212": "27.32",
        "201301": "26.36",
        "201302": "26.35",
        "201303": "26.11",
        "201304": "31.33",
        "201305": "34.16",
        "201306": "33.36",
        "201307": "33.24",
        "201308": "39.47",
        "201309": "38.80",
        "201310": "40.93",
        "201311": "47.89",
        "201312": "47.63",
        "201401": "43.23",
        "201402": "43.01",
        "201403": "49.33",
        "201404": "49.05",
        "201405": "47.60",
        "201406": "47.22",
        "201407": "42.44",
        "201408": "40.55",
        "201409": "39.40",
        "201410": "38.52",
        "201411": "40.00",
        "201412": "43.16",
        "201501": "47.44",
        "201502": "50.73",
        "201503": "50.78",
        "201504": "65.87",
        "201505": "83.04",
        "201506": "95.11",
        "201507": "79.75",
        "201508": "74.49",
        "201509": "84.46",
        "201510": "109.63",
        "201511": "135.10",
        "201512": "130.85",
        "201601": "154.57",
        "201602": "172.96",
        "201603": "164.20",
        "201604": "155.39",
        "201605": "137.26",
        "201606": "147.55",
        "201607": "147.62",
        "201608": "159.68",
        "201609": "160.55",
        "201610": "169.60",
        "201611": "157.36",
        "201612": "152.50",
        "201701": "152.75",
        "201702": "121.86",
        "201703": "118.59",
        "201704": "110.01",
        "201705": "115.35",
        "201706": "116.22",
        "201707": "101.28",
        "201708": "90.90",
        "201709": "84.38",
        "201710": "82.32",
        "201711": "77.35",
        "201712": "70.78",
        "201801": "73.31",
        "201802": "72.81",
        "201803": "77.46",
        "201804": "75.99",
        "201805": "70.22",
        "201806": "65.76",
        "201807": "62.75",
        "201808": "63.00",
        "201809": "62.39",
        "201810": "53.84",
        "201811": "51.45",
        "201812": "54.71",
        "201901": "58.96",
        "201902": "62.24",
        "201903": "62.24",
        "201904": "57.32",
        "201905": "55.11",
        "201906": "55.68",
        "201907": "56.73",
        "201908": "54.34",
        "201909": "54.52",
        "201910": "54.07",
        "201911": "59.12",
        "201912": "59.67",
        "202001": "56.25",
        "202002": "52.55",
        "202003": "42.39",
        "202004": "39.64",
        "202005": "42.47",
        "202006": "44.28",
        "202007": "40.51",
        "202008": "38.76",
        "202009": "39.03",
        "202010": "38.42",
        "202011": "39.94",
        "202012": "43.20",
        "202101": "41.40",
        "202102": "41.77",
        "202103": "44.65",
        "202104": "47.42",
        "202105": "40.76",
        "202106": "42.30",
        "202107": "43.82",
        "202108": "40.94",
        "202109": "40.20",
        "202110": "40.37",
        "202111": "41.69",
        "202112": "42.91",
        "202201": "45.46",
        "202202": "44.76",
        "202203": "44.47",
        "202204": "44.27",
        "202205": "47.99",
        "202206": "52.63",
        "202207": "57.06",
        "202208": "65.00",
        "202209": "60.94",
        "202210": "49.83",
        "202211": "58.96",
        "202212": "63.72",
        "202301": "63.85",
        "202302": "70.39",
        "202303": "74.51",
        "202304": "70.76",
        "202305": "70.14",
        "202306": "77.84"
    },
    "quarters": {
        "20011": {
            "year_quarter": 20011,
            "year": 2001,
            "quarter": 1,
            "eps": null,
            "eps_growth_year": null,
            "eps_4q": null,
            "eps_4q_growth_year": null,
            "roe": null,
            "roe_4q": 0,
            "gross_profit": null,
            "gross_margin": null,
            "gross_margin_4q_avg": 0,
            "net_income": null,
            "revenue": null,
            "common_shares": null,
            "book_valuer_per_share": null,
            "book_valuer_per_share_4q_avg": 0,
            "equity": null,
            "current_ratio": null,
            "debt_ratio": null,
            "inventory_turnover_ratio": null,
            "account_receivable_turnover_ratio": null,
            "reinvestment_rate": null,
            "research_to_sale_ratio": null,
            "price_fair": 0,
            "eps_avg_yearly": 0,
            "eps_latest_yearly": 0,
            "eps_growth_yearly": 0
        },
        "20012": {
            "year_quarter": 20012,
            "year": 2001,
            "quarter": 2,
            "eps": null,
            "eps_growth_year": null,
            "eps_4q": null,
            "eps_4q_growth_year": null,
            "roe": null,
            "roe_4q": 0,
            "gross_profit": null,
            "gross_margin": null,
            "gross_margin_4q_avg": 0,
            "net_income": null,
            "revenue": null,
            "common_shares": null,
            "book_valuer_per_share": null,
            "book_valuer_per_share_4q_avg": 0,
            "equity": null,
            "current_ratio": null,
            "debt_ratio": null,
            "inventory_turnover_ratio": null,
            "account_receivable_turnover_ratio": null,
            "reinvestment_rate": null,
            "research_to_sale_ratio": null,
            "price_fair": 0,
            "eps_avg_yearly": 0,
            "eps_latest_yearly": 0,
            "eps_growth_yearly": 0
        },
        "20013": {
            "year_quarter": 20013,
            "year": 2001,
            "quarter": 3,
            "eps": null,
            "eps_growth_year": null,
            "eps_4q": null,
            "eps_4q_growth_year": null,
            "roe": null,
            "roe_4q": 0,
            "gross_profit": null,
            "gross_margin": null,
            "gross_margin_4q_avg": 0,
            "net_income": null,
            "revenue": null,
            "common_shares": null,
            "book_valuer_per_share": null,
            "book_valuer_per_share_4q_avg": 0,
            "equity": null,
            "current_ratio": null,
            "debt_ratio": null,
            "inventory_turnover_ratio": null,
            "account_receivable_turnover_ratio": null,
            "reinvestment_rate": null,
            "research_to_sale_ratio": null,
            "price_fair": 0,
            "eps_avg_yearly": 0,
            "eps_latest_yearly": 0,
            "eps_growth_yearly": 0
        },
        "20014": {
            "year_quarter": 20014,
            "year": 2001,
            "quarter": 4,
            "eps": null,
            "eps_growth_year": null,
            "eps_4q": null,
            "eps_4q_growth_year": null,
            "roe": null,
            "roe_4q": 0,
            "gross_profit": null,
            "gross_margin": null,
            "gross_margin_4q_avg": 0,
            "net_income": null,
            "revenue": null,
            "common_shares": null,
            "book_valuer_per_share": null,
            "book_valuer_per_share_4q_avg": 0,
            "equity": null,
            "current_ratio": null,
            "debt_ratio": null,
            "inventory_turnover_ratio": null,
            "account_receivable_turnover_ratio": null,
            "reinvestment_rate": null,
            "research_to_sale_ratio": null,
            "price_fair": 0,
            "eps_avg_yearly": 0,
            "eps_latest_yearly": 0,
            "eps_growth_yearly": 0
        },
        "20021": {
            "year_quarter": 20021,
            "year": 2002,
            "quarter": 1,
            "eps": null,
            "eps_growth_year": null,
            "eps_4q": null,
            "eps_4q_growth_year": null,
            "roe": null,
            "roe_4q": 0,
            "gross_profit": null,
            "gross_margin": null,
            "gross_margin_4q_avg": 0,
            "net_income": null,
            "revenue": null,
            "common_shares": null,
            "book_valuer_per_share": null,
            "book_valuer_per_share_4q_avg": 0,
            "equity": null,
            "current_ratio": null,
            "debt_ratio": null,
            "inventory_turnover_ratio": null,
            "account_receivable_turnover_ratio": null,
            "reinvestment_rate": null,
            "research_to_sale_ratio": null,
            "price_fair": 0,
            "eps_avg_yearly": 0,
            "eps_latest_yearly": 0,
            "eps_growth_yearly": 0
        },
        "20022": {
            "year_quarter": 20022,
            "year": 2002,
            "quarter": 2,
            "eps": null,
            "eps_growth_year": null,
            "eps_4q": null,
            "eps_4q_growth_year": null,
            "roe": null,
            "roe_4q": 0,
            "gross_profit": null,
            "gross_margin": null,
            "gross_margin_4q_avg": 0,
            "net_income": null,
            "revenue": null,
            "common_shares": null,
            "book_valuer_per_share": null,
            "book_valuer_per_share_4q_avg": 0,
            "equity": null,
            "current_ratio": null,
            "debt_ratio": null,
            "inventory_turnover_ratio": null,
            "account_receivable_turnover_ratio": null,
            "reinvestment_rate": null,
            "research_to_sale_ratio": null,
            "price_fair": 0,
            "eps_avg_yearly": 0,
            "eps_latest_yearly": 0,
            "eps_growth_yearly": 0
        },
        "20023": {
            "year_quarter": 20023,
            "year": 2002,
            "quarter": 3,
            "eps": null,
            "eps_growth_year": null,
            "eps_4q": null,
            "eps_4q_growth_year": null,
            "roe": null,
            "roe_4q": 0,
            "gross_profit": null,
            "gross_margin": null,
            "gross_margin_4q_avg": 0,
            "net_income": null,
            "revenue": null,
            "common_shares": null,
            "book_valuer_per_share": null,
            "book_valuer_per_share_4q_avg": 0,
            "equity": null,
            "current_ratio": null,
            "debt_ratio": null,
            "inventory_turnover_ratio": null,
            "account_receivable_turnover_ratio": null,
            "reinvestment_rate": null,
            "research_to_sale_ratio": null,
            "price_fair": 0,
            "eps_avg_yearly": 0,
            "eps_latest_yearly": 0,
            "eps_growth_yearly": 0
        },
        "20024": {
            "year_quarter": 20024,
            "year": 2002,
            "quarter": 4,
            "eps": null,
            "eps_growth_year": null,
            "eps_4q": null,
            "eps_4q_growth_year": null,
            "roe": null,
            "roe_4q": 0,
            "gross_profit": null,
            "gross_margin": null,
            "gross_margin_4q_avg": 0,
            "net_income": null,
            "revenue": null,
            "common_shares": null,
            "book_valuer_per_share": null,
            "book_valuer_per_share_4q_avg": 0,
            "equity": null,
            "current_ratio": null,
            "debt_ratio": null,
            "inventory_turnover_ratio": null,
            "account_receivable_turnover_ratio": null,
            "reinvestment_rate": null,
            "research_to_sale_ratio": null,
            "price_fair": 0,
            "eps_avg_yearly": 0,
            "eps_latest_yearly": 0,
            "eps_growth_yearly": 0
        },
        "20031": {
            "year_quarter": 20031,
            "year": 2003,
            "quarter": 1,
            "eps": null,
            "eps_growth_year": null,
            "eps_4q": null,
            "eps_4q_growth_year": null,
            "roe": null,
            "roe_4q": 0,
            "gross_profit": null,
            "gross_margin": null,
            "gross_margin_4q_avg": 0,
            "net_income": null,
            "revenue": null,
            "common_shares": null,
            "book_valuer_per_share": null,
            "book_valuer_per_share_4q_avg": 0,
            "equity": null,
            "current_ratio": null,
            "debt_ratio": null,
            "inventory_turnover_ratio": null,
            "account_receivable_turnover_ratio": null,
            "reinvestment_rate": null,
            "research_to_sale_ratio": null,
            "price_fair": 0,
            "eps_avg_yearly": 0,
            "eps_latest_yearly": 0,
            "eps_growth_yearly": 0
        },
        "20032": {
            "year_quarter": 20032,
            "year": 2003,
            "quarter": 2,
            "eps": null,
            "eps_growth_year": null,
            "eps_4q": null,
            "eps_4q_growth_year": null,
            "roe": null,
            "roe_4q": 0,
            "gross_profit": null,
            "gross_margin": null,
            "gross_margin_4q_avg": 0,
            "net_income": null,
            "revenue": null,
            "common_shares": null,
            "book_valuer_per_share": null,
            "book_valuer_per_share_4q_avg": 0,
            "equity": null,
            "current_ratio": null,
            "debt_ratio": null,
            "inventory_turnover_ratio": null,
            "account_receivable_turnover_ratio": null,
            "reinvestment_rate": null,
            "research_to_sale_ratio": null,
            "price_fair": 0,
            "eps_avg_yearly": 0,
            "eps_latest_yearly": 0,
            "eps_growth_yearly": 0
        },
        "20033": {
            "year_quarter": 20033,
            "year": 2003,
            "quarter": 3,
            "eps": null,
            "eps_growth_year": null,
            "eps_4q": null,
            "eps_4q_growth_year": null,
            "roe": null,
            "roe_4q": 0,
            "gross_profit": null,
            "gross_margin": null,
            "gross_margin_4q_avg": 0,
            "net_income": null,
            "revenue": null,
            "common_shares": null,
            "book_valuer_per_share": null,
            "book_valuer_per_share_4q_avg": 0,
            "equity": null,
            "current_ratio": null,
            "debt_ratio": null,
            "inventory_turnover_ratio": null,
            "account_receivable_turnover_ratio": null,
            "reinvestment_rate": null,
            "research_to_sale_ratio": null,
            "price_fair": 0,
            "eps_avg_yearly": 0,
            "eps_latest_yearly": 0,
            "eps_growth_yearly": 0
        },
        "20034": {
            "year_quarter": 20034,
            "year": 2003,
            "quarter": 4,
            "eps": null,
            "eps_growth_year": null,
            "eps_4q": null,
            "eps_4q_growth_year": null,
            "roe": null,
            "roe_4q": 0,
            "gross_profit": null,
            "gross_margin": null,
            "gross_margin_4q_avg": 0,
            "net_income": null,
            "revenue": null,
            "common_shares": null,
            "book_valuer_per_share": null,
            "book_valuer_per_share_4q_avg": 0,
            "equity": null,
            "current_ratio": null,
            "debt_ratio": null,
            "inventory_turnover_ratio": null,
            "account_receivable_turnover_ratio": null,
            "reinvestment_rate": null,
            "research_to_sale_ratio": null,
            "price_fair": 0,
            "eps_avg_yearly": 0,
            "eps_latest_yearly": 0,
            "eps_growth_yearly": 0
        },
        "20041": {
            "year_quarter": 20041,
            "year": 2004,
            "quarter": 1,
            "eps": null,
            "eps_growth_year": null,
            "eps_4q": null,
            "eps_4q_growth_year": null,
            "roe": null,
            "roe_4q": 0,
            "gross_profit": null,
            "gross_margin": null,
            "gross_margin_4q_avg": 0,
            "net_income": null,
            "revenue": null,
            "common_shares": null,
            "book_valuer_per_share": null,
            "book_valuer_per_share_4q_avg": 0,
            "equity": null,
            "current_ratio": null,
            "debt_ratio": null,
            "inventory_turnover_ratio": null,
            "account_receivable_turnover_ratio": null,
            "reinvestment_rate": null,
            "research_to_sale_ratio": null,
            "price_fair": 0,
            "eps_avg_yearly": 0,
            "eps_latest_yearly": 0,
            "eps_growth_yearly": 0
        },
        "20042": {
            "year_quarter": 20042,
            "year": 2004,
            "quarter": 2,
            "eps": null,
            "eps_growth_year": null,
            "eps_4q": null,
            "eps_4q_growth_year": null,
            "roe": null,
            "roe_4q": 0,
            "gross_profit": null,
            "gross_margin": null,
            "gross_margin_4q_avg": 0,
            "net_income": null,
            "revenue": null,
            "common_shares": null,
            "book_valuer_per_share": null,
            "book_valuer_per_share_4q_avg": 0,
            "equity": null,
            "current_ratio": null,
            "debt_ratio": null,
            "inventory_turnover_ratio": null,
            "account_receivable_turnover_ratio": null,
            "reinvestment_rate": null,
            "research_to_sale_ratio": null,
            "price_fair": 0,
            "eps_avg_yearly": 0,
            "eps_latest_yearly": 0,
            "eps_growth_yearly": 0
        },
        "20043": {
            "year_quarter": 20043,
            "year": 2004,
            "quarter": 3,
            "eps": null,
            "eps_growth_year": null,
            "eps_4q": null,
            "eps_4q_growth_year": null,
            "roe": null,
            "roe_4q": 0,
            "gross_profit": null,
            "gross_margin": null,
            "gross_margin_4q_avg": 0,
            "net_income": null,
            "revenue": null,
            "common_shares": null,
            "book_valuer_per_share": null,
            "book_valuer_per_share_4q_avg": 0,
            "equity": null,
            "current_ratio": null,
            "debt_ratio": null,
            "inventory_turnover_ratio": null,
            "account_receivable_turnover_ratio": null,
            "reinvestment_rate": null,
            "research_to_sale_ratio": null,
            "price_fair": 0,
            "eps_avg_yearly": 0,
            "eps_latest_yearly": 0,
            "eps_growth_yearly": 0
        },
        "20044": {
            "year_quarter": 20044,
            "year": 2004,
            "quarter": 4,
            "eps": null,
            "eps_growth_year": null,
            "eps_4q": null,
            "eps_4q_growth_year": null,
            "roe": null,
            "roe_4q": 0,
            "gross_profit": null,
            "gross_margin": null,
            "gross_margin_4q_avg": 0,
            "net_income": null,
            "revenue": null,
            "common_shares": null,
            "book_valuer_per_share": null,
            "book_valuer_per_share_4q_avg": 0,
            "equity": null,
            "current_ratio": null,
            "debt_ratio": null,
            "inventory_turnover_ratio": null,
            "account_receivable_turnover_ratio": null,
            "reinvestment_rate": null,
            "research_to_sale_ratio": null,
            "price_fair": 0,
            "eps_avg_yearly": 0,
            "eps_latest_yearly": 0,
            "eps_growth_yearly": 0
        },
        "20051": {
            "year_quarter": 20051,
            "year": 2005,
            "quarter": 1,
            "eps": null,
            "eps_growth_year": null,
            "eps_4q": null,
            "eps_4q_growth_year": null,
            "roe": null,
            "roe_4q": 0,
            "gross_profit": null,
            "gross_margin": null,
            "gross_margin_4q_avg": 0,
            "net_income": null,
            "revenue": null,
            "common_shares": null,
            "book_valuer_per_share": null,
            "book_valuer_per_share_4q_avg": 0,
            "equity": null,
            "current_ratio": null,
            "debt_ratio": null,
            "inventory_turnover_ratio": null,
            "account_receivable_turnover_ratio": null,
            "reinvestment_rate": null,
            "research_to_sale_ratio": null,
            "price_fair": 0,
            "eps_avg_yearly": 0,
            "eps_latest_yearly": 0,
            "eps_growth_yearly": 0
        },
        "20052": {
            "year_quarter": 20052,
            "year": 2005,
            "quarter": 2,
            "eps": null,
            "eps_growth_year": null,
            "eps_4q": null,
            "eps_4q_growth_year": null,
            "roe": null,
            "roe_4q": 0,
            "gross_profit": null,
            "gross_margin": null,
            "gross_margin_4q_avg": 0,
            "net_income": null,
            "revenue": null,
            "common_shares": null,
            "book_valuer_per_share": null,
            "book_valuer_per_share_4q_avg": 0,
            "equity": null,
            "current_ratio": null,
            "debt_ratio": null,
            "inventory_turnover_ratio": null,
            "account_receivable_turnover_ratio": null,
            "reinvestment_rate": null,
            "research_to_sale_ratio": null,
            "price_fair": 0,
            "eps_avg_yearly": 0,
            "eps_latest_yearly": 0,
            "eps_growth_yearly": 0
        },
        "20053": {
            "year_quarter": 20053,
            "year": 2005,
            "quarter": 3,
            "eps": null,
            "eps_growth_year": null,
            "eps_4q": null,
            "eps_4q_growth_year": null,
            "roe": null,
            "roe_4q": 0,
            "gross_profit": null,
            "gross_margin": null,
            "gross_margin_4q_avg": 0,
            "net_income": null,
            "revenue": null,
            "common_shares": null,
            "book_valuer_per_share": null,
            "book_valuer_per_share_4q_avg": 0,
            "equity": null,
            "current_ratio": null,
            "debt_ratio": null,
            "inventory_turnover_ratio": null,
            "account_receivable_turnover_ratio": null,
            "reinvestment_rate": null,
            "research_to_sale_ratio": null,
            "price_fair": 0,
            "eps_avg_yearly": 0,
            "eps_latest_yearly": 0,
            "eps_growth_yearly": 0
        },
        "20054": {
            "year_quarter": 20054,
            "year": 2005,
            "quarter": 4,
            "eps": null,
            "eps_growth_year": null,
            "eps_4q": null,
            "eps_4q_growth_year": null,
            "roe": null,
            "roe_4q": 0,
            "gross_profit": null,
            "gross_margin": null,
            "gross_margin_4q_avg": 0,
            "net_income": null,
            "revenue": null,
            "common_shares": null,
            "book_valuer_per_share": null,
            "book_valuer_per_share_4q_avg": 0,
            "equity": null,
            "current_ratio": null,
            "debt_ratio": null,
            "inventory_turnover_ratio": null,
            "account_receivable_turnover_ratio": null,
            "reinvestment_rate": null,
            "research_to_sale_ratio": null,
            "price_fair": 0,
            "eps_avg_yearly": 0,
            "eps_latest_yearly": 0,
            "eps_growth_yearly": 0
        },
        "20061": {
            "year_quarter": 20061,
            "year": 2006,
            "quarter": 1,
            "eps": null,
            "eps_growth_year": null,
            "eps_4q": null,
            "eps_4q_growth_year": null,
            "roe": null,
            "roe_4q": 0,
            "gross_profit": null,
            "gross_margin": null,
            "gross_margin_4q_avg": 0,
            "net_income": null,
            "revenue": null,
            "common_shares": null,
            "book_valuer_per_share": null,
            "book_valuer_per_share_4q_avg": 0,
            "equity": null,
            "current_ratio": null,
            "debt_ratio": null,
            "inventory_turnover_ratio": null,
            "account_receivable_turnover_ratio": null,
            "reinvestment_rate": null,
            "research_to_sale_ratio": null,
            "price_fair": 0,
            "eps_avg_yearly": 0,
            "eps_latest_yearly": 0,
            "eps_growth_yearly": 0
        },
        "20062": {
            "year_quarter": 20062,
            "year": 2006,
            "quarter": 2,
            "eps": null,
            "eps_growth_year": null,
            "eps_4q": null,
            "eps_4q_growth_year": null,
            "roe": null,
            "roe_4q": 0,
            "gross_profit": null,
            "gross_margin": null,
            "gross_margin_4q_avg": 0,
            "net_income": null,
            "revenue": null,
            "common_shares": null,
            "book_valuer_per_share": null,
            "book_valuer_per_share_4q_avg": 0,
            "equity": null,
            "current_ratio": null,
            "debt_ratio": null,
            "inventory_turnover_ratio": null,
            "account_receivable_turnover_ratio": null,
            "reinvestment_rate": null,
            "research_to_sale_ratio": null,
            "price_fair": 0,
            "eps_avg_yearly": 0,
            "eps_latest_yearly": 0,
            "eps_growth_yearly": 0
        },
        "20063": {
            "year_quarter": 20063,
            "year": 2006,
            "quarter": 3,
            "eps": null,
            "eps_growth_year": null,
            "eps_4q": null,
            "eps_4q_growth_year": null,
            "roe": null,
            "roe_4q": 0,
            "gross_profit": null,
            "gross_margin": null,
            "gross_margin_4q_avg": 0,
            "net_income": null,
            "revenue": null,
            "common_shares": null,
            "book_valuer_per_share": null,
            "book_valuer_per_share_4q_avg": 0,
            "equity": null,
            "current_ratio": null,
            "debt_ratio": null,
            "inventory_turnover_ratio": null,
            "account_receivable_turnover_ratio": null,
            "reinvestment_rate": null,
            "research_to_sale_ratio": null,
            "price_fair": 0,
            "eps_avg_yearly": 0,
            "eps_latest_yearly": 0,
            "eps_growth_yearly": 0
        },
        "20064": {
            "year_quarter": 20064,
            "year": 2006,
            "quarter": 4,
            "eps": null,
            "eps_growth_year": null,
            "eps_4q": null,
            "eps_4q_growth_year": null,
            "roe": null,
            "roe_4q": 0,
            "gross_profit": null,
            "gross_margin": null,
            "gross_margin_4q_avg": 0,
            "net_income": null,
            "revenue": null,
            "common_shares": null,
            "book_valuer_per_share": null,
            "book_valuer_per_share_4q_avg": 0,
            "equity": null,
            "current_ratio": null,
            "debt_ratio": null,
            "inventory_turnover_ratio": null,
            "account_receivable_turnover_ratio": null,
            "reinvestment_rate": null,
            "research_to_sale_ratio": null,
            "price_fair": 0,
            "eps_avg_yearly": 0,
            "eps_latest_yearly": 0,
            "eps_growth_yearly": 0
        },
        "20071": {
            "year_quarter": 20071,
            "year": 2007,
            "quarter": 1,
            "eps": null,
            "eps_growth_year": null,
            "eps_4q": null,
            "eps_4q_growth_year": null,
            "roe": null,
            "roe_4q": 0,
            "gross_profit": null,
            "gross_margin": null,
            "gross_margin_4q_avg": 0,
            "net_income": null,
            "revenue": null,
            "common_shares": null,
            "book_valuer_per_share": null,
            "book_valuer_per_share_4q_avg": 0,
            "equity": null,
            "current_ratio": null,
            "debt_ratio": null,
            "inventory_turnover_ratio": null,
            "account_receivable_turnover_ratio": null,
            "reinvestment_rate": null,
            "research_to_sale_ratio": null,
            "price_fair": 0,
            "eps_avg_yearly": 0,
            "eps_latest_yearly": 0,
            "eps_growth_yearly": 0
        },
        "20072": {
            "year_quarter": 20072,
            "year": 2007,
            "quarter": 2,
            "eps": null,
            "eps_growth_year": null,
            "eps_4q": null,
            "eps_4q_growth_year": null,
            "roe": null,
            "roe_4q": 0,
            "gross_profit": null,
            "gross_margin": null,
            "gross_margin_4q_avg": 0,
            "net_income": null,
            "revenue": null,
            "common_shares": null,
            "book_valuer_per_share": null,
            "book_valuer_per_share_4q_avg": 0,
            "equity": null,
            "current_ratio": null,
            "debt_ratio": null,
            "inventory_turnover_ratio": null,
            "account_receivable_turnover_ratio": null,
            "reinvestment_rate": null,
            "research_to_sale_ratio": null,
            "price_fair": 0,
            "eps_avg_yearly": 0,
            "eps_latest_yearly": 0,
            "eps_growth_yearly": 0
        },
        "20073": {
            "year_quarter": 20073,
            "year": 2007,
            "quarter": 3,
            "eps": null,
            "eps_growth_year": null,
            "eps_4q": null,
            "eps_4q_growth_year": null,
            "roe": null,
            "roe_4q": 0,
            "gross_profit": null,
            "gross_margin": null,
            "gross_margin_4q_avg": 0,
            "net_income": null,
            "revenue": null,
            "common_shares": null,
            "book_valuer_per_share": null,
            "book_valuer_per_share_4q_avg": 0,
            "equity": null,
            "current_ratio": null,
            "debt_ratio": null,
            "inventory_turnover_ratio": null,
            "account_receivable_turnover_ratio": null,
            "reinvestment_rate": null,
            "research_to_sale_ratio": null,
            "price_fair": 0,
            "eps_avg_yearly": 0,
            "eps_latest_yearly": 0,
            "eps_growth_yearly": 0
        },
        "20074": {
            "year_quarter": 20074,
            "year": 2007,
            "quarter": 4,
            "eps": null,
            "eps_growth_year": null,
            "eps_4q": null,
            "eps_4q_growth_year": null,
            "roe": null,
            "roe_4q": 0,
            "gross_profit": null,
            "gross_margin": null,
            "gross_margin_4q_avg": 0,
            "net_income": null,
            "revenue": null,
            "common_shares": null,
            "book_valuer_per_share": null,
            "book_valuer_per_share_4q_avg": 0,
            "equity": null,
            "current_ratio": null,
            "debt_ratio": null,
            "inventory_turnover_ratio": null,
            "account_receivable_turnover_ratio": null,
            "reinvestment_rate": null,
            "research_to_sale_ratio": null,
            "price_fair": 0,
            "eps_avg_yearly": 0,
            "eps_latest_yearly": 0,
            "eps_growth_yearly": 0
        },
        "20081": {
            "year_quarter": 20081,
            "year": 2008,
            "quarter": 1,
            "eps": null,
            "eps_growth_year": null,
            "eps_4q": null,
            "eps_4q_growth_year": null,
            "roe": null,
            "roe_4q": 0,
            "gross_profit": null,
            "gross_margin": null,
            "gross_margin_4q_avg": 0,
            "net_income": null,
            "revenue": null,
            "common_shares": null,
            "book_valuer_per_share": null,
            "book_valuer_per_share_4q_avg": 0,
            "equity": null,
            "current_ratio": null,
            "debt_ratio": null,
            "inventory_turnover_ratio": null,
            "account_receivable_turnover_ratio": null,
            "reinvestment_rate": null,
            "research_to_sale_ratio": null,
            "price_fair": 0,
            "eps_avg_yearly": 0,
            "eps_latest_yearly": 0,
            "eps_growth_yearly": 0
        },
        "20082": {
            "year_quarter": 20082,
            "year": 2008,
            "quarter": 2,
            "eps": null,
            "eps_growth_year": null,
            "eps_4q": null,
            "eps_4q_growth_year": null,
            "roe": null,
            "roe_4q": 0,
            "gross_profit": null,
            "gross_margin": null,
            "gross_margin_4q_avg": 0,
            "net_income": null,
            "revenue": null,
            "common_shares": null,
            "book_valuer_per_share": null,
            "book_valuer_per_share_4q_avg": 0,
            "equity": null,
            "current_ratio": null,
            "debt_ratio": null,
            "inventory_turnover_ratio": null,
            "account_receivable_turnover_ratio": null,
            "reinvestment_rate": null,
            "research_to_sale_ratio": null,
            "price_fair": 0,
            "eps_avg_yearly": 0,
            "eps_latest_yearly": 0,
            "eps_growth_yearly": 0
        },
        "20083": {
            "year_quarter": 20083,
            "year": 2008,
            "quarter": 3,
            "eps": null,
            "eps_growth_year": null,
            "eps_4q": null,
            "eps_4q_growth_year": null,
            "roe": null,
            "roe_4q": 0,
            "gross_profit": null,
            "gross_margin": null,
            "gross_margin_4q_avg": 0,
            "net_income": null,
            "revenue": null,
            "common_shares": null,
            "book_valuer_per_share": null,
            "book_valuer_per_share_4q_avg": 0,
            "equity": null,
            "current_ratio": null,
            "debt_ratio": null,
            "inventory_turnover_ratio": null,
            "account_receivable_turnover_ratio": null,
            "reinvestment_rate": null,
            "research_to_sale_ratio": null,
            "price_fair": 0,
            "eps_avg_yearly": 0,
            "eps_latest_yearly": 0,
            "eps_growth_yearly": 0
        },
        "20084": {
            "year_quarter": 20084,
            "year": 2008,
            "quarter": 4,
            "eps": null,
            "eps_growth_year": null,
            "eps_4q": null,
            "eps_4q_growth_year": null,
            "roe": null,
            "roe_4q": 0,
            "gross_profit": null,
            "gross_margin": null,
            "gross_margin_4q_avg": 0,
            "net_income": null,
            "revenue": null,
            "common_shares": 20000,
            "book_valuer_per_share": 10.19,
            "book_valuer_per_share_4q_avg": 2.55,
            "equity": 20374,
            "current_ratio": 99.04,
            "debt_ratio": 81.31,
            "inventory_turnover_ratio": null,
            "account_receivable_turnover_ratio": null,
            "reinvestment_rate": null,
            "research_to_sale_ratio": null,
            "price_fair": 0,
            "eps_avg_yearly": 0,
            "eps_latest_yearly": 0,
            "eps_growth_yearly": 0
        },
        "20091": {
            "year_quarter": 20091,
            "year": 2009,
            "quarter": 1,
            "eps": null,
            "eps_growth_year": null,
            "eps_4q": null,
            "eps_4q_growth_year": null,
            "roe": null,
            "roe_4q": 0,
            "gross_profit": null,
            "gross_margin": null,
            "gross_margin_4q_avg": 0,
            "net_income": null,
            "revenue": null,
            "common_shares": null,
            "book_valuer_per_share": null,
            "book_valuer_per_share_4q_avg": 2.55,
            "equity": null,
            "current_ratio": null,
            "debt_ratio": null,
            "inventory_turnover_ratio": null,
            "account_receivable_turnover_ratio": null,
            "reinvestment_rate": null,
            "research_to_sale_ratio": null,
            "price_fair": 0,
            "eps_avg_yearly": 0,
            "eps_latest_yearly": 0,
            "eps_growth_yearly": 0
        },
        "20092": {
            "year_quarter": 20092,
            "year": 2009,
            "quarter": 2,
            "eps": null,
            "eps_growth_year": null,
            "eps_4q": null,
            "eps_4q_growth_year": null,
            "roe": null,
            "roe_4q": 0,
            "gross_profit": null,
            "gross_margin": null,
            "gross_margin_4q_avg": 0,
            "net_income": null,
            "revenue": null,
            "common_shares": null,
            "book_valuer_per_share": null,
            "book_valuer_per_share_4q_avg": 2.55,
            "equity": null,
            "current_ratio": null,
            "debt_ratio": null,
            "inventory_turnover_ratio": null,
            "account_receivable_turnover_ratio": null,
            "reinvestment_rate": null,
            "research_to_sale_ratio": null,
            "price_fair": 0,
            "eps_avg_yearly": 0,
            "eps_latest_yearly": 0,
            "eps_growth_yearly": 0
        },
        "20093": {
            "year_quarter": 20093,
            "year": 2009,
            "quarter": 3,
            "eps": null,
            "eps_growth_year": null,
            "eps_4q": null,
            "eps_4q_growth_year": null,
            "roe": null,
            "roe_4q": 0,
            "gross_profit": null,
            "gross_margin": null,
            "gross_margin_4q_avg": 0,
            "net_income": null,
            "revenue": null,
            "common_shares": null,
            "book_valuer_per_share": null,
            "book_valuer_per_share_4q_avg": 2.55,
            "equity": null,
            "current_ratio": null,
            "debt_ratio": null,
            "inventory_turnover_ratio": null,
            "account_receivable_turnover_ratio": null,
            "reinvestment_rate": null,
            "research_to_sale_ratio": null,
            "price_fair": 0,
            "eps_avg_yearly": 0,
            "eps_latest_yearly": 0,
            "eps_growth_yearly": 0
        },
        "20094": {
            "year_quarter": 20094,
            "year": 2009,
            "quarter": 4,
            "eps": null,
            "eps_growth_year": null,
            "eps_4q": null,
            "eps_4q_growth_year": null,
            "roe": null,
            "roe_4q": 0,
            "gross_profit": null,
            "gross_margin": null,
            "gross_margin_4q_avg": 0,
            "net_income": null,
            "revenue": null,
            "common_shares": 20000,
            "book_valuer_per_share": 10,
            "book_valuer_per_share_4q_avg": 2.5,
            "equity": 20004,
            "current_ratio": 100.88,
            "debt_ratio": 76.89,
            "inventory_turnover_ratio": null,
            "account_receivable_turnover_ratio": null,
            "reinvestment_rate": null,
            "research_to_sale_ratio": null,
            "price_fair": 0,
            "eps_avg_yearly": 0,
            "eps_latest_yearly": 0,
            "eps_growth_yearly": 0
        },
        "20101": {
            "year_quarter": 20101,
            "year": 2010,
            "quarter": 1,
            "eps": null,
            "eps_growth_year": null,
            "eps_4q": null,
            "eps_4q_growth_year": null,
            "roe": null,
            "roe_4q": 0,
            "gross_profit": null,
            "gross_margin": null,
            "gross_margin_4q_avg": 0,
            "net_income": null,
            "revenue": null,
            "common_shares": null,
            "book_valuer_per_share": null,
            "book_valuer_per_share_4q_avg": 2.5,
            "equity": null,
            "current_ratio": null,
            "debt_ratio": null,
            "inventory_turnover_ratio": null,
            "account_receivable_turnover_ratio": null,
            "reinvestment_rate": null,
            "research_to_sale_ratio": null,
            "price_fair": 0,
            "eps_avg_yearly": 0,
            "eps_latest_yearly": 0,
            "eps_growth_yearly": 0
        },
        "20102": {
            "year_quarter": 20102,
            "year": 2010,
            "quarter": 2,
            "eps": null,
            "eps_growth_year": null,
            "eps_4q": null,
            "eps_4q_growth_year": null,
            "roe": null,
            "roe_4q": 0,
            "gross_profit": null,
            "gross_margin": null,
            "gross_margin_4q_avg": 0,
            "net_income": null,
            "revenue": null,
            "common_shares": null,
            "book_valuer_per_share": null,
            "book_valuer_per_share_4q_avg": 2.5,
            "equity": null,
            "current_ratio": null,
            "debt_ratio": null,
            "inventory_turnover_ratio": null,
            "account_receivable_turnover_ratio": null,
            "reinvestment_rate": null,
            "research_to_sale_ratio": null,
            "price_fair": 0,
            "eps_avg_yearly": 0,
            "eps_latest_yearly": 0,
            "eps_growth_yearly": 0
        },
        "20103": {
            "year_quarter": 20103,
            "year": 2010,
            "quarter": 3,
            "eps": null,
            "eps_growth_year": null,
            "eps_4q": null,
            "eps_4q_growth_year": null,
            "roe": null,
            "roe_4q": 0,
            "gross_profit": null,
            "gross_margin": null,
            "gross_margin_4q_avg": 0,
            "net_income": null,
            "revenue": null,
            "common_shares": null,
            "book_valuer_per_share": null,
            "book_valuer_per_share_4q_avg": 2.5,
            "equity": null,
            "current_ratio": null,
            "debt_ratio": null,
            "inventory_turnover_ratio": null,
            "account_receivable_turnover_ratio": null,
            "reinvestment_rate": null,
            "research_to_sale_ratio": null,
            "price_fair": 0,
            "eps_avg_yearly": 0,
            "eps_latest_yearly": 0,
            "eps_growth_yearly": 0
        },
        "20104": {
            "year_quarter": 20104,
            "year": 2010,
            "quarter": 4,
            "eps": null,
            "eps_growth_year": null,
            "eps_4q": null,
            "eps_4q_growth_year": null,
            "roe": null,
            "roe_4q": 0,
            "gross_profit": null,
            "gross_margin": null,
            "gross_margin_4q_avg": 0,
            "net_income": null,
            "revenue": null,
            "common_shares": 600000,
            "book_valuer_per_share": 7.09,
            "book_valuer_per_share_4q_avg": 1.77,
            "equity": 850367,
            "current_ratio": 180.4,
            "debt_ratio": 39.02,
            "inventory_turnover_ratio": null,
            "account_receivable_turnover_ratio": null,
            "reinvestment_rate": null,
            "research_to_sale_ratio": null,
            "price_fair": 0,
            "eps_avg_yearly": 0,
            "eps_latest_yearly": 0,
            "eps_growth_yearly": 0
        },
        "20111": {
            "year_quarter": 20111,
            "year": 2011,
            "quarter": 1,
            "eps": null,
            "eps_growth_year": null,
            "eps_4q": null,
            "eps_4q_growth_year": null,
            "roe": null,
            "roe_4q": 0,
            "gross_profit": null,
            "gross_margin": null,
            "gross_margin_4q_avg": 0,
            "net_income": null,
            "revenue": null,
            "common_shares": null,
            "book_valuer_per_share": null,
            "book_valuer_per_share_4q_avg": 1.77,
            "equity": null,
            "current_ratio": null,
            "debt_ratio": null,
            "inventory_turnover_ratio": null,
            "account_receivable_turnover_ratio": null,
            "reinvestment_rate": null,
            "research_to_sale_ratio": null,
            "price_fair": 0,
            "eps_avg_yearly": 0,
            "eps_latest_yearly": 0,
            "eps_growth_yearly": 0
        },
        "20112": {
            "year_quarter": 20112,
            "year": 2011,
            "quarter": 2,
            "eps": null,
            "eps_growth_year": null,
            "eps_4q": null,
            "eps_4q_growth_year": null,
            "roe": null,
            "roe_4q": 0,
            "gross_profit": null,
            "gross_margin": null,
            "gross_margin_4q_avg": 0,
            "net_income": null,
            "revenue": null,
            "common_shares": 600000,
            "book_valuer_per_share": null,
            "book_valuer_per_share_4q_avg": 1.77,
            "equity": 822066,
            "current_ratio": null,
            "debt_ratio": null,
            "inventory_turnover_ratio": null,
            "account_receivable_turnover_ratio": null,
            "reinvestment_rate": null,
            "research_to_sale_ratio": null,
            "price_fair": 0,
            "eps_avg_yearly": 0,
            "eps_latest_yearly": 0,
            "eps_growth_yearly": 0
        },
        "20113": {
            "year_quarter": 20113,
            "year": 2011,
            "quarter": 3,
            "eps": null,
            "eps_growth_year": null,
            "eps_4q": null,
            "eps_4q_growth_year": null,
            "roe": null,
            "roe_4q": 0,
            "gross_profit": 98147,
            "gross_margin": null,
            "gross_margin_4q_avg": 0,
            "net_income": 53965,
            "revenue": 571147,
            "common_shares": 600000,
            "book_valuer_per_share": 15.42,
            "book_valuer_per_share_4q_avg": 5.63,
            "equity": 925413,
            "current_ratio": 172.19,
            "debt_ratio": 30.11,
            "inventory_turnover_ratio": null,
            "account_receivable_turnover_ratio": null,
            "reinvestment_rate": null,
            "research_to_sale_ratio": null,
            "price_fair": 0,
            "eps_avg_yearly": 0,
            "eps_latest_yearly": 0,
            "eps_growth_yearly": 0
        },
        "20114": {
            "year_quarter": 20114,
            "year": 2011,
            "quarter": 4,
            "eps": null,
            "eps_growth_year": null,
            "eps_4q": null,
            "eps_4q_growth_year": null,
            "roe": null,
            "roe_4q": 0,
            "gross_profit": 100758,
            "gross_margin": null,
            "gross_margin_4q_avg": 0,
            "net_income": 41845,
            "revenue": 553542,
            "common_shares": 600000,
            "book_valuer_per_share": 16.22,
            "book_valuer_per_share_4q_avg": 7.91,
            "equity": 973381,
            "current_ratio": 179.35,
            "debt_ratio": 29.78,
            "inventory_turnover_ratio": null,
            "account_receivable_turnover_ratio": null,
            "reinvestment_rate": null,
            "research_to_sale_ratio": null,
            "price_fair": 0,
            "eps_avg_yearly": 0,
            "eps_latest_yearly": 0,
            "eps_growth_yearly": 0
        },
        "20121": {
            "year_quarter": 20121,
            "year": 2012,
            "quarter": 1,
            "eps": null,
            "eps_growth_year": null,
            "eps_4q": null,
            "eps_4q_growth_year": null,
            "roe": null,
            "roe_4q": 0,
            "gross_profit": 85442,
            "gross_margin": null,
            "gross_margin_4q_avg": 0,
            "net_income": -131,
            "revenue": 460417,
            "common_shares": 600000,
            "book_valuer_per_share": null,
            "book_valuer_per_share_4q_avg": 7.91,
            "equity": 943292,
            "current_ratio": null,
            "debt_ratio": null,
            "inventory_turnover_ratio": null,
            "account_receivable_turnover_ratio": null,
            "reinvestment_rate": null,
            "research_to_sale_ratio": null,
            "price_fair": 0,
            "eps_avg_yearly": 0,
            "eps_latest_yearly": 0,
            "eps_growth_yearly": 0
        },
        "20122": {
            "year_quarter": 20122,
            "year": 2012,
            "quarter": 2,
            "eps": null,
            "eps_growth_year": null,
            "eps_4q": null,
            "eps_4q_growth_year": null,
            "roe": null,
            "roe_4q": 0,
            "gross_profit": 118971,
            "gross_margin": null,
            "gross_margin_4q_avg": 0,
            "net_income": 49599,
            "revenue": 608163,
            "common_shares": 600000,
            "book_valuer_per_share": 15,
            "book_valuer_per_share_4q_avg": 11.66,
            "equity": 900257,
            "current_ratio": 147.28,
            "debt_ratio": 37.92,
            "inventory_turnover_ratio": null,
            "account_receivable_turnover_ratio": null,
            "reinvestment_rate": null,
            "research_to_sale_ratio": null,
            "price_fair": 0,
            "eps_avg_yearly": 0,
            "eps_latest_yearly": 0,
            "eps_growth_yearly": 0
        },
        "20123": {
            "year_quarter": 20123,
            "year": 2012,
            "quarter": 3,
            "eps": 0.28,
            "eps_growth_year": null,
            "eps_4q": 0.28,
            "eps_4q_growth_year": null,
            "roe": 1.87,
            "roe_4q": 1.87,
            "gross_profit": 99284,
            "gross_margin": 18.45,
            "gross_margin_4q_avg": 4.61,
            "net_income": 16984,
            "revenue": 538231,
            "common_shares": 600000,
            "book_valuer_per_share": 15.2,
            "book_valuer_per_share_4q_avg": 11.61,
            "equity": 912276,
            "current_ratio": 160.86,
            "debt_ratio": 34.53,
            "inventory_turnover_ratio": 5.59,
            "account_receivable_turnover_ratio": 1.82,
            "reinvestment_rate": null,
            "research_to_sale_ratio": 0.73,
            "price_fair": 0,
            "eps_avg_yearly": 0,
            "eps_latest_yearly": 0,
            "eps_growth_yearly": 0
        },
        "20124": {
            "year_quarter": 20124,
            "year": 2012,
            "quarter": 4,
            "eps": 0.5,
            "eps_growth_year": null,
            "eps_4q": 0.76,
            "eps_4q_growth_year": null,
            "roe": 3.27,
            "roe_4q": 5.140000000000001,
            "gross_profit": 108901,
            "gross_margin": 19.88,
            "gross_margin_4q_avg": 9.58,
            "net_income": 32967,
            "revenue": 547699,
            "common_shares": 657220,
            "book_valuer_per_share": 16.82,
            "book_valuer_per_share_4q_avg": 11.76,
            "equity": 1105499,
            "current_ratio": 210.02,
            "debt_ratio": 29,
            "inventory_turnover_ratio": 4.51,
            "account_receivable_turnover_ratio": 1.7,
            "reinvestment_rate": null,
            "research_to_sale_ratio": 0.95,
            "price_fair": 70,
            "eps_avg_yearly": 2,
            "eps_latest_yearly": 2,
            "eps_growth_yearly": 314.29
        },
        "20131": {
            "year_quarter": 20131,
            "year": 2013,
            "quarter": 1,
            "eps": 0.62,
            "eps_growth_year": null,
            "eps_4q": 1.38,
            "eps_4q_growth_year": null,
            "roe": 3.63,
            "roe_4q": 8.77,
            "gross_profit": 109044,
            "gross_margin": 20.37,
            "gross_margin_4q_avg": 14.68,
            "net_income": 40784,
            "revenue": 535371,
            "common_shares": 657220,
            "book_valuer_per_share": 17.41,
            "book_valuer_per_share_4q_avg": 16.11,
            "equity": 1144134,
            "current_ratio": 209.81,
            "debt_ratio": 30.62,
            "inventory_turnover_ratio": 4.03,
            "account_receivable_turnover_ratio": 1.81,
            "reinvestment_rate": null,
            "research_to_sale_ratio": 0.66,
            "price_fair": 78.4,
            "eps_avg_yearly": 2.24,
            "eps_latest_yearly": 2.48,
            "eps_growth_yearly": 205.14
        },
        "20132": {
            "year_quarter": 20132,
            "year": 2013,
            "quarter": 2,
            "eps": 0.89,
            "eps_growth_year": null,
            "eps_4q": 2.27,
            "eps_4q_growth_year": null,
            "roe": 5.25,
            "roe_4q": 14.02,
            "gross_profit": 131632,
            "gross_margin": 20.04,
            "gross_margin_4q_avg": 19.69,
            "net_income": 58774,
            "revenue": 656777,
            "common_shares": 657220,
            "book_valuer_per_share": 16.66,
            "book_valuer_per_share_4q_avg": 16.52,
            "equity": 1094613,
            "current_ratio": 186.48,
            "debt_ratio": 34.29,
            "inventory_turnover_ratio": 5.86,
            "account_receivable_turnover_ratio": 2.25,
            "reinvestment_rate": null,
            "research_to_sale_ratio": 0.63,
            "price_fair": 93.8,
            "eps_avg_yearly": 2.68,
            "eps_latest_yearly": 3.56,
            "eps_growth_yearly": 194.83
        },
        "20133": {
            "year_quarter": 20133,
            "year": 2013,
            "quarter": 3,
            "eps": 0.81,
            "eps_growth_year": 186.15,
            "eps_4q": 3.46,
            "eps_4q_growth_year": 1120.96,
            "roe": 4.68,
            "roe_4q": 16.83,
            "gross_profit": 127346,
            "gross_margin": 20.18,
            "gross_margin_4q_avg": 20.12,
            "net_income": 49190,
            "revenue": 631102,
            "common_shares": 525776,
            "book_valuer_per_share": 19.15,
            "book_valuer_per_share_4q_avg": 17.51,
            "equity": 1006795,
            "current_ratio": 176.68,
            "debt_ratio": 34.9,
            "inventory_turnover_ratio": 6.46,
            "account_receivable_turnover_ratio": 1.73,
            "reinvestment_rate": null,
            "research_to_sale_ratio": 0.62,
            "price_fair": 98.7,
            "eps_avg_yearly": 2.82,
            "eps_latest_yearly": 3.24,
            "eps_growth_yearly": 137.13
        },
        "20134": {
            "year_quarter": 20134,
            "year": 2013,
            "quarter": 4,
            "eps": 0.69,
            "eps_growth_year": 36.76,
            "eps_4q": 3.52,
            "eps_4q_growth_year": 362.49,
            "roe": 3.5,
            "roe_4q": 17.06,
            "gross_profit": 114917,
            "gross_margin": 20.4,
            "gross_margin_4q_avg": 20.25,
            "net_income": 36068,
            "revenue": 563229,
            "common_shares": 525776,
            "book_valuer_per_share": 20.06,
            "book_valuer_per_share_4q_avg": 18.32,
            "equity": 1054470,
            "current_ratio": 208.07,
            "debt_ratio": 28.93,
            "inventory_turnover_ratio": 4.77,
            "account_receivable_turnover_ratio": 1.5,
            "reinvestment_rate": null,
            "research_to_sale_ratio": 0.87,
            "price_fair": 98.28,
            "eps_avg_yearly": 2.81,
            "eps_latest_yearly": 2.76,
            "eps_growth_yearly": 97.85
        },
        "20141": {
            "year_quarter": 20141,
            "year": 2014,
            "quarter": 1,
            "eps": 0.78,
            "eps_growth_year": 25.81,
            "eps_4q": 3.52,
            "eps_4q_growth_year": 154.97,
            "roe": 3.8,
            "roe_4q": 17.23,
            "gross_profit": 111191,
            "gross_margin": 22.46,
            "gross_margin_4q_avg": 20.77,
            "net_income": 41043,
            "revenue": 495088,
            "common_shares": 525776,
            "book_valuer_per_share": 21,
            "book_valuer_per_share_4q_avg": 19.22,
            "equity": 1104080,
            "current_ratio": 251.89,
            "debt_ratio": 23.7,
            "inventory_turnover_ratio": 4.25,
            "account_receivable_turnover_ratio": 1.43,
            "reinvestment_rate": null,
            "research_to_sale_ratio": 0.8,
            "price_fair": 100.1,
            "eps_avg_yearly": 2.86,
            "eps_latest_yearly": 3.12,
            "eps_growth_yearly": 90.24
        },
        "20142": {
            "year_quarter": 20142,
            "year": 2014,
            "quarter": 2,
            "eps": 0.78,
            "eps_growth_year": -12.36,
            "eps_4q": 3.18,
            "eps_4q_growth_year": 39.85,
            "roe": 3.94,
            "roe_4q": 15.92,
            "gross_profit": 96116,
            "gross_margin": 21.14,
            "gross_margin_4q_avg": 21.05,
            "net_income": 40970,
            "revenue": 454623,
            "common_shares": 525776,
            "book_valuer_per_share": 18.55,
            "book_valuer_per_share_4q_avg": 19.69,
            "equity": 975066,
            "current_ratio": 182.96,
            "debt_ratio": 33.77,
            "inventory_turnover_ratio": 5.5,
            "account_receivable_turnover_ratio": 1.54,
            "reinvestment_rate": null,
            "research_to_sale_ratio": 0.92,
            "price_fair": 101.4,
            "eps_avg_yearly": 2.9,
            "eps_latest_yearly": 3.12,
            "eps_growth_yearly": 77.35
        },
        "20143": {
            "year_quarter": 20143,
            "year": 2014,
            "quarter": 3,
            "eps": 1.27,
            "eps_growth_year": 56.79,
            "eps_4q": 3.51,
            "eps_4q_growth_year": 1.59,
            "roe": 6.56,
            "roe_4q": 17.8,
            "gross_profit": 123549,
            "gross_margin": 22.61,
            "gross_margin_4q_avg": 21.65,
            "net_income": 66522,
            "revenue": 546359,
            "common_shares": 525776,
            "book_valuer_per_share": 20.03,
            "book_valuer_per_share_4q_avg": 19.91,
            "equity": 1052929,
            "current_ratio": 254.8,
            "debt_ratio": 23.7,
            "inventory_turnover_ratio": 7.18,
            "account_receivable_turnover_ratio": 1.78,
            "reinvestment_rate": null,
            "research_to_sale_ratio": 0.73,
            "price_fair": 110.95,
            "eps_avg_yearly": 3.17,
            "eps_latest_yearly": 5.08,
            "eps_growth_yearly": 99.09
        },
        "20144": {
            "year_quarter": 20144,
            "year": 2014,
            "quarter": 4,
            "eps": 1.18,
            "eps_growth_year": 72.44,
            "eps_4q": 4.01,
            "eps_4q_growth_year": 14.02,
            "roe": 5.65,
            "roe_4q": 19.950000000000003,
            "gross_profit": 124266,
            "gross_margin": 22.09,
            "gross_margin_4q_avg": 22.08,
            "net_income": 62120,
            "revenue": 562485,
            "common_shares": 525776,
            "book_valuer_per_share": 21.67,
            "book_valuer_per_share_4q_avg": 20.31,
            "equity": 1145644,
            "current_ratio": 253.11,
            "debt_ratio": 25.14,
            "inventory_turnover_ratio": 7.56,
            "account_receivable_turnover_ratio": 1.41,
            "reinvestment_rate": null,
            "research_to_sale_ratio": 0.62,
            "price_fair": 116.98,
            "eps_avg_yearly": 3.34,
            "eps_latest_yearly": 4.72,
            "eps_growth_yearly": 84.93
        },
        "20151": {
            "year_quarter": 20151,
            "year": 2015,
            "quarter": 1,
            "eps": 1.21,
            "eps_growth_year": 55.13,
            "eps_4q": 4.43,
            "eps_4q_growth_year": 25.95,
            "roe": 5.36,
            "roe_4q": 21.51,
            "gross_profit": 130643,
            "gross_margin": 23.28,
            "gross_margin_4q_avg": 22.28,
            "net_income": 62939,
            "revenue": 561076,
            "common_shares": 525776,
            "book_valuer_per_share": 22.73,
            "book_valuer_per_share_4q_avg": 20.75,
            "equity": 1200656,
            "current_ratio": 278.02,
            "debt_ratio": 23.53,
            "inventory_turnover_ratio": 8.76,
            "account_receivable_turnover_ratio": 1.31,
            "reinvestment_rate": null,
            "research_to_sale_ratio": 0.7,
            "price_fair": 122.22,
            "eps_avg_yearly": 3.49,
            "eps_latest_yearly": 4.84,
            "eps_growth_yearly": 77.45
        },
        "20152": {
            "year_quarter": 20152,
            "year": 2015,
            "quarter": 2,
            "eps": 1.44,
            "eps_growth_year": 84.62,
            "eps_4q": 5.1,
            "eps_4q_growth_year": 60.16,
            "roe": 6.6,
            "roe_4q": 24.169999999999998,
            "gross_profit": 149483,
            "gross_margin": 23.8,
            "gross_margin_4q_avg": 22.95,
            "net_income": 75464,
            "revenue": 628200,
            "common_shares": 525776,
            "book_valuer_per_share": 20.53,
            "book_valuer_per_share_4q_avg": 21.24,
            "equity": 1084743,
            "current_ratio": 185.74,
            "debt_ratio": 36.18,
            "inventory_turnover_ratio": 11.23,
            "account_receivable_turnover_ratio": 1.45,
            "reinvestment_rate": -45.23,
            "research_to_sale_ratio": 0.62,
            "price_fair": 129.44,
            "eps_avg_yearly": 3.7,
            "eps_latest_yearly": 5.76,
            "eps_growth_yearly": 77.33
        },
        "20153": {
            "year_quarter": 20153,
            "year": 2015,
            "quarter": 3,
            "eps": 2.15,
            "eps_growth_year": 69.29,
            "eps_4q": 5.98,
            "eps_4q_growth_year": 70.45,
            "roe": 9.87,
            "roe_4q": 27.479999999999997,
            "gross_profit": 157076,
            "gross_margin": 25.36,
            "gross_margin_4q_avg": 23.63,
            "net_income": 113317,
            "revenue": 619278,
            "common_shares": 525776,
            "book_valuer_per_share": 22.94,
            "book_valuer_per_share_4q_avg": 21.97,
            "equity": 1211680,
            "current_ratio": 211.21,
            "debt_ratio": 28.96,
            "inventory_turnover_ratio": 9.02,
            "account_receivable_turnover_ratio": 1.41,
            "reinvestment_rate": -30.48,
            "research_to_sale_ratio": 0.71,
            "price_fair": 143.73,
            "eps_avg_yearly": 4.11,
            "eps_latest_yearly": 8.6,
            "eps_growth_yearly": 87.32
        },
        "20154": {
            "year_quarter": 20154,
            "year": 2015,
            "quarter": 4,
            "eps": 1.95,
            "eps_growth_year": 64.8,
            "eps_4q": 6.75,
            "eps_4q_growth_year": 68.45,
            "roe": 8.23,
            "roe_4q": 30.060000000000002,
            "gross_profit": 178477,
            "gross_margin": 24.52,
            "gross_margin_4q_avg": 24.24,
            "net_income": 103487,
            "revenue": 727950,
            "common_shares": 525776,
            "book_valuer_per_share": 24.64,
            "book_valuer_per_share_4q_avg": 22.71,
            "equity": 1302399,
            "current_ratio": 226.94,
            "debt_ratio": 28.91,
            "inventory_turnover_ratio": 9.83,
            "account_receivable_turnover_ratio": 1.48,
            "reinvestment_rate": -108.19,
            "research_to_sale_ratio": 0.7,
            "price_fair": 153.68,
            "eps_avg_yearly": 4.39,
            "eps_latest_yearly": 7.8,
            "eps_growth_yearly": 77.74
        },
        "20161": {
            "year_quarter": 20161,
            "year": 2016,
            "quarter": 1,
            "eps": 1.64,
            "eps_growth_year": 35.54,
            "eps_4q": 7.19,
            "eps_4q_growth_year": 62.14,
            "roe": 6.46,
            "roe_4q": 31.160000000000004,
            "gross_profit": 158459,
            "gross_margin": 24.09,
            "gross_margin_4q_avg": 24.44,
            "net_income": 86753,
            "revenue": 657757,
            "common_shares": 525776,
            "book_valuer_per_share": 26.15,
            "book_valuer_per_share_4q_avg": 23.57,
            "equity": 1381777,
            "current_ratio": 278.21,
            "debt_ratio": 24,
            "inventory_turnover_ratio": 17.69,
            "account_receivable_turnover_ratio": 1.17,
            "reinvestment_rate": 2.3,
            "research_to_sale_ratio": 0.76,
            "price_fair": 159.1,
            "eps_avg_yearly": 4.55,
            "eps_latest_yearly": 6.56,
            "eps_growth_yearly": 67.64
        },
        "20162": {
            "year_quarter": 20162,
            "year": 2016,
            "quarter": 2,
            "eps": 1.8,
            "eps_growth_year": 25,
            "eps_4q": 7.55,
            "eps_4q_growth_year": 48.16,
            "roe": 7.38,
            "roe_4q": 31.939999999999998,
            "gross_profit": 154806,
            "gross_margin": 23.01,
            "gross_margin_4q_avg": 24.25,
            "net_income": 94390,
            "revenue": 672866,
            "common_shares": 525776,
            "book_valuer_per_share": 22.22,
            "book_valuer_per_share_4q_avg": 23.99,
            "equity": 1175061,
            "current_ratio": 173.34,
            "debt_ratio": 39.23,
            "inventory_turnover_ratio": 1830.6,
            "account_receivable_turnover_ratio": 1.16,
            "reinvestment_rate": -87.89,
            "research_to_sale_ratio": 0.71,
            "price_fair": 165.29,
            "eps_avg_yearly": 4.72,
            "eps_latest_yearly": 7.2,
            "eps_growth_yearly": 65.73
        },
        "20163": {
            "year_quarter": 20163,
            "year": 2016,
            "quarter": 3,
            "eps": 1.57,
            "eps_growth_year": -26.98,
            "eps_4q": 6.96,
            "eps_4q_growth_year": 16.33,
            "roe": 6.8,
            "roe_4q": 28.87,
            "gross_profit": 173923,
            "gross_margin": 22.72,
            "gross_margin_4q_avg": 23.59,
            "net_income": 82049,
            "revenue": 765626,
            "common_shares": 525776,
            "book_valuer_per_share": 23.43,
            "book_valuer_per_share_4q_avg": 24.11,
            "equity": 1238170,
            "current_ratio": 149.05,
            "debt_ratio": 46.1,
            "inventory_turnover_ratio": 3470.4,
            "account_receivable_turnover_ratio": 1.17,
            "reinvestment_rate": -79.91,
            "research_to_sale_ratio": 0.68,
            "price_fair": 168.7,
            "eps_avg_yearly": 4.82,
            "eps_latest_yearly": 6.28,
            "eps_growth_yearly": 58.43
        },
        "20164": {
            "year_quarter": 20164,
            "year": 2016,
            "quarter": 4,
            "eps": 2.1,
            "eps_growth_year": 7.64,
            "eps_4q": 7.11,
            "eps_4q_growth_year": 5.33,
            "roe": 8.59,
            "roe_4q": 29.23,
            "gross_profit": 178224,
            "gross_margin": 22.2,
            "gross_margin_4q_avg": 23.01,
            "net_income": 110965,
            "revenue": 802856,
            "common_shares": 525776,
            "book_valuer_per_share": 25.43,
            "book_valuer_per_share_4q_avg": 24.31,
            "equity": 1343961,
            "current_ratio": 169.85,
            "debt_ratio": 41.41,
            "inventory_turnover_ratio": 4493.76,
            "account_receivable_turnover_ratio": 1.13,
            "reinvestment_rate": -75.14,
            "research_to_sale_ratio": 0.64,
            "price_fair": 182.7,
            "eps_avg_yearly": 5.22,
            "eps_latest_yearly": 8.4,
            "eps_growth_yearly": 47.23
        },
        "20171": {
            "year_quarter": 20171,
            "year": 2017,
            "quarter": 1,
            "eps": 1.01,
            "eps_growth_year": -38.41,
            "eps_4q": 6.54,
            "eps_4q_growth_year": -9.07,
            "roe": 4.18,
            "roe_4q": 26.95,
            "gross_profit": 147971,
            "gross_margin": 23.37,
            "gross_margin_4q_avg": 22.83,
            "net_income": 55564,
            "revenue": 633135,
            "common_shares": 525776,
            "book_valuer_per_share": 25.04,
            "book_valuer_per_share_4q_avg": 24.03,
            "equity": 1313904,
            "current_ratio": 198.91,
            "debt_ratio": 38.09,
            "inventory_turnover_ratio": 2725.64,
            "account_receivable_turnover_ratio": 1.02,
            "reinvestment_rate": -8.44,
            "research_to_sale_ratio": 0.8,
            "price_fair": 186.11,
            "eps_avg_yearly": 5.32,
            "eps_latest_yearly": 4.04,
            "eps_growth_yearly": 28.25
        },
        "20172": {
            "year_quarter": 20172,
            "year": 2017,
            "quarter": 2,
            "eps": 1.8,
            "eps_growth_year": 0,
            "eps_4q": 6.52,
            "eps_4q_growth_year": -13.61,
            "roe": 7.68,
            "roe_4q": 27.25,
            "gross_profit": 174284,
            "gross_margin": 22.65,
            "gross_margin_4q_avg": 22.74,
            "net_income": 92747,
            "revenue": 769375,
            "common_shares": 525776,
            "book_valuer_per_share": 20.99,
            "book_valuer_per_share_4q_avg": 23.72,
            "equity": 1100717,
            "current_ratio": 143.38,
            "debt_ratio": 51.8,
            "inventory_turnover_ratio": 3826.95,
            "account_receivable_turnover_ratio": 1.39,
            "reinvestment_rate": -7.71,
            "research_to_sale_ratio": 0.66,
            "price_fair": 194.08,
            "eps_avg_yearly": 5.55,
            "eps_latest_yearly": 7.2,
            "eps_growth_yearly": 36.92
        },
        "20173": {
            "year_quarter": 20173,
            "year": 2017,
            "quarter": 3,
            "eps": 2.01,
            "eps_growth_year": 28.03,
            "eps_4q": 6.89,
            "eps_4q_growth_year": -1.08,
            "roe": 9.03,
            "roe_4q": 29.48,
            "gross_profit": 180369,
            "gross_margin": 22.14,
            "gross_margin_4q_avg": 22.59,
            "net_income": 104586,
            "revenue": 814793,
            "common_shares": 525776,
            "book_valuer_per_share": 22.98,
            "book_valuer_per_share_4q_avg": 23.61,
            "equity": 1215587,
            "current_ratio": 146.33,
            "debt_ratio": 50.15,
            "inventory_turnover_ratio": 3677.82,
            "account_receivable_turnover_ratio": 1.44,
            "reinvestment_rate": -6.72,
            "research_to_sale_ratio": 0.65,
            "price_fair": 204.58,
            "eps_avg_yearly": 5.85,
            "eps_latest_yearly": 8.04,
            "eps_growth_yearly": 42.08
        },
        "20174": {
            "year_quarter": 20174,
            "year": 2017,
            "quarter": 4,
            "eps": 1.09,
            "eps_growth_year": -48.11,
            "eps_4q": 5.92,
            "eps_4q_growth_year": -16.7,
            "roe": 4.53,
            "roe_4q": 25.419999999999998,
            "gross_profit": 149501,
            "gross_margin": 23.42,
            "gross_margin_4q_avg": 22.9,
            "net_income": 56327,
            "revenue": 638212,
            "common_shares": 525776,
            "book_valuer_per_share": 24.29,
            "book_valuer_per_share_4q_avg": 23.33,
            "equity": 1272312,
            "current_ratio": 156.26,
            "debt_ratio": 47.29,
            "inventory_turnover_ratio": 2053.41,
            "account_receivable_turnover_ratio": 1.21,
            "reinvestment_rate": -6.57,
            "research_to_sale_ratio": 0.78,
            "price_fair": 208.08,
            "eps_avg_yearly": 5.95,
            "eps_latest_yearly": 4.36,
            "eps_growth_yearly": 34.34
        },
        "20181": {
            "year_quarter": 20181,
            "year": 2018,
            "quarter": 1,
            "eps": 0.74,
            "eps_growth_year": -26.73,
            "eps_4q": 5.64,
            "eps_4q_growth_year": -13.76,
            "roe": 3.23,
            "roe_4q": 24.47,
            "gross_profit": 155594,
            "gross_margin": 22.26,
            "gross_margin_4q_avg": 22.62,
            "net_income": 42540,
            "revenue": 699132,
            "common_shares": 525776,
            "book_valuer_per_share": 25.24,
            "book_valuer_per_share_4q_avg": 23.38,
            "equity": 1358018,
            "current_ratio": 166.16,
            "debt_ratio": 44.9,
            "inventory_turnover_ratio": 2606.9,
            "account_receivable_turnover_ratio": 1.41,
            "reinvestment_rate": -6.07,
            "research_to_sale_ratio": 0.77,
            "price_fair": 196.19,
            "eps_avg_yearly": 5.94,
            "eps_latest_yearly": 2.96,
            "eps_growth_yearly": 23.06
        },
        "20182": {
            "year_quarter": 20182,
            "year": 2018,
            "quarter": 2,
            "eps": 2.08,
            "eps_growth_year": 15.56,
            "eps_4q": 5.92,
            "eps_4q_growth_year": -9.26,
            "roe": 8.8,
            "roe_4q": 25.590000000000003,
            "gross_profit": 173747,
            "gross_margin": 21.1,
            "gross_margin_4q_avg": 22.23,
            "net_income": 112762,
            "revenue": 823324,
            "common_shares": 525776,
            "book_valuer_per_share": 22.23,
            "book_valuer_per_share_4q_avg": 23.69,
            "equity": 1205981,
            "current_ratio": 141.82,
            "debt_ratio": 52.82,
            "inventory_turnover_ratio": 2143.82,
            "account_receivable_turnover_ratio": 1.53,
            "reinvestment_rate": -2.71,
            "research_to_sale_ratio": 0.67,
            "price_fair": 219.1,
            "eps_avg_yearly": 6.26,
            "eps_latest_yearly": 8.32,
            "eps_growth_yearly": 68.33
        },
        "20183": {
            "year_quarter": 20183,
            "year": 2018,
            "quarter": 3,
            "eps": 1.8,
            "eps_growth_year": -10.45,
            "eps_4q": 5.71,
            "eps_4q_growth_year": -17.06,
            "roe": 7.79,
            "roe_4q": 24.35,
            "gross_profit": 190616,
            "gross_margin": 22.43,
            "gross_margin_4q_avg": 22.3,
            "net_income": 95064,
            "revenue": 849871,
            "common_shares": 525776,
            "book_valuer_per_share": 23.58,
            "book_valuer_per_share_4q_avg": 23.84,
            "equity": 1235247,
            "current_ratio": 142.69,
            "debt_ratio": 50.61,
            "inventory_turnover_ratio": 252.39,
            "account_receivable_turnover_ratio": 1.47,
            "reinvestment_rate": -2.86,
            "research_to_sale_ratio": 0.67,
            "price_fair": 223.74,
            "eps_avg_yearly": 6.39,
            "eps_latest_yearly": 7.2,
            "eps_growth_yearly": 49.26
        },
        "20184": {
            "year_quarter": 20184,
            "year": 2018,
            "quarter": 4,
            "eps": 1.63,
            "eps_growth_year": 49.86,
            "eps_4q": 6.25,
            "eps_4q_growth_year": 5.6,
            "roe": 6.61,
            "roe_4q": 26.430000000000003,
            "gross_profit": 173475,
            "gross_margin": 23.13,
            "gross_margin_4q_avg": 22.23,
            "net_income": 84410,
            "revenue": 750087,
            "common_shares": 525776,
            "book_valuer_per_share": 25.31,
            "book_valuer_per_share_4q_avg": 24.09,
            "equity": 1318266,
            "current_ratio": 147.64,
            "debt_ratio": 49.89,
            "inventory_turnover_ratio": 93.98,
            "account_receivable_turnover_ratio": 1.35,
            "reinvestment_rate": -2.65,
            "research_to_sale_ratio": 1.19,
            "price_fair": 227.68,
            "eps_avg_yearly": 6.51,
            "eps_latest_yearly": 6.52,
            "eps_growth_yearly": 48.67
        },
        "20191": {
            "year_quarter": 20191,
            "year": 2019,
            "quarter": 1,
            "eps": 0.99,
            "eps_growth_year": 33.78,
            "eps_4q": 6.51,
            "eps_4q_growth_year": 15.52,
            "roe": 3.83,
            "roe_4q": 27.03,
            "gross_profit": 127406,
            "gross_margin": 22.55,
            "gross_margin_4q_avg": 22.3,
            "net_income": 51746,
            "revenue": 565115,
            "common_shares": 525776,
            "book_valuer_per_share": 26.59,
            "book_valuer_per_share_4q_avg": 24.43,
            "equity": 1385106,
            "current_ratio": 159.92,
            "debt_ratio": 45.46,
            "inventory_turnover_ratio": 61.99,
            "account_receivable_turnover_ratio": 1.16,
            "reinvestment_rate": -2.01,
            "research_to_sale_ratio": 1.34,
            "price_fair": 225.75,
            "eps_avg_yearly": 6.45,
            "eps_latest_yearly": 3.96,
            "eps_growth_yearly": 38.22
        },
        "20192": {
            "year_quarter": 20192,
            "year": 2019,
            "quarter": 2,
            "eps": 1.26,
            "eps_growth_year": -39.42,
            "eps_4q": 5.69,
            "eps_4q_growth_year": -3.8,
            "roe": 4.92,
            "roe_4q": 23.15,
            "gross_profit": 161291,
            "gross_margin": 20.65,
            "gross_margin_4q_avg": 22.19,
            "net_income": 65691,
            "revenue": 781166,
            "common_shares": 525776,
            "book_valuer_per_share": 24.7,
            "book_valuer_per_share_4q_avg": 25.05,
            "equity": 1286210,
            "current_ratio": 142.96,
            "debt_ratio": 51.64,
            "inventory_turnover_ratio": 117.79,
            "account_receivable_turnover_ratio": 1.63,
            "reinvestment_rate": -1.88,
            "research_to_sale_ratio": 1.14,
            "price_fair": 224.18,
            "eps_avg_yearly": 6.41,
            "eps_latest_yearly": 5.04,
            "eps_growth_yearly": 40.28
        },
        "20193": {
            "year_quarter": 20193,
            "year": 2019,
            "quarter": 3,
            "eps": 1.19,
            "eps_growth_year": -33.89,
            "eps_4q": 5.08,
            "eps_4q_growth_year": -11.06,
            "roe": 4.75,
            "roe_4q": 20.11,
            "gross_profit": 162474,
            "gross_margin": 21.2,
            "gross_margin_4q_avg": 21.88,
            "net_income": 62146,
            "revenue": 766522,
            "common_shares": 525776,
            "book_valuer_per_share": 25.52,
            "book_valuer_per_share_4q_avg": 25.53,
            "equity": 1329381,
            "current_ratio": 131.53,
            "debt_ratio": 50.34,
            "inventory_turnover_ratio": 202.7,
            "account_receivable_turnover_ratio": 1.53,
            "reinvestment_rate": -5.59,
            "research_to_sale_ratio": 0.75,
            "price_fair": 215.78,
            "eps_avg_yearly": 6.17,
            "eps_latest_yearly": 4.76,
            "eps_growth_yearly": 26.57
        },
        "20194": {
            "year_quarter": 20194,
            "year": 2019,
            "quarter": 4,
            "eps": 0.68,
            "eps_growth_year": -58.06,
            "eps_4q": 4.13,
            "eps_4q_growth_year": -33.93,
            "roe": 2.67,
            "roe_4q": 16.17,
            "gross_profit": 171070,
            "gross_margin": 22.09,
            "gross_margin_4q_avg": 21.62,
            "net_income": 35645,
            "revenue": 774328,
            "common_shares": 525776,
            "book_valuer_per_share": 25.79,
            "book_valuer_per_share_4q_avg": 25.65,
            "equity": 1343298,
            "current_ratio": 124.7,
            "debt_ratio": 50.05,
            "inventory_turnover_ratio": 313.79,
            "account_receivable_turnover_ratio": 1.77,
            "reinvestment_rate": 0.4,
            "research_to_sale_ratio": 0.65,
            "price_fair": 164.77,
            "eps_avg_yearly": 5.85,
            "eps_latest_yearly": 2.72,
            "eps_growth_yearly": 18.18
        },
        "20201": {
            "year_quarter": 20201,
            "year": 2020,
            "quarter": 1,
            "eps": 0.78,
            "eps_growth_year": -21.21,
            "eps_4q": 3.91,
            "eps_4q_growth_year": -39.89,
            "roe": 2.97,
            "roe_4q": 15.31,
            "gross_profit": 108005,
            "gross_margin": 22.89,
            "gross_margin_4q_avg": 21.71,
            "net_income": 40372,
            "revenue": 471787,
            "common_shares": 525776,
            "book_valuer_per_share": 26.45,
            "book_valuer_per_share_4q_avg": 25.62,
            "equity": 1377466,
            "current_ratio": 130.94,
            "debt_ratio": 48.01,
            "inventory_turnover_ratio": 378.35,
            "account_receivable_turnover_ratio": 1.23,
            "reinvestment_rate": 1.97,
            "research_to_sale_ratio": 1.03,
            "price_fair": 197.14,
            "eps_avg_yearly": 5.63,
            "eps_latest_yearly": 3.12,
            "eps_growth_yearly": 25.83
        },
        "20202": {
            "year_quarter": 20202,
            "year": 2020,
            "quarter": 2,
            "eps": 0.63,
            "eps_growth_year": -50,
            "eps_4q": 3.28,
            "eps_4q_growth_year": -42.39,
            "roe": 2.45,
            "roe_4q": 12.84,
            "gross_profit": 116279,
            "gross_margin": 24.35,
            "gross_margin_4q_avg": 22.63,
            "net_income": 32659,
            "revenue": 477472,
            "common_shares": 520816,
            "book_valuer_per_share": 24.83,
            "book_valuer_per_share_4q_avg": 25.65,
            "equity": 1293025,
            "current_ratio": 115.09,
            "debt_ratio": 53.29,
            "inventory_turnover_ratio": 2353.05,
            "account_receivable_turnover_ratio": 1.19,
            "reinvestment_rate": 2.99,
            "research_to_sale_ratio": 0.55,
            "price_fair": 152.62,
            "eps_avg_yearly": 5.34,
            "eps_latest_yearly": 2.52,
            "eps_growth_yearly": 18.58
        },
        "20203": {
            "year_quarter": 20203,
            "year": 2020,
            "quarter": 3,
            "eps": 0.88,
            "eps_growth_year": -26.05,
            "eps_4q": 2.97,
            "eps_4q_growth_year": -41.56,
            "roe": 3.48,
            "roe_4q": 11.57,
            "gross_profit": 137566,
            "gross_margin": 23.35,
            "gross_margin_4q_avg": 23.17,
            "net_income": 45954,
            "revenue": 589031,
            "common_shares": 520816,
            "book_valuer_per_share": 25.93,
            "book_valuer_per_share_4q_avg": 25.75,
            "equity": 1350558,
            "current_ratio": 115.93,
            "debt_ratio": 53.73,
            "inventory_turnover_ratio": 865.7,
            "account_receivable_turnover_ratio": 1.35,
            "reinvestment_rate": 7.83,
            "research_to_sale_ratio": 0.24,
            "price_fair": 180.86,
            "eps_avg_yearly": 5.17,
            "eps_latest_yearly": 3.52,
            "eps_growth_yearly": 31.7
        },
        "20204": {
            "year_quarter": 20204,
            "year": 2020,
            "quarter": 4,
            "eps": 1.07,
            "eps_growth_year": 55.61,
            "eps_4q": 3.35,
            "eps_4q_growth_year": -18.94,
            "roe": 4.02,
            "roe_4q": 12.92,
            "gross_profit": 168602,
            "gross_margin": 23.07,
            "gross_margin_4q_avg": 23.42,
            "net_income": 55468,
            "revenue": 730779,
            "common_shares": 520816,
            "book_valuer_per_share": 27.11,
            "book_valuer_per_share_4q_avg": 26.08,
            "equity": 1411709,
            "current_ratio": 105.48,
            "debt_ratio": 54.96,
            "inventory_turnover_ratio": 442.14,
            "account_receivable_turnover_ratio": 1.62,
            "reinvestment_rate": 8.91,
            "research_to_sale_ratio": 0.18,
            "price_fair": 171.85,
            "eps_avg_yearly": 4.91,
            "eps_latest_yearly": 4.28,
            "eps_growth_yearly": 28.65
        },
        "20211": {
            "year_quarter": 20211,
            "year": 2021,
            "quarter": 1,
            "eps": 0.75,
            "eps_growth_year": -3.85,
            "eps_4q": 3.32,
            "eps_4q_growth_year": -15.14,
            "roe": 2.72,
            "roe_4q": 12.670000000000002,
            "gross_profit": 116454,
            "gross_margin": 22.1,
            "gross_margin_4q_avg": 23.22,
            "net_income": 38905,
            "revenue": 526975,
            "common_shares": 520816,
            "book_valuer_per_share": 27.8,
            "book_valuer_per_share_4q_avg": 26.42,
            "equity": 1447801,
            "current_ratio": 113.79,
            "debt_ratio": 52.02,
            "inventory_turnover_ratio": 228.26,
            "account_receivable_turnover_ratio": 1.27,
            "reinvestment_rate": 20.92,
            "research_to_sale_ratio": 0.29,
            "price_fair": 169.58,
            "eps_avg_yearly": 4.85,
            "eps_latest_yearly": 3,
            "eps_growth_yearly": 34.15
        },
        "20212": {
            "year_quarter": 20212,
            "year": 2021,
            "quarter": 2,
            "eps": 0.26,
            "eps_growth_year": -58.73,
            "eps_4q": 2.95,
            "eps_4q_growth_year": -9.94,
            "roe": 0.97,
            "roe_4q": 11.19,
            "gross_profit": 135868,
            "gross_margin": 22.32,
            "gross_margin_4q_avg": 22.71,
            "net_income": 13517,
            "revenue": 608628,
            "common_shares": 520816,
            "book_valuer_per_share": 25.88,
            "book_valuer_per_share_4q_avg": 26.68,
            "equity": 1347759,
            "current_ratio": 106.77,
            "debt_ratio": 56,
            "inventory_turnover_ratio": 211.76,
            "account_receivable_turnover_ratio": 1.57,
            "reinvestment_rate": 21.5,
            "research_to_sale_ratio": 0.29,
            "price_fair": 13.38,
            "eps_avg_yearly": 4.46,
            "eps_latest_yearly": 1.04,
            "eps_growth_yearly": -1.73
        },
        "20213": {
            "year_quarter": 20213,
            "year": 2021,
            "quarter": 3,
            "eps": 1.37,
            "eps_growth_year": 55.68,
            "eps_4q": 3.45,
            "eps_4q_growth_year": 16.06,
            "roe": 5.18,
            "roe_4q": 12.889999999999999,
            "gross_profit": 169292,
            "gross_margin": 21.93,
            "gross_margin_4q_avg": 22.36,
            "net_income": 71575,
            "revenue": 772070,
            "common_shares": 520816,
            "book_valuer_per_share": 27.21,
            "book_valuer_per_share_4q_avg": 27,
            "equity": 1417301,
            "current_ratio": 110.59,
            "debt_ratio": 55.04,
            "inventory_turnover_ratio": 288.2,
            "account_receivable_turnover_ratio": 1.64,
            "reinvestment_rate": 22.28,
            "research_to_sale_ratio": 0.32,
            "price_fair": 150.5,
            "eps_avg_yearly": 4.3,
            "eps_latest_yearly": 5.48,
            "eps_growth_yearly": 102.08
        },
        "20214": {
            "year_quarter": 20214,
            "year": 2021,
            "quarter": 4,
            "eps": 1.62,
            "eps_growth_year": 52.44,
            "eps_4q": 4,
            "eps_4q_growth_year": 19.55,
            "roe": 5.77,
            "roe_4q": 14.64,
            "gross_profit": 187290,
            "gross_margin": 20.5,
            "gross_margin_4q_avg": 21.71,
            "net_income": 84553,
            "revenue": 913581,
            "common_shares": 520816,
            "book_valuer_per_share": 29.06,
            "book_valuer_per_share_4q_avg": 27.49,
            "equity": 1513294,
            "current_ratio": 114.91,
            "debt_ratio": 54.14,
            "inventory_turnover_ratio": 262.1,
            "account_receivable_turnover_ratio": 1.45,
            "reinvestment_rate": 18.79,
            "research_to_sale_ratio": 0.17,
            "price_fair": 155.14,
            "eps_avg_yearly": 4.43,
            "eps_latest_yearly": 6.48,
            "eps_growth_yearly": 118.09
        },
        "20221": {
            "year_quarter": 20221,
            "year": 2022,
            "quarter": 1,
            "eps": 1.63,
            "eps_growth_year": 117.33,
            "eps_4q": 4.89,
            "eps_4q_growth_year": 47.18,
            "roe": 5.4,
            "roe_4q": 17.32,
            "gross_profit": 139195,
            "gross_margin": 20.38,
            "gross_margin_4q_avg": 21.28,
            "net_income": 84961,
            "revenue": 683134,
            "common_shares": 520816,
            "book_valuer_per_share": 31.35,
            "book_valuer_per_share_4q_avg": 28.38,
            "equity": 1632885,
            "current_ratio": 126.13,
            "debt_ratio": 52.85,
            "inventory_turnover_ratio": 111.71,
            "account_receivable_turnover_ratio": 1.07,
            "reinvestment_rate": 16.06,
            "research_to_sale_ratio": 0.27,
            "price_fair": 162.93,
            "eps_avg_yearly": 4.66,
            "eps_latest_yearly": 6.52,
            "eps_growth_yearly": 126.27
        },
        "20222": {
            "year_quarter": 20222,
            "year": 2022,
            "quarter": 2,
            "eps": 2.85,
            "eps_growth_year": 996.15,
            "eps_4q": 7.48,
            "eps_4q_growth_year": 153.14,
            "roe": 9.07,
            "roe_4q": 25.42,
            "gross_profit": 208122,
            "gross_margin": 23.17,
            "gross_margin_4q_avg": 21.5,
            "net_income": 148352,
            "revenue": 898079,
            "common_shares": 520816,
            "book_valuer_per_share": 31.47,
            "book_valuer_per_share_4q_avg": 29.77,
            "equity": 1639202,
            "current_ratio": 117.88,
            "debt_ratio": 54.97,
            "inventory_turnover_ratio": 102.99,
            "account_receivable_turnover_ratio": 1.38,
            "reinvestment_rate": 16.07,
            "research_to_sale_ratio": 0.21,
            "price_fair": 169.66,
            "eps_avg_yearly": 4.85,
            "eps_latest_yearly": 11.4,
            "eps_growth_yearly": 99.71
        },
        "20223": {
            "year_quarter": 20223,
            "year": 2022,
            "quarter": 3,
            "eps": 4.2,
            "eps_growth_year": 206.57,
            "eps_4q": 10.3,
            "eps_4q_growth_year": 199.04,
            "roe": 12.46,
            "roe_4q": 32.7,
            "gross_profit": 221783,
            "gross_margin": 27.52,
            "gross_margin_4q_avg": 22.89,
            "net_income": 218802,
            "revenue": 805783,
            "common_shares": 520816,
            "book_valuer_per_share": 35.94,
            "book_valuer_per_share_4q_avg": 31.96,
            "equity": 1871569,
            "current_ratio": 132.26,
            "debt_ratio": 50.2,
            "inventory_turnover_ratio": 84.24,
            "account_receivable_turnover_ratio": 1.15,
            "reinvestment_rate": 15.49,
            "research_to_sale_ratio": 0.23,
            "price_fair": 190.66,
            "eps_avg_yearly": 5.45,
            "eps_latest_yearly": 16.8,
            "eps_growth_yearly": 114.92
        },
        "20224": {
            "year_quarter": 20224,
            "year": 2022,
            "quarter": 4,
            "eps": 0.99,
            "eps_growth_year": -39.2,
            "eps_4q": 9.67,
            "eps_4q_growth_year": 141.44,
            "roe": 2.71,
            "roe_4q": 29.64,
            "gross_profit": 213352,
            "gross_margin": 28.28,
            "gross_margin_4q_avg": 24.84,
            "net_income": 51411,
            "revenue": 754329,
            "common_shares": 520816,
            "book_valuer_per_share": 36.85,
            "book_valuer_per_share_4q_avg": 33.9,
            "equity": 1919209,
            "current_ratio": 130.85,
            "debt_ratio": 50.97,
            "inventory_turnover_ratio": 56.23,
            "account_receivable_turnover_ratio": 1.21,
            "reinvestment_rate": 14.31,
            "research_to_sale_ratio": 0.3,
            "price_fair": 185.06,
            "eps_avg_yearly": 5.29,
            "eps_latest_yearly": 3.96,
            "eps_growth_yearly": 98.17
        },
        "20231": {
            "year_quarter": 20231,
            "year": 2023,
            "quarter": 1,
            "eps": 1.23,
            "eps_growth_year": -24.54,
            "eps_4q": 9.27,
            "eps_4q_growth_year": 89.59,
            "roe": 3.27,
            "roe_4q": 27.51,
            "gross_profit": 173005,
            "gross_margin": 27.63,
            "gross_margin_4q_avg": 26.65,
            "net_income": 64154,
            "revenue": 626078,
            "common_shares": 520816,
            "book_valuer_per_share": 38.54,
            "book_valuer_per_share_4q_avg": 35.7,
            "equity": 2007190,
            "current_ratio": 167.94,
            "debt_ratio": 50.03,
            "inventory_turnover_ratio": 47.79,
            "account_receivable_turnover_ratio": 1.2,
            "reinvestment_rate": 14.7,
            "research_to_sale_ratio": 0.34,
            "price_fair": 187.16,
            "eps_avg_yearly": 5.35,
            "eps_latest_yearly": 4.92,
            "eps_growth_yearly": 114.05
        }
    },
    "months": {
        "2011-09": {
            "month": "2011-09",
            "price": "50.50",
            "revenue": 158839
        },
        "2011-10": {
            "month": "2011-10",
            "price": "50.00",
            "revenue": 177666
        },
        "2011-11": {
            "month": "2011-11",
            "price": "48.20",
            "revenue": 137612
        },
        "2011-12": {
            "month": "2011-12",
            "price": "47.13",
            "revenue": 229490
        },
        "2012-02": {
            "month": "2012-02",
            "price": "46.14",
            "revenue": 107346
        },
        "2012-03": {
            "month": "2012-03",
            "price": "46.68",
            "revenue": 151232
        },
        "2012-04": {
            "month": "2012-04",
            "price": "45.89",
            "revenue": 199908
        },
        "2012-05": {
            "month": "2012-05",
            "price": "45.89",
            "revenue": 199548
        },
        "2012-06": {
            "month": "2012-06",
            "price": "45.89",
            "revenue": 187986
        },
        "2012-07": {
            "month": "2012-07",
            "price": "36.42",
            "revenue": 187475
        },
        "2012-08": {
            "month": "2012-08",
            "price": "32.10",
            "revenue": 182942
        },
        "2012-09": {
            "month": "2012-09",
            "price": "35.08",
            "revenue": 145638
        },
        "2012-10": {
            "month": "2012-10",
            "price": "38.91",
            "revenue": 156870
        },
        "2012-11": {
            "month": "2012-11",
            "price": "38.36",
            "revenue": 165608
        },
        "2012-12": {
            "month": "2012-12",
            "price": "27.32",
            "revenue": 198536
        },
        "2013-01": {
            "month": "2013-01",
            "price": "26.36",
            "revenue": 265584
        },
        "2013-02": {
            "month": "2013-02",
            "price": "26.35",
            "revenue": 118307
        },
        "2013-03": {
            "month": "2013-03",
            "price": "26.11",
            "revenue": 151594
        },
        "2013-04": {
            "month": "2013-04",
            "price": "31.33",
            "revenue": 223015
        },
        "2013-05": {
            "month": "2013-05",
            "price": "34.16",
            "revenue": 207611
        },
        "2013-06": {
            "month": "2013-06",
            "price": "33.36",
            "revenue": 226593
        },
        "2013-07": {
            "month": "2013-07",
            "price": "33.24",
            "revenue": 181326
        },
        "2013-08": {
            "month": "2013-08",
            "price": "39.47",
            "revenue": 227020
        },
        "2013-09": {
            "month": "2013-09",
            "price": "38.80",
            "revenue": 222086
        },
        "2013-10": {
            "month": "2013-10",
            "price": "40.93",
            "revenue": 186100
        },
        "2013-11": {
            "month": "2013-11",
            "price": "47.89",
            "revenue": 144113
        },
        "2013-12": {
            "month": "2013-12",
            "price": "47.63",
            "revenue": 233160
        },
        "2014-01": {
            "month": "2014-01",
            "price": "43.23",
            "revenue": 182543
        },
        "2014-02": {
            "month": "2014-02",
            "price": "43.01",
            "revenue": 198488
        },
        "2014-03": {
            "month": "2014-03",
            "price": "49.33",
            "revenue": 114044
        },
        "2014-04": {
            "month": "2014-04",
            "price": "49.05",
            "revenue": 165942
        },
        "2014-05": {
            "month": "2014-05",
            "price": "47.60",
            "revenue": 155975
        },
        "2014-06": {
            "month": "2014-06",
            "price": "47.22",
            "revenue": 133054
        },
        "2014-07": {
            "month": "2014-07",
            "price": "42.44",
            "revenue": 196667
        },
        "2014-08": {
            "month": "2014-08",
            "price": "40.55",
            "revenue": 174385
        },
        "2014-09": {
            "month": "2014-09",
            "price": "39.40",
            "revenue": 175323
        },
        "2014-10": {
            "month": "2014-10",
            "price": "38.52",
            "revenue": 180297
        },
        "2014-11": {
            "month": "2014-11",
            "price": "40.00",
            "revenue": 162787
        },
        "2014-12": {
            "month": "2014-12",
            "price": "43.16",
            "revenue": 221525
        },
        "2015-01": {
            "month": "2015-01",
            "price": "47.44",
            "revenue": 224865
        },
        "2015-02": {
            "month": "2015-02",
            "price": "50.73",
            "revenue": 167552
        },
        "2015-03": {
            "month": "2015-03",
            "price": "50.78",
            "revenue": 168597
        },
        "2015-04": {
            "month": "2015-04",
            "price": "65.87",
            "revenue": 204167
        },
        "2015-05": {
            "month": "2015-05",
            "price": "83.04",
            "revenue": 220320
        },
        "2015-06": {
            "month": "2015-06",
            "price": "95.11",
            "revenue": 204400
        },
        "2015-07": {
            "month": "2015-07",
            "price": "79.75",
            "revenue": 226863
        },
        "2015-08": {
            "month": "2015-08",
            "price": "74.49",
            "revenue": 186847
        },
        "2015-09": {
            "month": "2015-09",
            "price": "84.46",
            "revenue": 205525
        },
        "2015-10": {
            "month": "2015-10",
            "price": "109.63",
            "revenue": 237118
        },
        "2015-11": {
            "month": "2015-11",
            "price": "135.10",
            "revenue": 217599
        },
        "2015-12": {
            "month": "2015-12",
            "price": "130.85",
            "revenue": 273627
        },
        "2016-01": {
            "month": "2016-01",
            "price": "154.57",
            "revenue": 263920
        },
        "2016-02": {
            "month": "2016-02",
            "price": "172.96",
            "revenue": 192702
        },
        "2016-03": {
            "month": "2016-03",
            "price": "164.20",
            "revenue": 201267
        },
        "2016-04": {
            "month": "2016-04",
            "price": "155.39",
            "revenue": 209078
        },
        "2016-05": {
            "month": "2016-05",
            "price": "137.26",
            "revenue": 250616
        },
        "2016-06": {
            "month": "2016-06",
            "price": "147.55",
            "revenue": 213614
        },
        "2016-07": {
            "month": "2016-07",
            "price": "147.62",
            "revenue": 217148
        },
        "2016-08": {
            "month": "2016-08",
            "price": "159.68",
            "revenue": 247598
        },
        "2016-09": {
            "month": "2016-09",
            "price": "160.55",
            "revenue": 299316
        },
        "2016-10": {
            "month": "2016-10",
            "price": "169.60",
            "revenue": 269582
        },
        "2016-11": {
            "month": "2016-11",
            "price": "157.36",
            "revenue": 241181
        },
        "2016-12": {
            "month": "2016-12",
            "price": "152.50",
            "revenue": 293381
        },
        "2017-01": {
            "month": "2017-01",
            "price": "152.75",
            "revenue": 283369
        },
        "2017-02": {
            "month": "2017-02",
            "price": "121.86",
            "revenue": 145388
        },
        "2017-03": {
            "month": "2017-03",
            "price": "118.59",
            "revenue": 204398
        },
        "2017-04": {
            "month": "2017-04",
            "price": "110.01",
            "revenue": 264259
        },
        "2017-05": {
            "month": "2017-05",
            "price": "115.35",
            "revenue": 285109
        },
        "2017-06": {
            "month": "2017-06",
            "price": "116.22",
            "revenue": 219252
        },
        "2017-07": {
            "month": "2017-07",
            "price": "101.28",
            "revenue": 268977
        },
        "2017-08": {
            "month": "2017-08",
            "price": "90.90",
            "revenue": 241997
        },
        "2017-09": {
            "month": "2017-09",
            "price": "84.38",
            "revenue": 303760
        },
        "2017-10": {
            "month": "2017-10",
            "price": "82.32",
            "revenue": 184038
        },
        "2017-11": {
            "month": "2017-11",
            "price": "77.35",
            "revenue": 227340
        },
        "2017-12": {
            "month": "2017-12",
            "price": "70.78",
            "revenue": 226842
        },
        "2018-01": {
            "month": "2018-01",
            "price": "73.31",
            "revenue": 315885
        },
        "2018-02": {
            "month": "2018-02",
            "price": "72.81",
            "revenue": 167935
        },
        "2018-03": {
            "month": "2018-03",
            "price": "77.46",
            "revenue": 215285
        },
        "2018-04": {
            "month": "2018-04",
            "price": "75.99",
            "revenue": 245072
        },
        "2018-05": {
            "month": "2018-05",
            "price": "70.22",
            "revenue": 280186
        },
        "2018-06": {
            "month": "2018-06",
            "price": "65.76",
            "revenue": 298104
        },
        "2018-07": {
            "month": "2018-07",
            "price": "62.75",
            "revenue": 293270
        },
        "2018-08": {
            "month": "2018-08",
            "price": "63.00",
            "revenue": 274286
        },
        "2018-09": {
            "month": "2018-09",
            "price": "62.39",
            "revenue": 282867
        },
        "2018-10": {
            "month": "2018-10",
            "price": "53.84",
            "revenue": 238659
        },
        "2018-11": {
            "month": "2018-11",
            "price": "51.45",
            "revenue": 228255
        },
        "2018-12": {
            "month": "2018-12",
            "price": "54.71",
            "revenue": 282688
        },
        "2019-01": {
            "month": "2019-01",
            "price": "58.96",
            "revenue": 227503
        },
        "2019-02": {
            "month": "2019-02",
            "price": "62.24",
            "revenue": 154745
        },
        "2019-03": {
            "month": "2019-03",
            "price": "62.24",
            "revenue": 182867
        },
        "2019-04": {
            "month": "2019-04",
            "price": "57.32",
            "revenue": 253769
        },
        "2019-05": {
            "month": "2019-05",
            "price": "55.11",
            "revenue": 267799
        },
        "2019-06": {
            "month": "2019-06",
            "price": "55.68",
            "revenue": 259551
        },
        "2019-07": {
            "month": "2019-07",
            "price": "56.73",
            "revenue": 266852
        },
        "2019-08": {
            "month": "2019-08",
            "price": "54.34",
            "revenue": 280207
        },
        "2019-09": {
            "month": "2019-09",
            "price": "54.52",
            "revenue": 219478
        },
        "2019-10": {
            "month": "2019-10",
            "price": "54.07",
            "revenue": 283000
        },
        "2019-11": {
            "month": "2019-11",
            "price": "59.12",
            "revenue": 243134
        },
        "2019-12": {
            "month": "2019-12",
            "price": "59.67",
            "revenue": 248016
        },
        "2020-01": {
            "month": "2020-01",
            "price": "56.25",
            "revenue": 258176
        },
        "2020-02": {
            "month": "2020-02",
            "price": "52.55",
            "revenue": 69393
        },
        "2020-03": {
            "month": "2020-03",
            "price": "42.39",
            "revenue": 144218
        },
        "2020-04": {
            "month": "2020-04",
            "price": "39.64",
            "revenue": 167881
        },
        "2020-05": {
            "month": "2020-05",
            "price": "42.47",
            "revenue": 148526
        },
        "2020-06": {
            "month": "2020-06",
            "price": "44.28",
            "revenue": 161126
        },
        "2020-07": {
            "month": "2020-07",
            "price": "40.51",
            "revenue": 181778
        },
        "2020-08": {
            "month": "2020-08",
            "price": "38.76",
            "revenue": 202039
        },
        "2020-09": {
            "month": "2020-09",
            "price": "39.03",
            "revenue": 205171
        },
        "2020-10": {
            "month": "2020-10",
            "price": "38.42",
            "revenue": 271785
        },
        "2020-11": {
            "month": "2020-11",
            "price": "39.94",
            "revenue": 236300
        },
        "2020-12": {
            "month": "2020-12",
            "price": "43.20",
            "revenue": 222595
        },
        "2021-01": {
            "month": "2021-01",
            "price": "41.40",
            "revenue": 239692
        },
        "2021-02": {
            "month": "2021-02",
            "price": "41.77",
            "revenue": 123641
        },
        "2021-03": {
            "month": "2021-03",
            "price": "44.65",
            "revenue": 163642
        },
        "2021-04": {
            "month": "2021-04",
            "price": "47.42",
            "revenue": 194373
        },
        "2021-05": {
            "month": "2021-05",
            "price": "40.76",
            "revenue": 204075
        },
        "2021-06": {
            "month": "2021-06",
            "price": "42.30",
            "revenue": 210179
        },
        "2021-07": {
            "month": "2021-07",
            "price": "43.82",
            "revenue": 237580
        },
        "2021-08": {
            "month": "2021-08",
            "price": "40.94",
            "revenue": 283329
        },
        "2021-09": {
            "month": "2021-09",
            "price": "40.20",
            "revenue": 249877
        },
        "2021-10": {
            "month": "2021-10",
            "price": "40.37",
            "revenue": 247883
        },
        "2021-11": {
            "month": "2021-11",
            "price": "41.69",
            "revenue": 296306
        },
        "2021-12": {
            "month": "2021-12",
            "price": "42.91",
            "revenue": 370659
        },
        "2022-01": {
            "month": "2022-01",
            "price": "45.46",
            "revenue": 270315
        },
        "2022-02": {
            "month": "2022-02",
            "price": "44.76",
            "revenue": 186193
        },
        "2022-03": {
            "month": "2022-03",
            "price": "44.47",
            "revenue": 226409
        },
        "2022-04": {
            "month": "2022-04",
            "price": "44.27",
            "revenue": 269580
        },
        "2022-05": {
            "month": "2022-05",
            "price": "47.99",
            "revenue": 265165
        },
        "2022-06": {
            "month": "2022-06",
            "price": "52.63",
            "revenue": 363557
        },
        "2022-07": {
            "month": "2022-07",
            "price": "57.06",
            "revenue": 301701
        },
        "2022-08": {
            "month": "2022-08",
            "price": "65.00",
            "revenue": 281924
        },
        "2022-09": {
            "month": "2022-09",
            "price": "60.94",
            "revenue": 221553
        },
        "2022-10": {
            "month": "2022-10",
            "price": "49.83",
            "revenue": 190916
        },
        "2022-11": {
            "month": "2022-11",
            "price": "58.96",
            "revenue": 242094
        },
        "2022-12": {
            "month": "2022-12",
            "price": "63.72",
            "revenue": 321820
        },
        "2023-01": {
            "month": "2023-01",
            "price": "63.85",
            "revenue": 243363
        },
        "2023-02": {
            "month": "2023-02",
            "price": "70.39",
            "revenue": 139095
        },
        "2023-03": {
            "month": "2023-03",
            "price": "74.51",
            "revenue": 243762
        },
        "2023-04": {
            "month": "2023-04",
            "price": "70.76",
            "revenue": 237096
        },
        "2023-05": {
            "month": "2023-05",
            "price": "70.14",
            "revenue": 323213
        }
    }
}
