{
    "summary": {
        "stock_name": "鉅邁",
        "stock_id": "8435",
        "category": "其他",
        "main_business": "專業水處理應用與技術服務等項目",
        "website_url": "http://www.zimmite.com",
        "ceo": "林樂萍",
        "pe_ratio": 16,
        "report_year_from": 2004,
        "report_year_to": 2023,
        "age": 20,
        "eps_negative_percentage": 0,
        "eps_growth_avg": {
            "last_all": 6.45,
            "last_2y": -1.4,
            "last_4y": 0.41,
            "last_8y": 0.58,
            "last_12y": null,
            "last_16y": null,
            "last_20y": null,
            "at_2006_last_3y": null,
            "at_2007_last_3y": null,
            "at_2008_last_3y": null,
            "at_2009_last_3y": null,
            "at_2010_last_3y": null,
            "at_2011_last_3y": null,
            "at_2012_last_3y": null,
            "at_2013_last_3y": null,
            "at_2014_last_3y": null,
            "at_2015_last_3y": null,
            "at_2016_last_3y": 14.02,
            "at_2017_last_3y": -0.84,
            "at_2018_last_3y": 0.79,
            "at_2019_last_3y": 3.36,
            "at_2020_last_3y": 4.76,
            "at_2021_last_3y": 3.93,
            "at_2022_last_3y": 4.76,
            "at_2023_last_3y": -0.69,
            "at_2024_last_3y": -0.69,
            "at_2006_last_all": null,
            "at_2007_last_all": null,
            "at_2008_last_all": null,
            "at_2009_last_all": null,
            "at_2010_last_all": null,
            "at_2011_last_all": null,
            "at_2012_last_all": null,
            "at_2013_last_all": null,
            "at_2014_last_all": 32.86,
            "at_2015_last_all": 20.08,
            "at_2016_last_all": 14.02,
            "at_2017_last_all": 14.64,
            "at_2018_last_all": 11.48,
            "at_2019_last_all": 10.52,
            "at_2020_last_all": 9.39,
            "at_2021_last_all": 9.88,
            "at_2022_last_all": 8.79,
            "at_2023_last_all": 6.45,
            "at_2024_last_all": 6.45
        },
        "latest_eps": 4.37,
        "latest_price": 71.2,
        "latest_roe": 18.54,
        "latest_gross_margin": 49.58,
        "latest_equity": 755256,
        "latest_revenue": 179782,
        "latest_gross_profit": 89132,
        "latest_net_income": 32024,
        "latest_debt_ratio": 21.78,
        "latest_current_ratio": 433.68,
        "latest_account_receivable_turnover_ratio": 1.34,
        "latest_inventory_turnover_ratio": 1.26,
        "latest_reinvestment_rate": -2.29,
        "latest_research_to_sale_ratio": 1.62
    },
    "eps_dividends": {
        "2001": {
            "cash": 0,
            "stock": 0,
            "eps": 0
        },
        "2002": {
            "cash": 0,
            "stock": 0,
            "eps": 0
        },
        "2003": {
            "cash": 0,
            "stock": 0,
            "eps": 0
        },
        "2004": {
            "cash": 0,
            "stock": 0,
            "eps": 0
        },
        "2005": {
            "cash": 0,
            "stock": 0,
            "eps": 0
        },
        "2006": {
            "cash": 0,
            "stock": 0,
            "eps": 0
        },
        "2007": {
            "cash": 0,
            "stock": 0,
            "eps": 0
        },
        "2008": {
            "cash": 0,
            "stock": 0,
            "eps": 0
        },
        "2009": {
            "cash": 0,
            "stock": 0,
            "eps": 0
        },
        "2010": {
            "cash": 3,
            "stock": 3.81,
            "eps": 0
        },
        "2011": {
            "cash": 2.5,
            "stock": 0.8,
            "eps": 0
        },
        "2012": {
            "cash": 2.5,
            "stock": 0.5,
            "eps": 2.09
        },
        "2013": {
            "cash": 3,
            "stock": 0,
            "eps": 3.69
        },
        "2014": {
            "cash": 2.9,
            "stock": 0.4,
            "eps": 3.29
        },
        "2015": {
            "cash": 3,
            "stock": 0.3,
            "eps": 3.11
        },
        "2016": {
            "cash": 3.15,
            "stock": 0,
            "eps": 2.98
        },
        "2017": {
            "cash": 3,
            "stock": 0,
            "eps": 3.49
        },
        "2018": {
            "cash": 3.3,
            "stock": 0,
            "eps": 3.34
        },
        "2019": {
            "cash": 3.2,
            "stock": 0,
            "eps": 3.5
        },
        "2020": {
            "cash": 3.35,
            "stock": 0,
            "eps": 3.55
        },
        "2021": {
            "cash": 3.5,
            "stock": 0,
            "eps": 4.04
        },
        "2022": {
            "cash": 3.8,
            "stock": 0,
            "eps": 4
        },
        "2023": {
            "cash": 3.8,
            "stock": 0,
            "eps": 3.32
        }
    },
    "dividends": {
        "2010-05-22": {
            "cash": 3,
            "stock": 3.81
        },
        "2011-05-16": {
            "cash": 2.5,
            "stock": 0.8
        },
        "2012-06-11": {
            "cash": 2.5,
            "stock": 0.5
        },
        "2013-06-21": {
            "cash": 3,
            "stock": 0
        },
        "2014-08-29": {
            "cash": 2.9,
            "stock": 0.4
        },
        "2015-07-28": {
            "cash": 3,
            "stock": 0.3
        },
        "2016-07-22": {
            "cash": 3.15,
            "stock": 0
        },
        "2017-08-03": {
            "cash": 3,
            "stock": 0
        },
        "2018-07-26": {
            "cash": 3.3,
            "stock": 0
        },
        "2019-07-23": {
            "cash": 3.2,
            "stock": 0
        },
        "2020-07-30": {
            "cash": 3.35,
            "stock": 0
        },
        "2021-08-10": {
            "cash": 3.5,
            "stock": 0
        },
        "2022-05-10": {
            "cash": 3.8,
            "stock": 0
        },
        "2023-05-12": {
            "cash": 3.8,
            "stock": 0
        }
    },
    "prices": {
        "200101": "無",
        "200102": "無",
        "200103": "無",
        "200104": "無",
        "200105": "無",
        "200106": "無",
        "200107": "無",
        "200108": "無",
        "200109": "無",
        "200110": "無",
        "200111": "無",
        "200112": "無",
        "200201": "無",
        "200202": "無",
        "200203": "無",
        "200204": "無",
        "200205": "無",
        "200206": "無",
        "200207": "無",
        "200208": "無",
        "200209": "無",
        "200210": "無",
        "200211": "無",
        "200212": "無",
        "200301": "無",
        "200302": "無",
        "200303": "無",
        "200304": "無",
        "200305": "無",
        "200306": "無",
        "200307": "無",
        "200308": "無",
        "200309": "無",
        "200310": "無",
        "200311": "無",
        "200312": "無",
        "200401": "無",
        "200402": "無",
        "200403": "無",
        "200404": "無",
        "200405": "無",
        "200406": "無",
        "200407": "無",
        "200408": "無",
        "200409": "無",
        "200410": "無",
        "200411": "無",
        "200412": "無",
        "200501": "無",
        "200502": "無",
        "200503": "無",
        "200504": "無",
        "200505": "無",
        "200506": "無",
        "200507": "無",
        "200508": "無",
        "200509": "無",
        "200510": "無",
        "200511": "無",
        "200512": "無",
        "200601": "無",
        "200602": "無",
        "200603": "無",
        "200604": "無",
        "200605": "無",
        "200606": "無",
        "200607": "無",
        "200608": "無",
        "200609": "無",
        "200610": "無",
        "200611": "無",
        "200612": "無",
        "200701": "無",
        "200702": "無",
        "200703": "無",
        "200704": "無",
        "200705": "無",
        "200706": "無",
        "200707": "無",
        "200708": "無",
        "200709": "無",
        "200710": "無",
        "200711": "無",
        "200712": "無",
        "200801": "無",
        "200802": "無",
        "200803": "無",
        "200804": "無",
        "200805": "無",
        "200806": "無",
        "200807": "無",
        "200808": "無",
        "200809": "無",
        "200810": "無",
        "200811": "無",
        "200812": "無",
        "200901": "無",
        "200902": "無",
        "200903": "無",
        "200904": "無",
        "200905": "無",
        "200906": "無",
        "200907": "無",
        "200908": "無",
        "200909": "無",
        "200910": "無",
        "200911": "無",
        "200912": "無",
        "201001": "無",
        "201002": "無",
        "201003": "無",
        "201004": "無",
        "201005": "無",
        "201006": "無",
        "201007": "無",
        "201008": "無",
        "201009": "無",
        "201010": "無",
        "201011": "無",
        "201012": "無",
        "201101": "無",
        "201102": "無",
        "201103": "無",
        "201104": "無",
        "201105": "無",
        "201106": "無",
        "201107": "無",
        "201108": "無",
        "201109": "無",
        "201110": "無",
        "201111": "無",
        "201112": "46.70",
        "201201": "47.80",
        "201202": "49.05",
        "201203": "50.82",
        "201204": "48.44",
        "201205": "48.00",
        "201206": "無",
        "201207": "47.42",
        "201208": "48.21",
        "201209": "50.56",
        "201210": "51.93",
        "201211": "49.48",
        "201212": "39.35",
        "201301": "43.24",
        "201302": "45.62",
        "201303": "51.62",
        "201304": "51.05",
        "201305": "52.34",
        "201306": "52.37",
        "201307": "50.71",
        "201308": "50.79",
        "201309": "51.40",
        "201310": "51.13",
        "201311": "50.59",
        "201312": "51.98",
        "201401": "53.76",
        "201402": "50.30",
        "201403": "53.28",
        "201404": "53.51",
        "201405": "52.60",
        "201406": "51.90",
        "201407": "51.29",
        "201408": "50.46",
        "201409": "52.00",
        "201410": "51.05",
        "201411": "50.78",
        "201412": "52.12",
        "201501": "52.07",
        "201502": "51.25",
        "201503": "51.72",
        "201504": "54.34",
        "201505": "52.78",
        "201506": "51.15",
        "201507": "49.37",
        "201508": "48.45",
        "201509": "47.78",
        "201510": "47.53",
        "201511": "47.28",
        "201512": "46.87",
        "201601": "46.39",
        "201602": "47.45",
        "201603": "48.74",
        "201604": "47.61",
        "201605": "46.92",
        "201606": "46.55",
        "201607": "44.98",
        "201608": "44.68",
        "201609": "43.58",
        "201610": "41.54",
        "201611": "40.64",
        "201612": "40.85",
        "201701": "41.80",
        "201702": "43.57",
        "201703": "45.69",
        "201704": "44.96",
        "201705": "45.37",
        "201706": "48.50",
        "201707": "48.92",
        "201708": "50.96",
        "201709": "51.30",
        "201710": "51.14",
        "201711": "50.90",
        "201712": "49.18",
        "201801": "51.25",
        "201802": "49.95",
        "201803": "51.03",
        "201804": "52.72",
        "201805": "51.62",
        "201806": "51.33",
        "201807": "48.88",
        "201808": "48.38",
        "201809": "47.68",
        "201810": "46.53",
        "201811": "46.55",
        "201812": "46.58",
        "201901": "46.92",
        "201902": "49.08",
        "201903": "50.63",
        "201904": "50.78",
        "201905": "50.40",
        "201906": "51.11",
        "201907": "49.67",
        "201908": "51.89",
        "201909": "52.41",
        "201910": "52.26",
        "201911": "51.93",
        "201912": "50.95",
        "202001": "50.73",
        "202002": "50.87",
        "202003": "49.96",
        "202004": "50.30",
        "202005": "50.42",
        "202006": "51.14",
        "202007": "50.02",
        "202008": "49.40",
        "202009": "49.27",
        "202010": "49.72",
        "202011": "49.98",
        "202012": "50.60",
        "202101": "50.62",
        "202102": "52.23",
        "202103": "56.98",
        "202104": "58.03",
        "202105": "56.54",
        "202106": "56.93",
        "202107": "57.01",
        "202108": "56.43",
        "202109": "57.46",
        "202110": "57.37",
        "202111": "57.84",
        "202112": "58.30",
        "202201": "59.61",
        "202202": "61.01",
        "202203": "64.45",
        "202204": "64.11",
        "202205": "61.03",
        "202206": "61.23",
        "202207": "59.47",
        "202208": "60.89",
        "202209": "61.05",
        "202210": "59.52",
        "202211": "59.38",
        "202212": "59.10",
        "202301": "59.62",
        "202302": "61.24",
        "202303": "62.74",
        "202304": "61.61",
        "202305": "62.14",
        "202306": "61.70",
        "202307": "60.60",
        "202308": "60.55",
        "202309": "60.54",
        "202310": "60.38",
        "202311": "61.81",
        "202312": "62.61"
    },
    "quarters": {
        "20011": {
            "year_quarter": 20011,
            "year": 2001,
            "quarter": 1,
            "eps": null,
            "eps_growth_year": null,
            "eps_4q": null,
            "eps_4q_growth_year": null,
            "roe": null,
            "roe_4q": 0,
            "gross_profit": null,
            "gross_margin": null,
            "gross_margin_4q_avg": 0,
            "net_income": null,
            "net_income_4q": null,
            "revenue": null,
            "revenue_4q": null,
            "common_shares": null,
            "book_valuer_per_share": null,
            "book_valuer_per_share_4q_avg": 0,
            "equity": null,
            "current_ratio": null,
            "debt_ratio": null,
            "inventory_turnover_ratio": null,
            "account_receivable_turnover_ratio": null,
            "reinvestment_rate": null,
            "research_to_sale_ratio": null,
            "price_fair": 0,
            "eps_avg_yearly": 0,
            "eps_latest_yearly": 0,
            "eps_growth_yearly": 0
        },
        "20012": {
            "year_quarter": 20012,
            "year": 2001,
            "quarter": 2,
            "eps": null,
            "eps_growth_year": null,
            "eps_4q": null,
            "eps_4q_growth_year": null,
            "roe": null,
            "roe_4q": 0,
            "gross_profit": null,
            "gross_margin": null,
            "gross_margin_4q_avg": 0,
            "net_income": null,
            "net_income_4q": null,
            "revenue": null,
            "revenue_4q": null,
            "common_shares": null,
            "book_valuer_per_share": null,
            "book_valuer_per_share_4q_avg": 0,
            "equity": null,
            "current_ratio": null,
            "debt_ratio": null,
            "inventory_turnover_ratio": null,
            "account_receivable_turnover_ratio": null,
            "reinvestment_rate": null,
            "research_to_sale_ratio": null,
            "price_fair": 0,
            "eps_avg_yearly": 0,
            "eps_latest_yearly": 0,
            "eps_growth_yearly": 0
        },
        "20013": {
            "year_quarter": 20013,
            "year": 2001,
            "quarter": 3,
            "eps": null,
            "eps_growth_year": null,
            "eps_4q": null,
            "eps_4q_growth_year": null,
            "roe": null,
            "roe_4q": 0,
            "gross_profit": null,
            "gross_margin": null,
            "gross_margin_4q_avg": 0,
            "net_income": null,
            "net_income_4q": null,
            "revenue": null,
            "revenue_4q": null,
            "common_shares": null,
            "book_valuer_per_share": null,
            "book_valuer_per_share_4q_avg": 0,
            "equity": null,
            "current_ratio": null,
            "debt_ratio": null,
            "inventory_turnover_ratio": null,
            "account_receivable_turnover_ratio": null,
            "reinvestment_rate": null,
            "research_to_sale_ratio": null,
            "price_fair": 0,
            "eps_avg_yearly": 0,
            "eps_latest_yearly": 0,
            "eps_growth_yearly": 0
        },
        "20014": {
            "year_quarter": 20014,
            "year": 2001,
            "quarter": 4,
            "eps": null,
            "eps_growth_year": null,
            "eps_4q": null,
            "eps_4q_growth_year": null,
            "roe": null,
            "roe_4q": 0,
            "gross_profit": null,
            "gross_margin": null,
            "gross_margin_4q_avg": 0,
            "net_income": null,
            "net_income_4q": null,
            "revenue": null,
            "revenue_4q": null,
            "common_shares": null,
            "book_valuer_per_share": null,
            "book_valuer_per_share_4q_avg": 0,
            "equity": null,
            "current_ratio": null,
            "debt_ratio": null,
            "inventory_turnover_ratio": null,
            "account_receivable_turnover_ratio": null,
            "reinvestment_rate": null,
            "research_to_sale_ratio": null,
            "price_fair": 0,
            "eps_avg_yearly": 0,
            "eps_latest_yearly": 0,
            "eps_growth_yearly": 0
        },
        "20021": {
            "year_quarter": 20021,
            "year": 2002,
            "quarter": 1,
            "eps": null,
            "eps_growth_year": null,
            "eps_4q": null,
            "eps_4q_growth_year": null,
            "roe": null,
            "roe_4q": 0,
            "gross_profit": null,
            "gross_margin": null,
            "gross_margin_4q_avg": 0,
            "net_income": null,
            "net_income_4q": null,
            "revenue": null,
            "revenue_4q": null,
            "common_shares": null,
            "book_valuer_per_share": null,
            "book_valuer_per_share_4q_avg": 0,
            "equity": null,
            "current_ratio": null,
            "debt_ratio": null,
            "inventory_turnover_ratio": null,
            "account_receivable_turnover_ratio": null,
            "reinvestment_rate": null,
            "research_to_sale_ratio": null,
            "price_fair": 0,
            "eps_avg_yearly": 0,
            "eps_latest_yearly": 0,
            "eps_growth_yearly": 0
        },
        "20022": {
            "year_quarter": 20022,
            "year": 2002,
            "quarter": 2,
            "eps": null,
            "eps_growth_year": null,
            "eps_4q": null,
            "eps_4q_growth_year": null,
            "roe": null,
            "roe_4q": 0,
            "gross_profit": null,
            "gross_margin": null,
            "gross_margin_4q_avg": 0,
            "net_income": null,
            "net_income_4q": null,
            "revenue": null,
            "revenue_4q": null,
            "common_shares": null,
            "book_valuer_per_share": null,
            "book_valuer_per_share_4q_avg": 0,
            "equity": null,
            "current_ratio": null,
            "debt_ratio": null,
            "inventory_turnover_ratio": null,
            "account_receivable_turnover_ratio": null,
            "reinvestment_rate": null,
            "research_to_sale_ratio": null,
            "price_fair": 0,
            "eps_avg_yearly": 0,
            "eps_latest_yearly": 0,
            "eps_growth_yearly": 0
        },
        "20023": {
            "year_quarter": 20023,
            "year": 2002,
            "quarter": 3,
            "eps": null,
            "eps_growth_year": null,
            "eps_4q": null,
            "eps_4q_growth_year": null,
            "roe": null,
            "roe_4q": 0,
            "gross_profit": null,
            "gross_margin": null,
            "gross_margin_4q_avg": 0,
            "net_income": null,
            "net_income_4q": null,
            "revenue": null,
            "revenue_4q": null,
            "common_shares": null,
            "book_valuer_per_share": null,
            "book_valuer_per_share_4q_avg": 0,
            "equity": null,
            "current_ratio": null,
            "debt_ratio": null,
            "inventory_turnover_ratio": null,
            "account_receivable_turnover_ratio": null,
            "reinvestment_rate": null,
            "research_to_sale_ratio": null,
            "price_fair": 0,
            "eps_avg_yearly": 0,
            "eps_latest_yearly": 0,
            "eps_growth_yearly": 0
        },
        "20024": {
            "year_quarter": 20024,
            "year": 2002,
            "quarter": 4,
            "eps": null,
            "eps_growth_year": null,
            "eps_4q": null,
            "eps_4q_growth_year": null,
            "roe": null,
            "roe_4q": 0,
            "gross_profit": null,
            "gross_margin": null,
            "gross_margin_4q_avg": 0,
            "net_income": null,
            "net_income_4q": null,
            "revenue": null,
            "revenue_4q": null,
            "common_shares": null,
            "book_valuer_per_share": null,
            "book_valuer_per_share_4q_avg": 0,
            "equity": null,
            "current_ratio": null,
            "debt_ratio": null,
            "inventory_turnover_ratio": null,
            "account_receivable_turnover_ratio": null,
            "reinvestment_rate": null,
            "research_to_sale_ratio": null,
            "price_fair": 0,
            "eps_avg_yearly": 0,
            "eps_latest_yearly": 0,
            "eps_growth_yearly": 0
        },
        "20031": {
            "year_quarter": 20031,
            "year": 2003,
            "quarter": 1,
            "eps": null,
            "eps_growth_year": null,
            "eps_4q": null,
            "eps_4q_growth_year": null,
            "roe": null,
            "roe_4q": 0,
            "gross_profit": null,
            "gross_margin": null,
            "gross_margin_4q_avg": 0,
            "net_income": null,
            "net_income_4q": null,
            "revenue": null,
            "revenue_4q": null,
            "common_shares": null,
            "book_valuer_per_share": null,
            "book_valuer_per_share_4q_avg": 0,
            "equity": null,
            "current_ratio": null,
            "debt_ratio": null,
            "inventory_turnover_ratio": null,
            "account_receivable_turnover_ratio": null,
            "reinvestment_rate": null,
            "research_to_sale_ratio": null,
            "price_fair": 0,
            "eps_avg_yearly": 0,
            "eps_latest_yearly": 0,
            "eps_growth_yearly": 0
        },
        "20032": {
            "year_quarter": 20032,
            "year": 2003,
            "quarter": 2,
            "eps": null,
            "eps_growth_year": null,
            "eps_4q": null,
            "eps_4q_growth_year": null,
            "roe": null,
            "roe_4q": 0,
            "gross_profit": null,
            "gross_margin": null,
            "gross_margin_4q_avg": 0,
            "net_income": null,
            "net_income_4q": null,
            "revenue": null,
            "revenue_4q": null,
            "common_shares": null,
            "book_valuer_per_share": null,
            "book_valuer_per_share_4q_avg": 0,
            "equity": null,
            "current_ratio": null,
            "debt_ratio": null,
            "inventory_turnover_ratio": null,
            "account_receivable_turnover_ratio": null,
            "reinvestment_rate": null,
            "research_to_sale_ratio": null,
            "price_fair": 0,
            "eps_avg_yearly": 0,
            "eps_latest_yearly": 0,
            "eps_growth_yearly": 0
        },
        "20033": {
            "year_quarter": 20033,
            "year": 2003,
            "quarter": 3,
            "eps": null,
            "eps_growth_year": null,
            "eps_4q": null,
            "eps_4q_growth_year": null,
            "roe": null,
            "roe_4q": 0,
            "gross_profit": null,
            "gross_margin": null,
            "gross_margin_4q_avg": 0,
            "net_income": null,
            "net_income_4q": null,
            "revenue": null,
            "revenue_4q": null,
            "common_shares": null,
            "book_valuer_per_share": null,
            "book_valuer_per_share_4q_avg": 0,
            "equity": null,
            "current_ratio": null,
            "debt_ratio": null,
            "inventory_turnover_ratio": null,
            "account_receivable_turnover_ratio": null,
            "reinvestment_rate": null,
            "research_to_sale_ratio": null,
            "price_fair": 0,
            "eps_avg_yearly": 0,
            "eps_latest_yearly": 0,
            "eps_growth_yearly": 0
        },
        "20034": {
            "year_quarter": 20034,
            "year": 2003,
            "quarter": 4,
            "eps": null,
            "eps_growth_year": null,
            "eps_4q": null,
            "eps_4q_growth_year": null,
            "roe": null,
            "roe_4q": 0,
            "gross_profit": null,
            "gross_margin": null,
            "gross_margin_4q_avg": 0,
            "net_income": null,
            "net_income_4q": null,
            "revenue": null,
            "revenue_4q": null,
            "common_shares": null,
            "book_valuer_per_share": null,
            "book_valuer_per_share_4q_avg": 0,
            "equity": null,
            "current_ratio": null,
            "debt_ratio": null,
            "inventory_turnover_ratio": null,
            "account_receivable_turnover_ratio": null,
            "reinvestment_rate": null,
            "research_to_sale_ratio": null,
            "price_fair": 0,
            "eps_avg_yearly": 0,
            "eps_latest_yearly": 0,
            "eps_growth_yearly": 0
        },
        "20041": {
            "year_quarter": 20041,
            "year": 2004,
            "quarter": 1,
            "eps": null,
            "eps_growth_year": null,
            "eps_4q": null,
            "eps_4q_growth_year": null,
            "roe": null,
            "roe_4q": 0,
            "gross_profit": null,
            "gross_margin": null,
            "gross_margin_4q_avg": 0,
            "net_income": null,
            "net_income_4q": null,
            "revenue": null,
            "revenue_4q": null,
            "common_shares": null,
            "book_valuer_per_share": null,
            "book_valuer_per_share_4q_avg": 0,
            "equity": null,
            "current_ratio": null,
            "debt_ratio": null,
            "inventory_turnover_ratio": null,
            "account_receivable_turnover_ratio": null,
            "reinvestment_rate": null,
            "research_to_sale_ratio": null,
            "price_fair": 0,
            "eps_avg_yearly": 0,
            "eps_latest_yearly": 0,
            "eps_growth_yearly": 0
        },
        "20042": {
            "year_quarter": 20042,
            "year": 2004,
            "quarter": 2,
            "eps": null,
            "eps_growth_year": null,
            "eps_4q": null,
            "eps_4q_growth_year": null,
            "roe": null,
            "roe_4q": 0,
            "gross_profit": null,
            "gross_margin": null,
            "gross_margin_4q_avg": 0,
            "net_income": null,
            "net_income_4q": null,
            "revenue": null,
            "revenue_4q": null,
            "common_shares": null,
            "book_valuer_per_share": null,
            "book_valuer_per_share_4q_avg": 0,
            "equity": null,
            "current_ratio": null,
            "debt_ratio": null,
            "inventory_turnover_ratio": null,
            "account_receivable_turnover_ratio": null,
            "reinvestment_rate": null,
            "research_to_sale_ratio": null,
            "price_fair": 0,
            "eps_avg_yearly": 0,
            "eps_latest_yearly": 0,
            "eps_growth_yearly": 0
        },
        "20043": {
            "year_quarter": 20043,
            "year": 2004,
            "quarter": 3,
            "eps": null,
            "eps_growth_year": null,
            "eps_4q": null,
            "eps_4q_growth_year": null,
            "roe": null,
            "roe_4q": 0,
            "gross_profit": null,
            "gross_margin": null,
            "gross_margin_4q_avg": 0,
            "net_income": null,
            "net_income_4q": null,
            "revenue": null,
            "revenue_4q": null,
            "common_shares": null,
            "book_valuer_per_share": null,
            "book_valuer_per_share_4q_avg": 0,
            "equity": null,
            "current_ratio": null,
            "debt_ratio": null,
            "inventory_turnover_ratio": null,
            "account_receivable_turnover_ratio": null,
            "reinvestment_rate": null,
            "research_to_sale_ratio": null,
            "price_fair": 0,
            "eps_avg_yearly": 0,
            "eps_latest_yearly": 0,
            "eps_growth_yearly": 0
        },
        "20044": {
            "year_quarter": 20044,
            "year": 2004,
            "quarter": 4,
            "eps": null,
            "eps_growth_year": null,
            "eps_4q": null,
            "eps_4q_growth_year": null,
            "roe": null,
            "roe_4q": 0,
            "gross_profit": null,
            "gross_margin": null,
            "gross_margin_4q_avg": 0,
            "net_income": null,
            "net_income_4q": null,
            "revenue": null,
            "revenue_4q": null,
            "common_shares": null,
            "book_valuer_per_share": null,
            "book_valuer_per_share_4q_avg": 0,
            "equity": null,
            "current_ratio": null,
            "debt_ratio": null,
            "inventory_turnover_ratio": null,
            "account_receivable_turnover_ratio": null,
            "reinvestment_rate": null,
            "research_to_sale_ratio": null,
            "price_fair": 0,
            "eps_avg_yearly": 0,
            "eps_latest_yearly": 0,
            "eps_growth_yearly": 0
        },
        "20051": {
            "year_quarter": 20051,
            "year": 2005,
            "quarter": 1,
            "eps": null,
            "eps_growth_year": null,
            "eps_4q": null,
            "eps_4q_growth_year": null,
            "roe": null,
            "roe_4q": 0,
            "gross_profit": null,
            "gross_margin": null,
            "gross_margin_4q_avg": 0,
            "net_income": null,
            "net_income_4q": null,
            "revenue": null,
            "revenue_4q": null,
            "common_shares": null,
            "book_valuer_per_share": null,
            "book_valuer_per_share_4q_avg": 0,
            "equity": null,
            "current_ratio": null,
            "debt_ratio": null,
            "inventory_turnover_ratio": null,
            "account_receivable_turnover_ratio": null,
            "reinvestment_rate": null,
            "research_to_sale_ratio": null,
            "price_fair": 0,
            "eps_avg_yearly": 0,
            "eps_latest_yearly": 0,
            "eps_growth_yearly": 0
        },
        "20052": {
            "year_quarter": 20052,
            "year": 2005,
            "quarter": 2,
            "eps": null,
            "eps_growth_year": null,
            "eps_4q": null,
            "eps_4q_growth_year": null,
            "roe": null,
            "roe_4q": 0,
            "gross_profit": null,
            "gross_margin": null,
            "gross_margin_4q_avg": 0,
            "net_income": null,
            "net_income_4q": null,
            "revenue": null,
            "revenue_4q": null,
            "common_shares": null,
            "book_valuer_per_share": null,
            "book_valuer_per_share_4q_avg": 0,
            "equity": null,
            "current_ratio": null,
            "debt_ratio": null,
            "inventory_turnover_ratio": null,
            "account_receivable_turnover_ratio": null,
            "reinvestment_rate": null,
            "research_to_sale_ratio": null,
            "price_fair": 0,
            "eps_avg_yearly": 0,
            "eps_latest_yearly": 0,
            "eps_growth_yearly": 0
        },
        "20053": {
            "year_quarter": 20053,
            "year": 2005,
            "quarter": 3,
            "eps": null,
            "eps_growth_year": null,
            "eps_4q": null,
            "eps_4q_growth_year": null,
            "roe": null,
            "roe_4q": 0,
            "gross_profit": null,
            "gross_margin": null,
            "gross_margin_4q_avg": 0,
            "net_income": null,
            "net_income_4q": null,
            "revenue": null,
            "revenue_4q": null,
            "common_shares": null,
            "book_valuer_per_share": null,
            "book_valuer_per_share_4q_avg": 0,
            "equity": null,
            "current_ratio": null,
            "debt_ratio": null,
            "inventory_turnover_ratio": null,
            "account_receivable_turnover_ratio": null,
            "reinvestment_rate": null,
            "research_to_sale_ratio": null,
            "price_fair": 0,
            "eps_avg_yearly": 0,
            "eps_latest_yearly": 0,
            "eps_growth_yearly": 0
        },
        "20054": {
            "year_quarter": 20054,
            "year": 2005,
            "quarter": 4,
            "eps": null,
            "eps_growth_year": null,
            "eps_4q": null,
            "eps_4q_growth_year": null,
            "roe": null,
            "roe_4q": 0,
            "gross_profit": null,
            "gross_margin": null,
            "gross_margin_4q_avg": 0,
            "net_income": null,
            "net_income_4q": null,
            "revenue": null,
            "revenue_4q": null,
            "common_shares": null,
            "book_valuer_per_share": null,
            "book_valuer_per_share_4q_avg": 0,
            "equity": null,
            "current_ratio": null,
            "debt_ratio": null,
            "inventory_turnover_ratio": null,
            "account_receivable_turnover_ratio": null,
            "reinvestment_rate": null,
            "research_to_sale_ratio": null,
            "price_fair": 0,
            "eps_avg_yearly": 0,
            "eps_latest_yearly": 0,
            "eps_growth_yearly": 0
        },
        "20061": {
            "year_quarter": 20061,
            "year": 2006,
            "quarter": 1,
            "eps": null,
            "eps_growth_year": null,
            "eps_4q": null,
            "eps_4q_growth_year": null,
            "roe": null,
            "roe_4q": 0,
            "gross_profit": null,
            "gross_margin": null,
            "gross_margin_4q_avg": 0,
            "net_income": null,
            "net_income_4q": null,
            "revenue": null,
            "revenue_4q": null,
            "common_shares": null,
            "book_valuer_per_share": null,
            "book_valuer_per_share_4q_avg": 0,
            "equity": null,
            "current_ratio": null,
            "debt_ratio": null,
            "inventory_turnover_ratio": null,
            "account_receivable_turnover_ratio": null,
            "reinvestment_rate": null,
            "research_to_sale_ratio": null,
            "price_fair": 0,
            "eps_avg_yearly": 0,
            "eps_latest_yearly": 0,
            "eps_growth_yearly": 0
        },
        "20062": {
            "year_quarter": 20062,
            "year": 2006,
            "quarter": 2,
            "eps": null,
            "eps_growth_year": null,
            "eps_4q": null,
            "eps_4q_growth_year": null,
            "roe": null,
            "roe_4q": 0,
            "gross_profit": null,
            "gross_margin": null,
            "gross_margin_4q_avg": 0,
            "net_income": null,
            "net_income_4q": null,
            "revenue": null,
            "revenue_4q": null,
            "common_shares": null,
            "book_valuer_per_share": null,
            "book_valuer_per_share_4q_avg": 0,
            "equity": null,
            "current_ratio": null,
            "debt_ratio": null,
            "inventory_turnover_ratio": null,
            "account_receivable_turnover_ratio": null,
            "reinvestment_rate": null,
            "research_to_sale_ratio": null,
            "price_fair": 0,
            "eps_avg_yearly": 0,
            "eps_latest_yearly": 0,
            "eps_growth_yearly": 0
        },
        "20063": {
            "year_quarter": 20063,
            "year": 2006,
            "quarter": 3,
            "eps": null,
            "eps_growth_year": null,
            "eps_4q": null,
            "eps_4q_growth_year": null,
            "roe": null,
            "roe_4q": 0,
            "gross_profit": null,
            "gross_margin": null,
            "gross_margin_4q_avg": 0,
            "net_income": null,
            "net_income_4q": null,
            "revenue": null,
            "revenue_4q": null,
            "common_shares": null,
            "book_valuer_per_share": null,
            "book_valuer_per_share_4q_avg": 0,
            "equity": null,
            "current_ratio": null,
            "debt_ratio": null,
            "inventory_turnover_ratio": null,
            "account_receivable_turnover_ratio": null,
            "reinvestment_rate": null,
            "research_to_sale_ratio": null,
            "price_fair": 0,
            "eps_avg_yearly": 0,
            "eps_latest_yearly": 0,
            "eps_growth_yearly": 0
        },
        "20064": {
            "year_quarter": 20064,
            "year": 2006,
            "quarter": 4,
            "eps": null,
            "eps_growth_year": null,
            "eps_4q": null,
            "eps_4q_growth_year": null,
            "roe": null,
            "roe_4q": 0,
            "gross_profit": null,
            "gross_margin": null,
            "gross_margin_4q_avg": 0,
            "net_income": null,
            "net_income_4q": null,
            "revenue": null,
            "revenue_4q": null,
            "common_shares": 100000,
            "book_valuer_per_share": 29.67,
            "book_valuer_per_share_4q_avg": 7.42,
            "equity": 296676,
            "current_ratio": 288.59,
            "debt_ratio": 20.15,
            "inventory_turnover_ratio": null,
            "account_receivable_turnover_ratio": null,
            "reinvestment_rate": null,
            "research_to_sale_ratio": null,
            "price_fair": 0,
            "eps_avg_yearly": 0,
            "eps_latest_yearly": 0,
            "eps_growth_yearly": 0
        },
        "20071": {
            "year_quarter": 20071,
            "year": 2007,
            "quarter": 1,
            "eps": null,
            "eps_growth_year": null,
            "eps_4q": null,
            "eps_4q_growth_year": null,
            "roe": null,
            "roe_4q": 0,
            "gross_profit": null,
            "gross_margin": null,
            "gross_margin_4q_avg": 0,
            "net_income": null,
            "net_income_4q": null,
            "revenue": null,
            "revenue_4q": null,
            "common_shares": null,
            "book_valuer_per_share": null,
            "book_valuer_per_share_4q_avg": 7.42,
            "equity": null,
            "current_ratio": null,
            "debt_ratio": null,
            "inventory_turnover_ratio": null,
            "account_receivable_turnover_ratio": null,
            "reinvestment_rate": null,
            "research_to_sale_ratio": null,
            "price_fair": 0,
            "eps_avg_yearly": 0,
            "eps_latest_yearly": 0,
            "eps_growth_yearly": 0
        },
        "20072": {
            "year_quarter": 20072,
            "year": 2007,
            "quarter": 2,
            "eps": null,
            "eps_growth_year": null,
            "eps_4q": null,
            "eps_4q_growth_year": null,
            "roe": null,
            "roe_4q": 0,
            "gross_profit": null,
            "gross_margin": null,
            "gross_margin_4q_avg": 0,
            "net_income": null,
            "net_income_4q": null,
            "revenue": null,
            "revenue_4q": null,
            "common_shares": null,
            "book_valuer_per_share": null,
            "book_valuer_per_share_4q_avg": 7.42,
            "equity": null,
            "current_ratio": null,
            "debt_ratio": null,
            "inventory_turnover_ratio": null,
            "account_receivable_turnover_ratio": null,
            "reinvestment_rate": null,
            "research_to_sale_ratio": null,
            "price_fair": 0,
            "eps_avg_yearly": 0,
            "eps_latest_yearly": 0,
            "eps_growth_yearly": 0
        },
        "20073": {
            "year_quarter": 20073,
            "year": 2007,
            "quarter": 3,
            "eps": null,
            "eps_growth_year": null,
            "eps_4q": null,
            "eps_4q_growth_year": null,
            "roe": null,
            "roe_4q": 0,
            "gross_profit": null,
            "gross_margin": null,
            "gross_margin_4q_avg": 0,
            "net_income": null,
            "net_income_4q": null,
            "revenue": null,
            "revenue_4q": null,
            "common_shares": null,
            "book_valuer_per_share": null,
            "book_valuer_per_share_4q_avg": 7.42,
            "equity": null,
            "current_ratio": null,
            "debt_ratio": null,
            "inventory_turnover_ratio": null,
            "account_receivable_turnover_ratio": null,
            "reinvestment_rate": null,
            "research_to_sale_ratio": null,
            "price_fair": 0,
            "eps_avg_yearly": 0,
            "eps_latest_yearly": 0,
            "eps_growth_yearly": 0
        },
        "20074": {
            "year_quarter": 20074,
            "year": 2007,
            "quarter": 4,
            "eps": null,
            "eps_growth_year": null,
            "eps_4q": null,
            "eps_4q_growth_year": null,
            "roe": null,
            "roe_4q": 0,
            "gross_profit": null,
            "gross_margin": null,
            "gross_margin_4q_avg": 0,
            "net_income": null,
            "net_income_4q": null,
            "revenue": null,
            "revenue_4q": null,
            "common_shares": 100000,
            "book_valuer_per_share": 32.96,
            "book_valuer_per_share_4q_avg": 8.24,
            "equity": 329589,
            "current_ratio": 265.17,
            "debt_ratio": 20.54,
            "inventory_turnover_ratio": null,
            "account_receivable_turnover_ratio": null,
            "reinvestment_rate": null,
            "research_to_sale_ratio": null,
            "price_fair": 0,
            "eps_avg_yearly": 0,
            "eps_latest_yearly": 0,
            "eps_growth_yearly": 0
        },
        "20081": {
            "year_quarter": 20081,
            "year": 2008,
            "quarter": 1,
            "eps": null,
            "eps_growth_year": null,
            "eps_4q": null,
            "eps_4q_growth_year": null,
            "roe": null,
            "roe_4q": 0,
            "gross_profit": null,
            "gross_margin": null,
            "gross_margin_4q_avg": 0,
            "net_income": null,
            "net_income_4q": null,
            "revenue": null,
            "revenue_4q": null,
            "common_shares": null,
            "book_valuer_per_share": null,
            "book_valuer_per_share_4q_avg": 8.24,
            "equity": null,
            "current_ratio": null,
            "debt_ratio": null,
            "inventory_turnover_ratio": null,
            "account_receivable_turnover_ratio": null,
            "reinvestment_rate": null,
            "research_to_sale_ratio": null,
            "price_fair": 0,
            "eps_avg_yearly": 0,
            "eps_latest_yearly": 0,
            "eps_growth_yearly": 0
        },
        "20082": {
            "year_quarter": 20082,
            "year": 2008,
            "quarter": 2,
            "eps": null,
            "eps_growth_year": null,
            "eps_4q": null,
            "eps_4q_growth_year": null,
            "roe": null,
            "roe_4q": 0,
            "gross_profit": null,
            "gross_margin": null,
            "gross_margin_4q_avg": 0,
            "net_income": null,
            "net_income_4q": null,
            "revenue": null,
            "revenue_4q": null,
            "common_shares": null,
            "book_valuer_per_share": null,
            "book_valuer_per_share_4q_avg": 8.24,
            "equity": null,
            "current_ratio": null,
            "debt_ratio": null,
            "inventory_turnover_ratio": null,
            "account_receivable_turnover_ratio": null,
            "reinvestment_rate": null,
            "research_to_sale_ratio": null,
            "price_fair": 0,
            "eps_avg_yearly": 0,
            "eps_latest_yearly": 0,
            "eps_growth_yearly": 0
        },
        "20083": {
            "year_quarter": 20083,
            "year": 2008,
            "quarter": 3,
            "eps": null,
            "eps_growth_year": null,
            "eps_4q": null,
            "eps_4q_growth_year": null,
            "roe": null,
            "roe_4q": 0,
            "gross_profit": null,
            "gross_margin": null,
            "gross_margin_4q_avg": 0,
            "net_income": null,
            "net_income_4q": null,
            "revenue": null,
            "revenue_4q": null,
            "common_shares": null,
            "book_valuer_per_share": null,
            "book_valuer_per_share_4q_avg": 8.24,
            "equity": null,
            "current_ratio": null,
            "debt_ratio": null,
            "inventory_turnover_ratio": null,
            "account_receivable_turnover_ratio": null,
            "reinvestment_rate": null,
            "research_to_sale_ratio": null,
            "price_fair": 0,
            "eps_avg_yearly": 0,
            "eps_latest_yearly": 0,
            "eps_growth_yearly": 0
        },
        "20084": {
            "year_quarter": 20084,
            "year": 2008,
            "quarter": 4,
            "eps": null,
            "eps_growth_year": null,
            "eps_4q": null,
            "eps_4q_growth_year": null,
            "roe": null,
            "roe_4q": 0,
            "gross_profit": null,
            "gross_margin": null,
            "gross_margin_4q_avg": 0,
            "net_income": null,
            "net_income_4q": null,
            "revenue": null,
            "revenue_4q": null,
            "common_shares": 100000,
            "book_valuer_per_share": 36.73,
            "book_valuer_per_share_4q_avg": 9.18,
            "equity": 367289,
            "current_ratio": 332.83,
            "debt_ratio": 16.66,
            "inventory_turnover_ratio": null,
            "account_receivable_turnover_ratio": null,
            "reinvestment_rate": null,
            "research_to_sale_ratio": null,
            "price_fair": 0,
            "eps_avg_yearly": 0,
            "eps_latest_yearly": 0,
            "eps_growth_yearly": 0
        },
        "20091": {
            "year_quarter": 20091,
            "year": 2009,
            "quarter": 1,
            "eps": null,
            "eps_growth_year": null,
            "eps_4q": null,
            "eps_4q_growth_year": null,
            "roe": null,
            "roe_4q": 0,
            "gross_profit": null,
            "gross_margin": null,
            "gross_margin_4q_avg": 0,
            "net_income": null,
            "net_income_4q": null,
            "revenue": null,
            "revenue_4q": null,
            "common_shares": null,
            "book_valuer_per_share": null,
            "book_valuer_per_share_4q_avg": 9.18,
            "equity": null,
            "current_ratio": null,
            "debt_ratio": null,
            "inventory_turnover_ratio": null,
            "account_receivable_turnover_ratio": null,
            "reinvestment_rate": null,
            "research_to_sale_ratio": null,
            "price_fair": 0,
            "eps_avg_yearly": 0,
            "eps_latest_yearly": 0,
            "eps_growth_yearly": 0
        },
        "20092": {
            "year_quarter": 20092,
            "year": 2009,
            "quarter": 2,
            "eps": null,
            "eps_growth_year": null,
            "eps_4q": null,
            "eps_4q_growth_year": null,
            "roe": null,
            "roe_4q": 0,
            "gross_profit": null,
            "gross_margin": null,
            "gross_margin_4q_avg": 0,
            "net_income": null,
            "net_income_4q": null,
            "revenue": null,
            "revenue_4q": null,
            "common_shares": null,
            "book_valuer_per_share": null,
            "book_valuer_per_share_4q_avg": 9.18,
            "equity": null,
            "current_ratio": null,
            "debt_ratio": null,
            "inventory_turnover_ratio": null,
            "account_receivable_turnover_ratio": null,
            "reinvestment_rate": null,
            "research_to_sale_ratio": null,
            "price_fair": 0,
            "eps_avg_yearly": 0,
            "eps_latest_yearly": 0,
            "eps_growth_yearly": 0
        },
        "20093": {
            "year_quarter": 20093,
            "year": 2009,
            "quarter": 3,
            "eps": null,
            "eps_growth_year": null,
            "eps_4q": null,
            "eps_4q_growth_year": null,
            "roe": null,
            "roe_4q": 0,
            "gross_profit": null,
            "gross_margin": null,
            "gross_margin_4q_avg": 0,
            "net_income": null,
            "net_income_4q": null,
            "revenue": null,
            "revenue_4q": null,
            "common_shares": null,
            "book_valuer_per_share": null,
            "book_valuer_per_share_4q_avg": 9.18,
            "equity": null,
            "current_ratio": null,
            "debt_ratio": null,
            "inventory_turnover_ratio": null,
            "account_receivable_turnover_ratio": null,
            "reinvestment_rate": null,
            "research_to_sale_ratio": null,
            "price_fair": 0,
            "eps_avg_yearly": 0,
            "eps_latest_yearly": 0,
            "eps_growth_yearly": 0
        },
        "20094": {
            "year_quarter": 20094,
            "year": 2009,
            "quarter": 4,
            "eps": null,
            "eps_growth_year": null,
            "eps_4q": null,
            "eps_4q_growth_year": null,
            "roe": null,
            "roe_4q": 0,
            "gross_profit": null,
            "gross_margin": null,
            "gross_margin_4q_avg": 0,
            "net_income": null,
            "net_income_4q": null,
            "revenue": null,
            "revenue_4q": null,
            "common_shares": 160000,
            "book_valuer_per_share": 25.76,
            "book_valuer_per_share_4q_avg": 6.44,
            "equity": 412114,
            "current_ratio": 363.63,
            "debt_ratio": 20.99,
            "inventory_turnover_ratio": null,
            "account_receivable_turnover_ratio": null,
            "reinvestment_rate": null,
            "research_to_sale_ratio": null,
            "price_fair": 0,
            "eps_avg_yearly": 0,
            "eps_latest_yearly": 0,
            "eps_growth_yearly": 0
        },
        "20101": {
            "year_quarter": 20101,
            "year": 2010,
            "quarter": 1,
            "eps": null,
            "eps_growth_year": null,
            "eps_4q": null,
            "eps_4q_growth_year": null,
            "roe": null,
            "roe_4q": 0,
            "gross_profit": null,
            "gross_margin": null,
            "gross_margin_4q_avg": 0,
            "net_income": null,
            "net_income_4q": null,
            "revenue": null,
            "revenue_4q": null,
            "common_shares": null,
            "book_valuer_per_share": null,
            "book_valuer_per_share_4q_avg": 6.44,
            "equity": null,
            "current_ratio": null,
            "debt_ratio": null,
            "inventory_turnover_ratio": null,
            "account_receivable_turnover_ratio": null,
            "reinvestment_rate": null,
            "research_to_sale_ratio": null,
            "price_fair": 0,
            "eps_avg_yearly": 0,
            "eps_latest_yearly": 0,
            "eps_growth_yearly": 0
        },
        "20102": {
            "year_quarter": 20102,
            "year": 2010,
            "quarter": 2,
            "eps": null,
            "eps_growth_year": null,
            "eps_4q": null,
            "eps_4q_growth_year": null,
            "roe": null,
            "roe_4q": 0,
            "gross_profit": null,
            "gross_margin": null,
            "gross_margin_4q_avg": 0,
            "net_income": null,
            "net_income_4q": null,
            "revenue": null,
            "revenue_4q": null,
            "common_shares": 221000,
            "book_valuer_per_share": null,
            "book_valuer_per_share_4q_avg": 6.44,
            "equity": 423012,
            "current_ratio": null,
            "debt_ratio": null,
            "inventory_turnover_ratio": null,
            "account_receivable_turnover_ratio": null,
            "reinvestment_rate": null,
            "research_to_sale_ratio": null,
            "price_fair": 0,
            "eps_avg_yearly": 0,
            "eps_latest_yearly": 0,
            "eps_growth_yearly": 0
        },
        "20103": {
            "year_quarter": 20103,
            "year": 2010,
            "quarter": 3,
            "eps": null,
            "eps_growth_year": null,
            "eps_4q": null,
            "eps_4q_growth_year": null,
            "roe": null,
            "roe_4q": 0,
            "gross_profit": null,
            "gross_margin": null,
            "gross_margin_4q_avg": 0,
            "net_income": null,
            "net_income_4q": null,
            "revenue": null,
            "revenue_4q": null,
            "common_shares": null,
            "book_valuer_per_share": null,
            "book_valuer_per_share_4q_avg": 6.44,
            "equity": null,
            "current_ratio": null,
            "debt_ratio": null,
            "inventory_turnover_ratio": null,
            "account_receivable_turnover_ratio": null,
            "reinvestment_rate": null,
            "research_to_sale_ratio": null,
            "price_fair": 0,
            "eps_avg_yearly": 0,
            "eps_latest_yearly": 0,
            "eps_growth_yearly": 0
        },
        "20104": {
            "year_quarter": 20104,
            "year": 2010,
            "quarter": 4,
            "eps": null,
            "eps_growth_year": null,
            "eps_4q": null,
            "eps_4q_growth_year": null,
            "roe": null,
            "roe_4q": 0,
            "gross_profit": null,
            "gross_margin": null,
            "gross_margin_4q_avg": 0,
            "net_income": null,
            "net_income_4q": null,
            "revenue": null,
            "revenue_4q": null,
            "common_shares": 221000,
            "book_valuer_per_share": 20.98,
            "book_valuer_per_share_4q_avg": 5.25,
            "equity": 463684,
            "current_ratio": 337.42,
            "debt_ratio": 20.09,
            "inventory_turnover_ratio": null,
            "account_receivable_turnover_ratio": null,
            "reinvestment_rate": null,
            "research_to_sale_ratio": null,
            "price_fair": 0,
            "eps_avg_yearly": 0,
            "eps_latest_yearly": 0,
            "eps_growth_yearly": 0
        },
        "20111": {
            "year_quarter": 20111,
            "year": 2011,
            "quarter": 1,
            "eps": null,
            "eps_growth_year": null,
            "eps_4q": null,
            "eps_4q_growth_year": null,
            "roe": null,
            "roe_4q": 0,
            "gross_profit": null,
            "gross_margin": null,
            "gross_margin_4q_avg": 0,
            "net_income": null,
            "net_income_4q": null,
            "revenue": null,
            "revenue_4q": null,
            "common_shares": null,
            "book_valuer_per_share": null,
            "book_valuer_per_share_4q_avg": 5.25,
            "equity": null,
            "current_ratio": null,
            "debt_ratio": null,
            "inventory_turnover_ratio": null,
            "account_receivable_turnover_ratio": null,
            "reinvestment_rate": null,
            "research_to_sale_ratio": null,
            "price_fair": 0,
            "eps_avg_yearly": 0,
            "eps_latest_yearly": 0,
            "eps_growth_yearly": 0
        },
        "20112": {
            "year_quarter": 20112,
            "year": 2011,
            "quarter": 2,
            "eps": null,
            "eps_growth_year": null,
            "eps_4q": null,
            "eps_4q_growth_year": null,
            "roe": null,
            "roe_4q": 0,
            "gross_profit": null,
            "gross_margin": null,
            "gross_margin_4q_avg": 0,
            "net_income": null,
            "net_income_4q": null,
            "revenue": null,
            "revenue_4q": null,
            "common_shares": 248680,
            "book_valuer_per_share": 19.18,
            "book_valuer_per_share_4q_avg": 10.04,
            "equity": 476971,
            "current_ratio": 403.37,
            "debt_ratio": 16.73,
            "inventory_turnover_ratio": null,
            "account_receivable_turnover_ratio": null,
            "reinvestment_rate": null,
            "research_to_sale_ratio": null,
            "price_fair": 0,
            "eps_avg_yearly": 0,
            "eps_latest_yearly": 0,
            "eps_growth_yearly": 0
        },
        "20113": {
            "year_quarter": 20113,
            "year": 2011,
            "quarter": 3,
            "eps": null,
            "eps_growth_year": null,
            "eps_4q": null,
            "eps_4q_growth_year": null,
            "roe": null,
            "roe_4q": 0,
            "gross_profit": 69244,
            "gross_margin": null,
            "gross_margin_4q_avg": 0,
            "net_income": 23316,
            "net_income_4q": null,
            "revenue": 139956,
            "revenue_4q": null,
            "common_shares": 248680,
            "book_valuer_per_share": 20.74,
            "book_valuer_per_share_4q_avg": 15.23,
            "equity": 515690,
            "current_ratio": 442.71,
            "debt_ratio": 16.05,
            "inventory_turnover_ratio": null,
            "account_receivable_turnover_ratio": null,
            "reinvestment_rate": null,
            "research_to_sale_ratio": null,
            "price_fair": 0,
            "eps_avg_yearly": 0,
            "eps_latest_yearly": 0,
            "eps_growth_yearly": 0
        },
        "20114": {
            "year_quarter": 20114,
            "year": 2011,
            "quarter": 4,
            "eps": null,
            "eps_growth_year": null,
            "eps_4q": null,
            "eps_4q_growth_year": null,
            "roe": null,
            "roe_4q": 0,
            "gross_profit": 65948,
            "gross_margin": null,
            "gross_margin_4q_avg": 0,
            "net_income": 20526,
            "net_income_4q": null,
            "revenue": 149516,
            "revenue_4q": null,
            "common_shares": 248680,
            "book_valuer_per_share": 21.56,
            "book_valuer_per_share_4q_avg": 15.37,
            "equity": 536228,
            "current_ratio": 406.14,
            "debt_ratio": 17.73,
            "inventory_turnover_ratio": null,
            "account_receivable_turnover_ratio": null,
            "reinvestment_rate": null,
            "research_to_sale_ratio": null,
            "price_fair": 0,
            "eps_avg_yearly": 0,
            "eps_latest_yearly": 0,
            "eps_growth_yearly": 0
        },
        "20121": {
            "year_quarter": 20121,
            "year": 2012,
            "quarter": 1,
            "eps": null,
            "eps_growth_year": null,
            "eps_4q": null,
            "eps_4q_growth_year": null,
            "roe": null,
            "roe_4q": 0,
            "gross_profit": 62775,
            "gross_margin": null,
            "gross_margin_4q_avg": 0,
            "net_income": 15012,
            "net_income_4q": null,
            "revenue": 125161,
            "revenue_4q": null,
            "common_shares": 248680,
            "book_valuer_per_share": null,
            "book_valuer_per_share_4q_avg": 15.37,
            "equity": 546448,
            "current_ratio": null,
            "debt_ratio": null,
            "inventory_turnover_ratio": null,
            "account_receivable_turnover_ratio": null,
            "reinvestment_rate": null,
            "research_to_sale_ratio": null,
            "price_fair": 0,
            "eps_avg_yearly": 0,
            "eps_latest_yearly": 0,
            "eps_growth_yearly": 0
        },
        "20122": {
            "year_quarter": 20122,
            "year": 2012,
            "quarter": 2,
            "eps": null,
            "eps_growth_year": null,
            "eps_4q": null,
            "eps_4q_growth_year": null,
            "roe": null,
            "roe_4q": 0,
            "gross_profit": 78421,
            "gross_margin": null,
            "gross_margin_4q_avg": 0,
            "net_income": 22479,
            "net_income_4q": null,
            "revenue": 151215,
            "revenue_4q": null,
            "common_shares": 248680,
            "book_valuer_per_share": 20.44,
            "book_valuer_per_share_4q_avg": 15.69,
            "equity": 508212,
            "current_ratio": 269.89,
            "debt_ratio": 26.15,
            "inventory_turnover_ratio": null,
            "account_receivable_turnover_ratio": null,
            "reinvestment_rate": null,
            "research_to_sale_ratio": null,
            "price_fair": 0,
            "eps_avg_yearly": 0,
            "eps_latest_yearly": 0,
            "eps_growth_yearly": 0
        },
        "20123": {
            "year_quarter": 20123,
            "year": 2012,
            "quarter": 3,
            "eps": 0.87,
            "eps_growth_year": null,
            "eps_4q": 0.87,
            "eps_4q_growth_year": null,
            "roe": 4.39,
            "roe_4q": 4.39,
            "gross_profit": 79778,
            "gross_margin": 48.63,
            "gross_margin_4q_avg": 12.16,
            "net_income": 22692,
            "net_income_4q": null,
            "revenue": 164055,
            "revenue_4q": null,
            "common_shares": 261114,
            "book_valuer_per_share": 20.14,
            "book_valuer_per_share_4q_avg": 15.54,
            "equity": 525970,
            "current_ratio": 354.84,
            "debt_ratio": 20.07,
            "inventory_turnover_ratio": 1.43,
            "account_receivable_turnover_ratio": 1.09,
            "reinvestment_rate": null,
            "research_to_sale_ratio": 2.38,
            "price_fair": 0,
            "eps_avg_yearly": 0,
            "eps_latest_yearly": 0,
            "eps_growth_yearly": 0
        },
        "20124": {
            "year_quarter": 20124,
            "year": 2012,
            "quarter": 4,
            "eps": 1.22,
            "eps_growth_year": null,
            "eps_4q": 1.99,
            "eps_4q_growth_year": null,
            "roe": 5.94,
            "roe_4q": 10.33,
            "gross_profit": 101302,
            "gross_margin": 53.36,
            "gross_margin_4q_avg": 25.5,
            "net_income": 36123,
            "net_income_4q": null,
            "revenue": 189853,
            "revenue_4q": null,
            "common_shares": 295934,
            "book_valuer_per_share": 23.36,
            "book_valuer_per_share_4q_avg": 15.99,
            "equity": 691318,
            "current_ratio": 454.25,
            "debt_ratio": 17.64,
            "inventory_turnover_ratio": 1.52,
            "account_receivable_turnover_ratio": 1.34,
            "reinvestment_rate": null,
            "research_to_sale_ratio": 2.4,
            "price_fair": 170.8,
            "eps_avg_yearly": 4.88,
            "eps_latest_yearly": 4.88,
            "eps_growth_yearly": 160.92
        },
        "20131": {
            "year_quarter": 20131,
            "year": 2013,
            "quarter": 1,
            "eps": 0.64,
            "eps_growth_year": null,
            "eps_4q": 2.63,
            "eps_4q_growth_year": null,
            "roe": 2.69,
            "roe_4q": 13.02,
            "gross_profit": 73018,
            "gross_margin": 50.6,
            "gross_margin_4q_avg": 38.15,
            "net_income": 18983,
            "net_income_4q": null,
            "revenue": 144304,
            "revenue_4q": null,
            "common_shares": 295934,
            "book_valuer_per_share": 24.34,
            "book_valuer_per_share_4q_avg": 22.07,
            "equity": 720407,
            "current_ratio": 588.58,
            "debt_ratio": 13.62,
            "inventory_turnover_ratio": 1.24,
            "account_receivable_turnover_ratio": 1.06,
            "reinvestment_rate": null,
            "research_to_sale_ratio": 2.18,
            "price_fair": 11.16,
            "eps_avg_yearly": 3.72,
            "eps_latest_yearly": 2.56,
            "eps_growth_yearly": -14.62
        },
        "20132": {
            "year_quarter": 20132,
            "year": 2013,
            "quarter": 2,
            "eps": 0.81,
            "eps_growth_year": null,
            "eps_4q": 3.44,
            "eps_4q_growth_year": null,
            "roe": 3.49,
            "roe_4q": 16.51,
            "gross_profit": 79362,
            "gross_margin": 53.97,
            "gross_margin_4q_avg": 51.64,
            "net_income": 24101,
            "net_income_4q": null,
            "revenue": 147054,
            "revenue_4q": null,
            "common_shares": 295934,
            "book_valuer_per_share": 22.28,
            "book_valuer_per_share_4q_avg": 22.53,
            "equity": 659296,
            "current_ratio": 317.78,
            "debt_ratio": 23.73,
            "inventory_turnover_ratio": 1.22,
            "account_receivable_turnover_ratio": 1.1,
            "reinvestment_rate": null,
            "research_to_sale_ratio": 2.16,
            "price_fair": 124.6,
            "eps_avg_yearly": 3.56,
            "eps_latest_yearly": 3.24,
            "eps_growth_yearly": 25.67
        },
        "20133": {
            "year_quarter": 20133,
            "year": 2013,
            "quarter": 3,
            "eps": 0.98,
            "eps_growth_year": 12.77,
            "eps_4q": 3.66,
            "eps_4q_growth_year": 320.83,
            "roe": 4.32,
            "roe_4q": 16.44,
            "gross_profit": 83138,
            "gross_margin": 56.61,
            "gross_margin_4q_avg": 53.64,
            "net_income": 29023,
            "net_income_4q": null,
            "revenue": 146871,
            "revenue_4q": null,
            "common_shares": 295934,
            "book_valuer_per_share": 23.15,
            "book_valuer_per_share_4q_avg": 23.28,
            "equity": 684950,
            "current_ratio": 562.53,
            "debt_ratio": 13.28,
            "inventory_turnover_ratio": 1.18,
            "account_receivable_turnover_ratio": 1.11,
            "reinvestment_rate": null,
            "research_to_sale_ratio": 3.14,
            "price_fair": 127.75,
            "eps_avg_yearly": 3.65,
            "eps_latest_yearly": 3.92,
            "eps_growth_yearly": 40.24
        },
        "20134": {
            "year_quarter": 20134,
            "year": 2013,
            "quarter": 4,
            "eps": 1.26,
            "eps_growth_year": 3.44,
            "eps_4q": 3.7,
            "eps_4q_growth_year": 86.13,
            "roe": 5.29,
            "roe_4q": 15.79,
            "gross_profit": 92953,
            "gross_margin": 53.94,
            "gross_margin_4q_avg": 53.78,
            "net_income": 37365,
            "net_income_4q": null,
            "revenue": 172323,
            "revenue_4q": null,
            "common_shares": 295934,
            "book_valuer_per_share": 24.57,
            "book_valuer_per_share_4q_avg": 23.59,
            "equity": 727191,
            "current_ratio": 562.84,
            "debt_ratio": 13.98,
            "inventory_turnover_ratio": 1.63,
            "account_receivable_turnover_ratio": 1.28,
            "reinvestment_rate": null,
            "research_to_sale_ratio": 1.76,
            "price_fair": 137.48,
            "eps_avg_yearly": 3.93,
            "eps_latest_yearly": 5.04,
            "eps_growth_yearly": 55.05
        },
        "20141": {
            "year_quarter": 20141,
            "year": 2014,
            "quarter": 1,
            "eps": 0.6,
            "eps_growth_year": -6.25,
            "eps_4q": 3.66,
            "eps_4q_growth_year": 39.12,
            "roe": 2.41,
            "roe_4q": 15.51,
            "gross_profit": 74016,
            "gross_margin": 53.09,
            "gross_margin_4q_avg": 54.4,
            "net_income": 17744,
            "net_income_4q": null,
            "revenue": 139411,
            "revenue_4q": null,
            "common_shares": 295934,
            "book_valuer_per_share": 25.14,
            "book_valuer_per_share_4q_avg": 23.79,
            "equity": 743893,
            "current_ratio": 659.77,
            "debt_ratio": 12.04,
            "inventory_turnover_ratio": 1.37,
            "account_receivable_turnover_ratio": 1.04,
            "reinvestment_rate": null,
            "research_to_sale_ratio": 2.27,
            "price_fair": 76.97,
            "eps_avg_yearly": 3.67,
            "eps_latest_yearly": 2.4,
            "eps_growth_yearly": 10.95
        },
        "20142": {
            "year_quarter": 20142,
            "year": 2014,
            "quarter": 2,
            "eps": 0.76,
            "eps_growth_year": -6.17,
            "eps_4q": 3.49,
            "eps_4q_growth_year": 1.42,
            "roe": 3.29,
            "roe_4q": 15.31,
            "gross_profit": 84010,
            "gross_margin": 52.44,
            "gross_margin_4q_avg": 54.02,
            "net_income": 23353,
            "net_income_4q": null,
            "revenue": 160213,
            "revenue_4q": null,
            "common_shares": 295934,
            "book_valuer_per_share": 22.88,
            "book_valuer_per_share_4q_avg": 23.94,
            "equity": 677168,
            "current_ratio": 344.48,
            "debt_ratio": 22.53,
            "inventory_turnover_ratio": 1.54,
            "account_receivable_turnover_ratio": 1.2,
            "reinvestment_rate": null,
            "research_to_sale_ratio": 2.17,
            "price_fair": 124.06,
            "eps_avg_yearly": 3.58,
            "eps_latest_yearly": 3.04,
            "eps_growth_yearly": 24.63
        },
        "20143": {
            "year_quarter": 20143,
            "year": 2014,
            "quarter": 3,
            "eps": 0.95,
            "eps_growth_year": -3.06,
            "eps_4q": 3.5,
            "eps_4q_growth_year": -4.2,
            "roe": 4.23,
            "roe_4q": 15.219999999999999,
            "gross_profit": 84068,
            "gross_margin": 50.85,
            "gross_margin_4q_avg": 52.58,
            "net_income": 29371,
            "net_income_4q": null,
            "revenue": 165317,
            "revenue_4q": null,
            "common_shares": 307771,
            "book_valuer_per_share": 23.16,
            "book_valuer_per_share_4q_avg": 23.94,
            "equity": 712869,
            "current_ratio": 530.97,
            "debt_ratio": 15.56,
            "inventory_turnover_ratio": 1.63,
            "account_receivable_turnover_ratio": 1.15,
            "reinvestment_rate": null,
            "research_to_sale_ratio": 2.6,
            "price_fair": 126.35,
            "eps_avg_yearly": 3.61,
            "eps_latest_yearly": 3.8,
            "eps_growth_yearly": 34.05
        },
        "20144": {
            "year_quarter": 20144,
            "year": 2014,
            "quarter": 4,
            "eps": 0.98,
            "eps_growth_year": -22.24,
            "eps_4q": 3.27,
            "eps_4q_growth_year": -11.56,
            "roe": 4.12,
            "roe_4q": 14.05,
            "gross_profit": 90573,
            "gross_margin": 52.53,
            "gross_margin_4q_avg": 52.23,
            "net_income": 30218,
            "net_income_4q": null,
            "revenue": 172413,
            "revenue_4q": null,
            "common_shares": 307771,
            "book_valuer_per_share": 24.45,
            "book_valuer_per_share_4q_avg": 23.91,
            "equity": 752583,
            "current_ratio": 546.58,
            "debt_ratio": 15.63,
            "inventory_turnover_ratio": 1.69,
            "account_receivable_turnover_ratio": 1.14,
            "reinvestment_rate": null,
            "research_to_sale_ratio": 2.19,
            "price_fair": 127.56,
            "eps_avg_yearly": 3.64,
            "eps_latest_yearly": 3.92,
            "eps_growth_yearly": 31.67
        },
        "20151": {
            "year_quarter": 20151,
            "year": 2015,
            "quarter": 1,
            "eps": 0.56,
            "eps_growth_year": -6.67,
            "eps_4q": 3.25,
            "eps_4q_growth_year": -11.03,
            "roe": 2.26,
            "roe_4q": 13.899999999999999,
            "gross_profit": 77196,
            "gross_margin": 54.6,
            "gross_margin_4q_avg": 52.61,
            "net_income": 17208,
            "net_income_4q": null,
            "revenue": 141386,
            "revenue_4q": null,
            "common_shares": 307771,
            "book_valuer_per_share": 24.93,
            "book_valuer_per_share_4q_avg": 23.86,
            "equity": 767379,
            "current_ratio": 729.17,
            "debt_ratio": 12.27,
            "inventory_turnover_ratio": 1.32,
            "account_receivable_turnover_ratio": 0.94,
            "reinvestment_rate": null,
            "research_to_sale_ratio": 2.65,
            "price_fair": 74.84,
            "eps_avg_yearly": 3.5,
            "eps_latest_yearly": 2.24,
            "eps_growth_yearly": 11.36
        },
        "20152": {
            "year_quarter": 20152,
            "year": 2015,
            "quarter": 2,
            "eps": 0.77,
            "eps_growth_year": 1.32,
            "eps_4q": 3.19,
            "eps_4q_growth_year": -8.62,
            "roe": 3.33,
            "roe_4q": 13.940000000000001,
            "gross_profit": 89264,
            "gross_margin": 54.67,
            "gross_margin_4q_avg": 53.16,
            "net_income": 24373,
            "net_income_4q": null,
            "revenue": 163287,
            "revenue_4q": null,
            "common_shares": 317004,
            "book_valuer_per_share": 21.93,
            "book_valuer_per_share_4q_avg": 23.62,
            "equity": 695272,
            "current_ratio": 348.66,
            "debt_ratio": 23.5,
            "inventory_turnover_ratio": 1.43,
            "account_receivable_turnover_ratio": 1.05,
            "reinvestment_rate": -53.85,
            "research_to_sale_ratio": 2.51,
            "price_fair": 117.7,
            "eps_avg_yearly": 3.47,
            "eps_latest_yearly": 3.08,
            "eps_growth_yearly": 23.96
        },
        "20153": {
            "year_quarter": 20153,
            "year": 2015,
            "quarter": 3,
            "eps": 0.96,
            "eps_growth_year": 1.05,
            "eps_4q": 3.22,
            "eps_4q_growth_year": -8.02,
            "roe": 4.24,
            "roe_4q": 13.95,
            "gross_profit": 93068,
            "gross_margin": 55.21,
            "gross_margin_4q_avg": 54.25,
            "net_income": 30366,
            "net_income_4q": null,
            "revenue": 168570,
            "revenue_4q": null,
            "common_shares": 317004,
            "book_valuer_per_share": 23.28,
            "book_valuer_per_share_4q_avg": 23.65,
            "equity": 737936,
            "current_ratio": 546.22,
            "debt_ratio": 16.21,
            "inventory_turnover_ratio": 1.47,
            "account_receivable_turnover_ratio": 0.98,
            "reinvestment_rate": -1.17,
            "research_to_sale_ratio": 2.48,
            "price_fair": 122.38,
            "eps_avg_yearly": 3.5,
            "eps_latest_yearly": 3.84,
            "eps_growth_yearly": 30.19
        },
        "20154": {
            "year_quarter": 20154,
            "year": 2015,
            "quarter": 4,
            "eps": 0.82,
            "eps_growth_year": -16.59,
            "eps_4q": 3.09,
            "eps_4q_growth_year": -5.59,
            "roe": 3.48,
            "roe_4q": 13.31,
            "gross_profit": 87299,
            "gross_margin": 53.68,
            "gross_margin_4q_avg": 54.54,
            "net_income": 25960,
            "net_income_4q": null,
            "revenue": 162638,
            "revenue_4q": null,
            "common_shares": 317004,
            "book_valuer_per_share": 23.75,
            "book_valuer_per_share_4q_avg": 23.47,
            "equity": 752746,
            "current_ratio": 545.66,
            "debt_ratio": 16.33,
            "inventory_turnover_ratio": 1.52,
            "account_receivable_turnover_ratio": 0.95,
            "reinvestment_rate": -64.77,
            "research_to_sale_ratio": 2.61,
            "price_fair": 116.17,
            "eps_avg_yearly": 3.48,
            "eps_latest_yearly": 3.28,
            "eps_growth_yearly": 23.38
        },
        "20161": {
            "year_quarter": 20161,
            "year": 2016,
            "quarter": 1,
            "eps": 0.49,
            "eps_growth_year": -12.5,
            "eps_4q": 3.03,
            "eps_4q_growth_year": -6.76,
            "roe": 2.04,
            "roe_4q": 13.09,
            "gross_profit": 75923,
            "gross_margin": 54,
            "gross_margin_4q_avg": 54.39,
            "net_income": 15481,
            "net_income_4q": null,
            "revenue": 140602,
            "revenue_4q": null,
            "common_shares": 317004,
            "book_valuer_per_share": 24.19,
            "book_valuer_per_share_4q_avg": 23.29,
            "equity": 766775,
            "current_ratio": 704.51,
            "debt_ratio": 13.08,
            "inventory_turnover_ratio": 1.32,
            "account_receivable_turnover_ratio": 0.85,
            "reinvestment_rate": -1.66,
            "research_to_sale_ratio": 2.38,
            "price_fair": 68.15,
            "eps_avg_yearly": 3.37,
            "eps_latest_yearly": 1.96,
            "eps_growth_yearly": 10.21
        },
        "20162": {
            "year_quarter": 20162,
            "year": 2016,
            "quarter": 2,
            "eps": 0.78,
            "eps_growth_year": 1.3,
            "eps_4q": 3.05,
            "eps_4q_growth_year": -4.53,
            "roe": 3.42,
            "roe_4q": 13.18,
            "gross_profit": 96422,
            "gross_margin": 56.72,
            "gross_margin_4q_avg": 54.9,
            "net_income": 24775,
            "net_income_4q": null,
            "revenue": 169991,
            "revenue_4q": null,
            "common_shares": 317004,
            "book_valuer_per_share": 21.57,
            "book_valuer_per_share_4q_avg": 23.2,
            "equity": 683673,
            "current_ratio": 332.09,
            "debt_ratio": 25.02,
            "inventory_turnover_ratio": 1.53,
            "account_receivable_turnover_ratio": 0.95,
            "reinvestment_rate": -65.38,
            "research_to_sale_ratio": 2.61,
            "price_fair": 117.41,
            "eps_avg_yearly": 3.35,
            "eps_latest_yearly": 3.12,
            "eps_growth_yearly": 25.31
        },
        "20163": {
            "year_quarter": 20163,
            "year": 2016,
            "quarter": 3,
            "eps": 0.75,
            "eps_growth_year": -21.88,
            "eps_4q": 2.84,
            "eps_4q_growth_year": -11.94,
            "roe": 3.44,
            "roe_4q": 12.379999999999999,
            "gross_profit": 87305,
            "gross_margin": 55.15,
            "gross_margin_4q_avg": 54.89,
            "net_income": 23751,
            "net_income_4q": null,
            "revenue": 158316,
            "revenue_4q": null,
            "common_shares": 317004,
            "book_valuer_per_share": 22.02,
            "book_valuer_per_share_4q_avg": 22.88,
            "equity": 698097,
            "current_ratio": 531.95,
            "debt_ratio": 15.34,
            "inventory_turnover_ratio": 1.49,
            "account_receivable_turnover_ratio": 0.87,
            "reinvestment_rate": -66.12,
            "research_to_sale_ratio": 1.97,
            "price_fair": 109.21,
            "eps_avg_yearly": 3.33,
            "eps_latest_yearly": 3,
            "eps_growth_yearly": 22.77
        },
        "20164": {
            "year_quarter": 20164,
            "year": 2016,
            "quarter": 4,
            "eps": 0.96,
            "eps_growth_year": 17.58,
            "eps_4q": 2.98,
            "eps_4q_growth_year": -3.45,
            "roe": 4.29,
            "roe_4q": 13.190000000000001,
            "gross_profit": 97625,
            "gross_margin": 51.88,
            "gross_margin_4q_avg": 54.44,
            "net_income": 30523,
            "net_income_4q": null,
            "revenue": 188171,
            "revenue_4q": null,
            "common_shares": 317004,
            "book_valuer_per_share": 22.88,
            "book_valuer_per_share_4q_avg": 22.67,
            "equity": 725250,
            "current_ratio": 454.67,
            "debt_ratio": 18.53,
            "inventory_turnover_ratio": 1.92,
            "account_receivable_turnover_ratio": 1.02,
            "reinvestment_rate": -79.26,
            "research_to_sale_ratio": 2.02,
            "price_fair": 97.09,
            "eps_avg_yearly": 3.27,
            "eps_latest_yearly": 3.84,
            "eps_growth_yearly": 19.71
        },
        "20171": {
            "year_quarter": 20171,
            "year": 2017,
            "quarter": 1,
            "eps": 0.68,
            "eps_growth_year": 38.78,
            "eps_4q": 3.18,
            "eps_4q_growth_year": 4.67,
            "roe": 2.96,
            "roe_4q": 14.11,
            "gross_profit": 85318,
            "gross_margin": 54.58,
            "gross_margin_4q_avg": 54.58,
            "net_income": 21624,
            "net_income_4q": null,
            "revenue": 156327,
            "revenue_4q": null,
            "common_shares": 317004,
            "book_valuer_per_share": 23.24,
            "book_valuer_per_share_4q_avg": 22.43,
            "equity": 736679,
            "current_ratio": 608.89,
            "debt_ratio": 14.02,
            "inventory_turnover_ratio": 1.39,
            "account_receivable_turnover_ratio": 0.84,
            "reinvestment_rate": -4.92,
            "research_to_sale_ratio": 2.21,
            "price_fair": 112.44,
            "eps_avg_yearly": 3.28,
            "eps_latest_yearly": 2.72,
            "eps_growth_yearly": 24.31
        },
        "20172": {
            "year_quarter": 20172,
            "year": 2017,
            "quarter": 2,
            "eps": 1.12,
            "eps_growth_year": 43.59,
            "eps_4q": 3.51,
            "eps_4q_growth_year": 15.31,
            "roe": 5,
            "roe_4q": 15.69,
            "gross_profit": 103088,
            "gross_margin": 50.16,
            "gross_margin_4q_avg": 52.94,
            "net_income": 35468,
            "net_income_4q": null,
            "revenue": 205537,
            "revenue_4q": null,
            "common_shares": 317004,
            "book_valuer_per_share": 21.49,
            "book_valuer_per_share_4q_avg": 22.41,
            "equity": 681118,
            "current_ratio": 327.15,
            "debt_ratio": 25.52,
            "inventory_turnover_ratio": 1.72,
            "account_receivable_turnover_ratio": 1.11,
            "reinvestment_rate": -4.52,
            "research_to_sale_ratio": 2.11,
            "price_fair": 117.43,
            "eps_avg_yearly": 3.36,
            "eps_latest_yearly": 4.48,
            "eps_growth_yearly": 33.84
        },
        "20173": {
            "year_quarter": 20173,
            "year": 2017,
            "quarter": 3,
            "eps": 0.86,
            "eps_growth_year": 14.67,
            "eps_4q": 3.62,
            "eps_4q_growth_year": 27.65,
            "roe": 3.91,
            "roe_4q": 16.16,
            "gross_profit": 96122,
            "gross_margin": 47.03,
            "gross_margin_4q_avg": 50.91,
            "net_income": 27231,
            "net_income_4q": null,
            "revenue": 204367,
            "revenue_4q": null,
            "common_shares": 317004,
            "book_valuer_per_share": 22.44,
            "book_valuer_per_share_4q_avg": 22.51,
            "equity": 711508,
            "current_ratio": 517.48,
            "debt_ratio": 16.95,
            "inventory_turnover_ratio": 1.87,
            "account_receivable_turnover_ratio": 1.05,
            "reinvestment_rate": -4.37,
            "research_to_sale_ratio": 1.68,
            "price_fair": 109.03,
            "eps_avg_yearly": 3.33,
            "eps_latest_yearly": 3.44,
            "eps_growth_yearly": 22.79
        },
        "20174": {
            "year_quarter": 20174,
            "year": 2017,
            "quarter": 4,
            "eps": 0.83,
            "eps_growth_year": -14.01,
            "eps_4q": 3.49,
            "eps_4q_growth_year": 16.97,
            "roe": 3.62,
            "roe_4q": 15.490000000000002,
            "gross_profit": 96867,
            "gross_margin": 53.74,
            "gross_margin_4q_avg": 51.38,
            "net_income": 26247,
            "net_income_4q": null,
            "revenue": 180261,
            "revenue_4q": null,
            "common_shares": 317004,
            "book_valuer_per_share": 23.29,
            "book_valuer_per_share_4q_avg": 22.62,
            "equity": 738337,
            "current_ratio": 427.59,
            "debt_ratio": 20.34,
            "inventory_turnover_ratio": 1.44,
            "account_receivable_turnover_ratio": 0.92,
            "reinvestment_rate": -6.52,
            "research_to_sale_ratio": 1.84,
            "price_fair": 79.72,
            "eps_avg_yearly": 3.22,
            "eps_latest_yearly": 3.32,
            "eps_growth_yearly": 14.78
        },
        "20181": {
            "year_quarter": 20181,
            "year": 2018,
            "quarter": 1,
            "eps": 0.59,
            "eps_growth_year": -13.24,
            "eps_4q": 3.39,
            "eps_4q_growth_year": 6.84,
            "roe": 2.48,
            "roe_4q": 15.01,
            "gross_profit": 88930,
            "gross_margin": 50.93,
            "gross_margin_4q_avg": 50.47,
            "net_income": 18615,
            "net_income_4q": null,
            "revenue": 174611,
            "revenue_4q": null,
            "common_shares": 317004,
            "book_valuer_per_share": 24.02,
            "book_valuer_per_share_4q_avg": 22.81,
            "equity": 761472,
            "current_ratio": 556.05,
            "debt_ratio": 16.45,
            "inventory_turnover_ratio": 1.38,
            "account_receivable_turnover_ratio": 0.91,
            "reinvestment_rate": -4.65,
            "research_to_sale_ratio": 1.85,
            "price_fair": 98.52,
            "eps_avg_yearly": 3.22,
            "eps_latest_yearly": 2.36,
            "eps_growth_yearly": 20.64
        },
        "20182": {
            "year_quarter": 20182,
            "year": 2018,
            "quarter": 2,
            "eps": 0.89,
            "eps_growth_year": -20.54,
            "eps_4q": 3.17,
            "eps_4q_growth_year": -9.79,
            "roe": 3.93,
            "roe_4q": 13.940000000000001,
            "gross_profit": 89133,
            "gross_margin": 48.97,
            "gross_margin_4q_avg": 50.17,
            "net_income": 28374,
            "net_income_4q": null,
            "revenue": 182013,
            "revenue_4q": null,
            "common_shares": 317004,
            "book_valuer_per_share": 21.53,
            "book_valuer_per_share_4q_avg": 22.82,
            "equity": 682522,
            "current_ratio": 302.96,
            "debt_ratio": 28.41,
            "inventory_turnover_ratio": 1.58,
            "account_receivable_turnover_ratio": 1.01,
            "reinvestment_rate": -3.85,
            "research_to_sale_ratio": 1.66,
            "price_fair": 113.66,
            "eps_avg_yearly": 3.25,
            "eps_latest_yearly": 3.56,
            "eps_growth_yearly": 26.69
        },
        "20183": {
            "year_quarter": 20183,
            "year": 2018,
            "quarter": 3,
            "eps": 0.89,
            "eps_growth_year": 3.49,
            "eps_4q": 3.2,
            "eps_4q_growth_year": -11.69,
            "roe": 4.07,
            "roe_4q": 14.100000000000001,
            "gross_profit": 104771,
            "gross_margin": 50.42,
            "gross_margin_4q_avg": 51.02,
            "net_income": 28183,
            "net_income_4q": null,
            "revenue": 207780,
            "revenue_4q": null,
            "common_shares": 317004,
            "book_valuer_per_share": 22.15,
            "book_valuer_per_share_4q_avg": 22.75,
            "equity": 702275,
            "current_ratio": 426.75,
            "debt_ratio": 20.47,
            "inventory_turnover_ratio": 1.91,
            "account_receivable_turnover_ratio": 1.32,
            "reinvestment_rate": -2.68,
            "research_to_sale_ratio": 1.4,
            "price_fair": 98.39,
            "eps_avg_yearly": 3.23,
            "eps_latest_yearly": 3.56,
            "eps_growth_yearly": 20.44
        },
        "20184": {
            "year_quarter": 20184,
            "year": 2018,
            "quarter": 4,
            "eps": 0.97,
            "eps_growth_year": 16.65,
            "eps_4q": 3.34,
            "eps_4q_growth_year": -4.32,
            "roe": 4.26,
            "roe_4q": 14.74,
            "gross_profit": 104925,
            "gross_margin": 51.61,
            "gross_margin_4q_avg": 50.48,
            "net_income": 30618,
            "net_income_4q": null,
            "revenue": 203309,
            "revenue_4q": null,
            "common_shares": 317004,
            "book_valuer_per_share": 23.18,
            "book_valuer_per_share_4q_avg": 22.72,
            "equity": 734844,
            "current_ratio": 407.18,
            "debt_ratio": 21.85,
            "inventory_turnover_ratio": 1.88,
            "account_receivable_turnover_ratio": 1.35,
            "reinvestment_rate": -6.08,
            "research_to_sale_ratio": 1.48,
            "price_fair": 103.03,
            "eps_avg_yearly": 3.23,
            "eps_latest_yearly": 3.88,
            "eps_growth_yearly": 21.9
        },
        "20191": {
            "year_quarter": 20191,
            "year": 2019,
            "quarter": 1,
            "eps": 0.86,
            "eps_growth_year": 45.76,
            "eps_4q": 3.61,
            "eps_4q_growth_year": 6.47,
            "roe": 3.64,
            "roe_4q": 15.9,
            "gross_profit": 99104,
            "gross_margin": 53.67,
            "gross_margin_4q_avg": 51.17,
            "net_income": 27343,
            "net_income_4q": null,
            "revenue": 184668,
            "revenue_4q": null,
            "common_shares": 317004,
            "book_valuer_per_share": 24.23,
            "book_valuer_per_share_4q_avg": 22.77,
            "equity": 768201,
            "current_ratio": 447.3,
            "debt_ratio": 20.95,
            "inventory_turnover_ratio": 1.54,
            "account_receivable_turnover_ratio": 1.3,
            "reinvestment_rate": -5.16,
            "research_to_sale_ratio": 1.81,
            "price_fair": 115.68,
            "eps_avg_yearly": 3.31,
            "eps_latest_yearly": 3.44,
            "eps_growth_yearly": 29.78
        },
        "20192": {
            "year_quarter": 20192,
            "year": 2019,
            "quarter": 2,
            "eps": 0.94,
            "eps_growth_year": 5.62,
            "eps_4q": 3.66,
            "eps_4q_growth_year": 15.39,
            "roe": 4.08,
            "roe_4q": 16.05,
            "gross_profit": 96853,
            "gross_margin": 51.14,
            "gross_margin_4q_avg": 51.71,
            "net_income": 29781,
            "net_income_4q": null,
            "revenue": 189396,
            "revenue_4q": null,
            "common_shares": 317004,
            "book_valuer_per_share": 21.87,
            "book_valuer_per_share_4q_avg": 22.86,
            "equity": 693146,
            "current_ratio": 285.51,
            "debt_ratio": 30.81,
            "inventory_turnover_ratio": 1.58,
            "account_receivable_turnover_ratio": 1.58,
            "reinvestment_rate": -4.97,
            "research_to_sale_ratio": 1.39,
            "price_fair": 109.55,
            "eps_avg_yearly": 3.35,
            "eps_latest_yearly": 3.76,
            "eps_growth_yearly": 22.73
        },
        "20193": {
            "year_quarter": 20193,
            "year": 2019,
            "quarter": 3,
            "eps": 0.89,
            "eps_growth_year": 0,
            "eps_4q": 3.65,
            "eps_4q_growth_year": 14.2,
            "roe": 4,
            "roe_4q": 15.98,
            "gross_profit": 109181,
            "gross_margin": 52.13,
            "gross_margin_4q_avg": 52.14,
            "net_income": 28082,
            "net_income_4q": null,
            "revenue": 209423,
            "revenue_4q": null,
            "common_shares": 317004,
            "book_valuer_per_share": 22.43,
            "book_valuer_per_share_4q_avg": 22.93,
            "equity": 711086,
            "current_ratio": 403.28,
            "debt_ratio": 22.78,
            "inventory_turnover_ratio": 1.72,
            "account_receivable_turnover_ratio": 1.74,
            "reinvestment_rate": -6.45,
            "research_to_sale_ratio": 1.56,
            "price_fair": 84.01,
            "eps_avg_yearly": 3.33,
            "eps_latest_yearly": 3.56,
            "eps_growth_yearly": 15.23
        },
        "20194": {
            "year_quarter": 20194,
            "year": 2019,
            "quarter": 4,
            "eps": 0.81,
            "eps_growth_year": -15.76,
            "eps_4q": 3.5,
            "eps_4q_growth_year": 4.92,
            "roe": 3.57,
            "roe_4q": 15.290000000000001,
            "gross_profit": 94264,
            "gross_margin": 51.69,
            "gross_margin_4q_avg": 52.16,
            "net_income": 25792,
            "net_income_4q": null,
            "revenue": 182347,
            "revenue_4q": null,
            "common_shares": 317004,
            "book_valuer_per_share": 23.16,
            "book_valuer_per_share_4q_avg": 22.92,
            "equity": 734069,
            "current_ratio": 436.22,
            "debt_ratio": 21.22,
            "inventory_turnover_ratio": 1.54,
            "account_receivable_turnover_ratio": 1.57,
            "reinvestment_rate": -2.16,
            "research_to_sale_ratio": 1.43,
            "price_fair": 88.6,
            "eps_avg_yearly": 3.33,
            "eps_latest_yearly": 3.24,
            "eps_growth_yearly": 16.63
        },
        "20201": {
            "year_quarter": 20201,
            "year": 2020,
            "quarter": 1,
            "eps": 0.62,
            "eps_growth_year": -27.91,
            "eps_4q": 3.26,
            "eps_4q_growth_year": -9.83,
            "roe": 2.64,
            "roe_4q": 14.290000000000001,
            "gross_profit": 82769,
            "gross_margin": 53.24,
            "gross_margin_4q_avg": 52.05,
            "net_income": 19610,
            "net_income_4q": null,
            "revenue": 155476,
            "revenue_4q": null,
            "common_shares": 317004,
            "book_valuer_per_share": 23.68,
            "book_valuer_per_share_4q_avg": 22.79,
            "equity": 750545,
            "current_ratio": 523.14,
            "debt_ratio": 18.26,
            "inventory_turnover_ratio": 1.19,
            "account_receivable_turnover_ratio": 1.52,
            "reinvestment_rate": -3.74,
            "research_to_sale_ratio": 1.98,
            "price_fair": 103.57,
            "eps_avg_yearly": 3.36,
            "eps_latest_yearly": 2.48,
            "eps_growth_yearly": 20.82
        },
        "20202": {
            "year_quarter": 20202,
            "year": 2020,
            "quarter": 2,
            "eps": 0.97,
            "eps_growth_year": 3.19,
            "eps_4q": 3.29,
            "eps_4q_growth_year": -10.05,
            "roe": 4.33,
            "roe_4q": 14.540000000000001,
            "gross_profit": 99421,
            "gross_margin": 54.07,
            "gross_margin_4q_avg": 52.78,
            "net_income": 30793,
            "net_income_4q": null,
            "revenue": 183861,
            "revenue_4q": null,
            "common_shares": 317004,
            "book_valuer_per_share": 21.17,
            "book_valuer_per_share_4q_avg": 22.61,
            "equity": 671093,
            "current_ratio": 302.74,
            "debt_ratio": 28.93,
            "inventory_turnover_ratio": 1.27,
            "account_receivable_turnover_ratio": 1.89,
            "reinvestment_rate": -4.09,
            "research_to_sale_ratio": 1.64,
            "price_fair": 102.7,
            "eps_avg_yearly": 3.41,
            "eps_latest_yearly": 3.88,
            "eps_growth_yearly": 20.14
        },
        "20203": {
            "year_quarter": 20203,
            "year": 2020,
            "quarter": 3,
            "eps": 0.95,
            "eps_growth_year": 6.74,
            "eps_4q": 3.35,
            "eps_4q_growth_year": -8.35,
            "roe": 4.35,
            "roe_4q": 14.89,
            "gross_profit": 95646,
            "gross_margin": 51.94,
            "gross_margin_4q_avg": 52.74,
            "net_income": 29957,
            "net_income_4q": null,
            "revenue": 184163,
            "revenue_4q": null,
            "common_shares": 317004,
            "book_valuer_per_share": 22.27,
            "book_valuer_per_share_4q_avg": 22.57,
            "equity": 705948,
            "current_ratio": 471.37,
            "debt_ratio": 20.11,
            "inventory_turnover_ratio": 1.41,
            "account_receivable_turnover_ratio": 1.79,
            "reinvestment_rate": -2.75,
            "research_to_sale_ratio": 1.56,
            "price_fair": 105.75,
            "eps_avg_yearly": 3.46,
            "eps_latest_yearly": 3.8,
            "eps_growth_yearly": 20.59
        },
        "20204": {
            "year_quarter": 20204,
            "year": 2020,
            "quarter": 4,
            "eps": 1.01,
            "eps_growth_year": 24.07,
            "eps_4q": 3.54,
            "eps_4q_growth_year": 1.23,
            "roe": 4.41,
            "roe_4q": 15.73,
            "gross_profit": 97138,
            "gross_margin": 51.17,
            "gross_margin_4q_avg": 52.61,
            "net_income": 32000,
            "net_income_4q": null,
            "revenue": 189852,
            "revenue_4q": null,
            "common_shares": 317004,
            "book_valuer_per_share": 23.5,
            "book_valuer_per_share_4q_avg": 22.66,
            "equity": 744962,
            "current_ratio": 453.78,
            "debt_ratio": 21.34,
            "inventory_turnover_ratio": 1.59,
            "account_receivable_turnover_ratio": 1.86,
            "reinvestment_rate": 0.08,
            "research_to_sale_ratio": 1.51,
            "price_fair": 87.32,
            "eps_avg_yearly": 3.47,
            "eps_latest_yearly": 4.04,
            "eps_growth_yearly": 15.17
        },
        "20211": {
            "year_quarter": 20211,
            "year": 2021,
            "quarter": 1,
            "eps": 0.87,
            "eps_growth_year": 40.32,
            "eps_4q": 3.79,
            "eps_4q_growth_year": 16.46,
            "roe": 3.63,
            "roe_4q": 16.72,
            "gross_profit": 95368,
            "gross_margin": 52.55,
            "gross_margin_4q_avg": 52.43,
            "net_income": 27510,
            "net_income_4q": null,
            "revenue": 181475,
            "revenue_4q": null,
            "common_shares": 317004,
            "book_valuer_per_share": 24.3,
            "book_valuer_per_share_4q_avg": 22.81,
            "equity": 770242,
            "current_ratio": 532.54,
            "debt_ratio": 18.96,
            "inventory_turnover_ratio": 1.42,
            "account_receivable_turnover_ratio": 1.87,
            "reinvestment_rate": 0.55,
            "research_to_sale_ratio": 1.59,
            "price_fair": 101.98,
            "eps_avg_yearly": 3.52,
            "eps_latest_yearly": 3.48,
            "eps_growth_yearly": 18.99
        },
        "20212": {
            "year_quarter": 20212,
            "year": 2021,
            "quarter": 2,
            "eps": 0.87,
            "eps_growth_year": -10.31,
            "eps_4q": 3.7,
            "eps_4q_growth_year": 12.4,
            "roe": 3.54,
            "roe_4q": 15.93,
            "gross_profit": 91068,
            "gross_margin": 47.82,
            "gross_margin_4q_avg": 50.87,
            "net_income": 27738,
            "net_income_4q": null,
            "revenue": 190423,
            "revenue_4q": null,
            "common_shares": 317004,
            "book_valuer_per_share": 25.09,
            "book_valuer_per_share_4q_avg": 23.79,
            "equity": 795467,
            "current_ratio": 500.37,
            "debt_ratio": 19.99,
            "inventory_turnover_ratio": 1.55,
            "account_receivable_turnover_ratio": 1.91,
            "reinvestment_rate": -0.17,
            "research_to_sale_ratio": 1.46,
            "price_fair": 44.28,
            "eps_avg_yearly": 3.46,
            "eps_latest_yearly": 3.48,
            "eps_growth_yearly": 2.81
        },
        "20213": {
            "year_quarter": 20213,
            "year": 2021,
            "quarter": 3,
            "eps": 1.19,
            "eps_growth_year": 25.26,
            "eps_4q": 3.94,
            "eps_4q_growth_year": 17.58,
            "roe": 4.95,
            "roe_4q": 16.53,
            "gross_profit": 99069,
            "gross_margin": 50.13,
            "gross_margin_4q_avg": 50.42,
            "net_income": 37565,
            "net_income_4q": null,
            "revenue": 197625,
            "revenue_4q": null,
            "common_shares": 317004,
            "book_valuer_per_share": 22.77,
            "book_valuer_per_share_4q_avg": 23.92,
            "equity": 721866,
            "current_ratio": 415.43,
            "debt_ratio": 24.46,
            "inventory_turnover_ratio": 1.44,
            "account_receivable_turnover_ratio": 1.96,
            "reinvestment_rate": 0.12,
            "research_to_sale_ratio": 1.29,
            "price_fair": 98.39,
            "eps_avg_yearly": 3.54,
            "eps_latest_yearly": 4.76,
            "eps_growth_yearly": 17.81
        },
        "20214": {
            "year_quarter": 20214,
            "year": 2021,
            "quarter": 4,
            "eps": 1.11,
            "eps_growth_year": 9.61,
            "eps_4q": 4.03,
            "eps_4q_growth_year": 13.82,
            "roe": 4.73,
            "roe_4q": 16.849999999999998,
            "gross_profit": 94899,
            "gross_margin": 46.61,
            "gross_margin_4q_avg": 49.28,
            "net_income": 35074,
            "net_income_4q": null,
            "revenue": 203615,
            "revenue_4q": null,
            "common_shares": 317004,
            "book_valuer_per_share": 23.96,
            "book_valuer_per_share_4q_avg": 24.03,
            "equity": 759630,
            "current_ratio": 384.76,
            "debt_ratio": 26.14,
            "inventory_turnover_ratio": 1.45,
            "account_receivable_turnover_ratio": 1.83,
            "reinvestment_rate": 0.76,
            "research_to_sale_ratio": 1.15,
            "price_fair": 97.42,
            "eps_avg_yearly": 3.61,
            "eps_latest_yearly": 4.44,
            "eps_growth_yearly": 17.01
        },
        "20221": {
            "year_quarter": 20221,
            "year": 2022,
            "quarter": 1,
            "eps": 0.96,
            "eps_growth_year": 10.34,
            "eps_4q": 4.13,
            "eps_4q_growth_year": 8.78,
            "roe": 4.22,
            "roe_4q": 17.439999999999998,
            "gross_profit": 82375,
            "gross_margin": 43.24,
            "gross_margin_4q_avg": 46.95,
            "net_income": 30447,
            "net_income_4q": null,
            "revenue": 190503,
            "revenue_4q": null,
            "common_shares": 317004,
            "book_valuer_per_share": 21.51,
            "book_valuer_per_share_4q_avg": 23.33,
            "equity": 681777,
            "current_ratio": 283.76,
            "debt_ratio": 33.66,
            "inventory_turnover_ratio": 1.4,
            "account_receivable_turnover_ratio": 1.58,
            "reinvestment_rate": -0.96,
            "research_to_sale_ratio": 1.37,
            "price_fair": 114.17,
            "eps_avg_yearly": 3.7,
            "eps_latest_yearly": 3.84,
            "eps_growth_yearly": 20.86
        },
        "20222": {
            "year_quarter": 20222,
            "year": 2022,
            "quarter": 2,
            "eps": 1.12,
            "eps_growth_year": 28.74,
            "eps_4q": 4.37,
            "eps_4q_growth_year": 18.19,
            "roe": 5.09,
            "roe_4q": 18.99,
            "gross_profit": 87171,
            "gross_margin": 44.39,
            "gross_margin_4q_avg": 46.09,
            "net_income": 35440,
            "net_income_4q": null,
            "revenue": 196394,
            "revenue_4q": null,
            "common_shares": 317004,
            "book_valuer_per_share": 22.41,
            "book_valuer_per_share_4q_avg": 22.66,
            "equity": 710389,
            "current_ratio": 316.67,
            "debt_ratio": 27.5,
            "inventory_turnover_ratio": 1.32,
            "account_receivable_turnover_ratio": 1.58,
            "reinvestment_rate": -1.44,
            "research_to_sale_ratio": 0.93,
            "price_fair": 83.83,
            "eps_avg_yearly": 3.76,
            "eps_latest_yearly": 4.48,
            "eps_growth_yearly": 12.31
        },
        "20223": {
            "year_quarter": 20223,
            "year": 2022,
            "quarter": 3,
            "eps": 0.87,
            "eps_growth_year": -26.89,
            "eps_4q": 4.05,
            "eps_4q_growth_year": 2.94,
            "roe": 3.8,
            "roe_4q": 17.84,
            "gross_profit": 81544,
            "gross_margin": 44.28,
            "gross_margin_4q_avg": 44.63,
            "net_income": 27524,
            "net_income_4q": null,
            "revenue": 184158,
            "revenue_4q": null,
            "common_shares": 317004,
            "book_valuer_per_share": 23.34,
            "book_valuer_per_share_4q_avg": 22.81,
            "equity": 739744,
            "current_ratio": 407.27,
            "debt_ratio": 22.21,
            "inventory_turnover_ratio": 1.17,
            "account_receivable_turnover_ratio": 1.4,
            "reinvestment_rate": -2.72,
            "research_to_sale_ratio": 1.33,
            "price_fair": 62.78,
            "eps_avg_yearly": 3.75,
            "eps_latest_yearly": 3.48,
            "eps_growth_yearly": 6.73
        },
        "20224": {
            "year_quarter": 20224,
            "year": 2022,
            "quarter": 4,
            "eps": 1.05,
            "eps_growth_year": -4.86,
            "eps_4q": 4,
            "eps_4q_growth_year": -0.86,
            "roe": 4.42,
            "roe_4q": 17.529999999999998,
            "gross_profit": 96555,
            "gross_margin": 48.82,
            "gross_margin_4q_avg": 45.18,
            "net_income": 33370,
            "net_income_4q": null,
            "revenue": 197760,
            "revenue_4q": null,
            "common_shares": 317004,
            "book_valuer_per_share": 24.29,
            "book_valuer_per_share_4q_avg": 22.89,
            "equity": 769969,
            "current_ratio": 357.27,
            "debt_ratio": 25.11,
            "inventory_turnover_ratio": 1.12,
            "account_receivable_turnover_ratio": 1.42,
            "reinvestment_rate": -2.6,
            "research_to_sale_ratio": 1.23,
            "price_fair": 74.15,
            "eps_avg_yearly": 3.77,
            "eps_latest_yearly": 4.2,
            "eps_growth_yearly": 9.66
        },
        "20231": {
            "year_quarter": 20231,
            "year": 2023,
            "quarter": 1,
            "eps": 0.96,
            "eps_growth_year": 0,
            "eps_4q": 4,
            "eps_4q_growth_year": -3.13,
            "roe": 4.19,
            "roe_4q": 17.5,
            "gross_profit": 78367,
            "gross_margin": 46.08,
            "gross_margin_4q_avg": 45.89,
            "net_income": 30392,
            "net_income_4q": null,
            "revenue": 170082,
            "revenue_4q": null,
            "common_shares": 317004,
            "book_valuer_per_share": 21.48,
            "book_valuer_per_share_4q_avg": 22.88,
            "equity": 680950,
            "current_ratio": 291.27,
            "debt_ratio": 30.15,
            "inventory_turnover_ratio": 1.09,
            "account_receivable_turnover_ratio": 1.25,
            "reinvestment_rate": -3.3,
            "research_to_sale_ratio": 1.68,
            "price_fair": 77.27,
            "eps_avg_yearly": 3.8,
            "eps_latest_yearly": 3.84,
            "eps_growth_yearly": 10.35
        },
        "20232": {
            "year_quarter": 20232,
            "year": 2023,
            "quarter": 2,
            "eps": 1.35,
            "eps_growth_year": 20.54,
            "eps_4q": 4.23,
            "eps_4q_growth_year": -3.19,
            "roe": 6.13,
            "roe_4q": 18.54,
            "gross_profit": 91742,
            "gross_margin": 49.05,
            "gross_margin_4q_avg": 47.06,
            "net_income": 42817,
            "net_income_4q": null,
            "revenue": 187049,
            "revenue_4q": null,
            "common_shares": 317004,
            "book_valuer_per_share": 22.6,
            "book_valuer_per_share_4q_avg": 22.93,
            "equity": 716529,
            "current_ratio": 360.15,
            "debt_ratio": 25.28,
            "inventory_turnover_ratio": 1.28,
            "account_receivable_turnover_ratio": 1.4,
            "reinvestment_rate": -3.38,
            "research_to_sale_ratio": 1.11,
            "price_fair": 109.9,
            "eps_avg_yearly": 3.9,
            "eps_latest_yearly": 5.4,
            "eps_growth_yearly": 18.18
        },
        "20233": {
            "year_quarter": 20233,
            "year": 2023,
            "quarter": 3,
            "eps": 1.01,
            "eps_growth_year": 16.09,
            "eps_4q": 4.37,
            "eps_4q_growth_year": 7.87,
            "roe": 4.35,
            "roe_4q": 19.090000000000003,
            "gross_profit": 89132,
            "gross_margin": 49.58,
            "gross_margin_4q_avg": 48.38,
            "net_income": 32024,
            "net_income_4q": null,
            "revenue": 179782,
            "revenue_4q": null,
            "common_shares": 317004,
            "book_valuer_per_share": 23.82,
            "book_valuer_per_share_4q_avg": 23.05,
            "equity": 755256,
            "current_ratio": 433.68,
            "debt_ratio": 21.78,
            "inventory_turnover_ratio": 1.26,
            "account_receivable_turnover_ratio": 1.34,
            "reinvestment_rate": -2.29,
            "research_to_sale_ratio": 1.62,
            "price_fair": 91.22,
            "eps_avg_yearly": 3.93,
            "eps_latest_yearly": 4.04,
            "eps_growth_yearly": 13.21
        }
    },
    "months": {
        "2011-12": {
            "month": "2011-12",
            "price": "46.70",
            "revenue": 41948
        },
        "2012-01": {
            "month": "2012-01",
            "price": "47.80",
            "revenue": 33335
        },
        "2012-02": {
            "month": "2012-02",
            "price": "49.05",
            "revenue": 35960
        },
        "2012-03": {
            "month": "2012-03",
            "price": "50.82",
            "revenue": 38401
        },
        "2012-04": {
            "month": "2012-04",
            "price": "48.44",
            "revenue": 38854
        },
        "2012-05": {
            "month": "2012-05",
            "price": "48.00",
            "revenue": 40083
        },
        "2012-07": {
            "month": "2012-07",
            "price": "47.42",
            "revenue": 48163
        },
        "2012-08": {
            "month": "2012-08",
            "price": "48.21",
            "revenue": 40203
        },
        "2012-09": {
            "month": "2012-09",
            "price": "50.56",
            "revenue": 42561
        },
        "2012-10": {
            "month": "2012-10",
            "price": "51.93",
            "revenue": 44358
        },
        "2012-11": {
            "month": "2012-11",
            "price": "49.48",
            "revenue": 43720
        },
        "2012-12": {
            "month": "2012-12",
            "price": "39.35",
            "revenue": 47534
        },
        "2013-01": {
            "month": "2013-01",
            "price": "43.24",
            "revenue": 48714
        },
        "2013-02": {
            "month": "2013-02",
            "price": "45.62",
            "revenue": 41984
        },
        "2013-03": {
            "month": "2013-03",
            "price": "51.62",
            "revenue": 53317
        },
        "2013-04": {
            "month": "2013-04",
            "price": "51.05",
            "revenue": 48158
        },
        "2013-05": {
            "month": "2013-05",
            "price": "52.34",
            "revenue": 52658
        },
        "2013-06": {
            "month": "2013-06",
            "price": "52.37",
            "revenue": 46239
        },
        "2013-07": {
            "month": "2013-07",
            "price": "50.71",
            "revenue": 48843
        },
        "2013-08": {
            "month": "2013-08",
            "price": "50.79",
            "revenue": 50601
        },
        "2013-09": {
            "month": "2013-09",
            "price": "51.40",
            "revenue": 47715
        },
        "2013-10": {
            "month": "2013-10",
            "price": "51.13",
            "revenue": 46943
        },
        "2013-11": {
            "month": "2013-11",
            "price": "50.59",
            "revenue": 57103
        },
        "2013-12": {
            "month": "2013-12",
            "price": "51.98",
            "revenue": 68277
        },
        "2014-01": {
            "month": "2014-01",
            "price": "53.76",
            "revenue": 47903
        },
        "2014-02": {
            "month": "2014-02",
            "price": "50.30",
            "revenue": 38972
        },
        "2014-03": {
            "month": "2014-03",
            "price": "53.28",
            "revenue": 52536
        },
        "2014-04": {
            "month": "2014-04",
            "price": "53.51",
            "revenue": 51411
        },
        "2014-05": {
            "month": "2014-05",
            "price": "52.60",
            "revenue": 52453
        },
        "2014-06": {
            "month": "2014-06",
            "price": "51.90",
            "revenue": 56346
        },
        "2014-07": {
            "month": "2014-07",
            "price": "51.29",
            "revenue": 59364
        },
        "2014-08": {
            "month": "2014-08",
            "price": "50.46",
            "revenue": 54466
        },
        "2014-09": {
            "month": "2014-09",
            "price": "52.00",
            "revenue": 51413
        },
        "2014-10": {
            "month": "2014-10",
            "price": "51.05",
            "revenue": 54522
        },
        "2014-11": {
            "month": "2014-11",
            "price": "50.78",
            "revenue": 53078
        },
        "2014-12": {
            "month": "2014-12",
            "price": "52.12",
            "revenue": 64969
        },
        "2015-01": {
            "month": "2015-01",
            "price": "52.07",
            "revenue": 41899
        },
        "2015-02": {
            "month": "2015-02",
            "price": "51.25",
            "revenue": 40141
        },
        "2015-03": {
            "month": "2015-03",
            "price": "51.72",
            "revenue": 59346
        },
        "2015-04": {
            "month": "2015-04",
            "price": "54.34",
            "revenue": 47165
        },
        "2015-05": {
            "month": "2015-05",
            "price": "52.78",
            "revenue": 46786
        },
        "2015-06": {
            "month": "2015-06",
            "price": "51.15",
            "revenue": 69336
        },
        "2015-07": {
            "month": "2015-07",
            "price": "49.37",
            "revenue": 56232
        },
        "2015-08": {
            "month": "2015-08",
            "price": "48.45",
            "revenue": 60339
        },
        "2015-09": {
            "month": "2015-09",
            "price": "47.78",
            "revenue": 51999
        },
        "2015-10": {
            "month": "2015-10",
            "price": "47.53",
            "revenue": 50184
        },
        "2015-11": {
            "month": "2015-11",
            "price": "47.28",
            "revenue": 51169
        },
        "2015-12": {
            "month": "2015-12",
            "price": "46.87",
            "revenue": 61285
        },
        "2016-01": {
            "month": "2016-01",
            "price": "46.39",
            "revenue": 50306
        },
        "2016-02": {
            "month": "2016-02",
            "price": "47.45",
            "revenue": 35679
        },
        "2016-03": {
            "month": "2016-03",
            "price": "48.74",
            "revenue": 54617
        },
        "2016-04": {
            "month": "2016-04",
            "price": "47.61",
            "revenue": 47512
        },
        "2016-05": {
            "month": "2016-05",
            "price": "46.92",
            "revenue": 60454
        },
        "2016-06": {
            "month": "2016-06",
            "price": "46.55",
            "revenue": 62025
        },
        "2016-07": {
            "month": "2016-07",
            "price": "44.98",
            "revenue": 51476
        },
        "2016-08": {
            "month": "2016-08",
            "price": "44.68",
            "revenue": 54685
        },
        "2016-09": {
            "month": "2016-09",
            "price": "43.58",
            "revenue": 52155
        },
        "2016-10": {
            "month": "2016-10",
            "price": "41.54",
            "revenue": 52546
        },
        "2016-11": {
            "month": "2016-11",
            "price": "40.64",
            "revenue": 64322
        },
        "2016-12": {
            "month": "2016-12",
            "price": "40.85",
            "revenue": 71303
        },
        "2017-01": {
            "month": "2017-01",
            "price": "41.80",
            "revenue": 46151
        },
        "2017-02": {
            "month": "2017-02",
            "price": "43.57",
            "revenue": 49642
        },
        "2017-03": {
            "month": "2017-03",
            "price": "45.69",
            "revenue": 60534
        },
        "2017-04": {
            "month": "2017-04",
            "price": "44.96",
            "revenue": 58702
        },
        "2017-05": {
            "month": "2017-05",
            "price": "45.37",
            "revenue": 73777
        },
        "2017-06": {
            "month": "2017-06",
            "price": "48.50",
            "revenue": 73058
        },
        "2017-07": {
            "month": "2017-07",
            "price": "48.92",
            "revenue": 85432
        },
        "2017-08": {
            "month": "2017-08",
            "price": "50.96",
            "revenue": 59433
        },
        "2017-09": {
            "month": "2017-09",
            "price": "51.30",
            "revenue": 59502
        },
        "2017-10": {
            "month": "2017-10",
            "price": "51.14",
            "revenue": 57977
        },
        "2017-11": {
            "month": "2017-11",
            "price": "50.90",
            "revenue": 60852
        },
        "2017-12": {
            "month": "2017-12",
            "price": "49.18",
            "revenue": 61432
        },
        "2018-01": {
            "month": "2018-01",
            "price": "51.25",
            "revenue": 56912
        },
        "2018-02": {
            "month": "2018-02",
            "price": "49.95",
            "revenue": 49942
        },
        "2018-03": {
            "month": "2018-03",
            "price": "51.03",
            "revenue": 67757
        },
        "2018-04": {
            "month": "2018-04",
            "price": "52.72",
            "revenue": 55805
        },
        "2018-05": {
            "month": "2018-05",
            "price": "51.62",
            "revenue": 62589
        },
        "2018-06": {
            "month": "2018-06",
            "price": "51.33",
            "revenue": 63619
        },
        "2018-07": {
            "month": "2018-07",
            "price": "48.88",
            "revenue": 70157
        },
        "2018-08": {
            "month": "2018-08",
            "price": "48.38",
            "revenue": 67447
        },
        "2018-09": {
            "month": "2018-09",
            "price": "47.68",
            "revenue": 70176
        },
        "2018-10": {
            "month": "2018-10",
            "price": "46.53",
            "revenue": 68617
        },
        "2018-11": {
            "month": "2018-11",
            "price": "46.55",
            "revenue": 63161
        },
        "2018-12": {
            "month": "2018-12",
            "price": "46.58",
            "revenue": 71531
        },
        "2019-01": {
            "month": "2019-01",
            "price": "46.92",
            "revenue": 67289
        },
        "2019-02": {
            "month": "2019-02",
            "price": "49.08",
            "revenue": 45579
        },
        "2019-03": {
            "month": "2019-03",
            "price": "50.63",
            "revenue": 71800
        },
        "2019-04": {
            "month": "2019-04",
            "price": "50.78",
            "revenue": 57163
        },
        "2019-05": {
            "month": "2019-05",
            "price": "50.40",
            "revenue": 67339
        },
        "2019-06": {
            "month": "2019-06",
            "price": "51.11",
            "revenue": 64894
        },
        "2019-07": {
            "month": "2019-07",
            "price": "49.67",
            "revenue": 74058
        },
        "2019-08": {
            "month": "2019-08",
            "price": "51.89",
            "revenue": 57249
        },
        "2019-09": {
            "month": "2019-09",
            "price": "52.41",
            "revenue": 78116
        },
        "2019-10": {
            "month": "2019-10",
            "price": "52.26",
            "revenue": 58082
        },
        "2019-11": {
            "month": "2019-11",
            "price": "51.93",
            "revenue": 57271
        },
        "2019-12": {
            "month": "2019-12",
            "price": "50.95",
            "revenue": 66994
        },
        "2020-01": {
            "month": "2020-01",
            "price": "50.73",
            "revenue": 50064
        },
        "2020-02": {
            "month": "2020-02",
            "price": "50.87",
            "revenue": 44123
        },
        "2020-03": {
            "month": "2020-03",
            "price": "49.96",
            "revenue": 61289
        },
        "2020-04": {
            "month": "2020-04",
            "price": "50.30",
            "revenue": 60033
        },
        "2020-05": {
            "month": "2020-05",
            "price": "50.42",
            "revenue": 62610
        },
        "2020-06": {
            "month": "2020-06",
            "price": "51.14",
            "revenue": 61218
        },
        "2020-07": {
            "month": "2020-07",
            "price": "50.02",
            "revenue": 62513
        },
        "2020-08": {
            "month": "2020-08",
            "price": "49.40",
            "revenue": 56517
        },
        "2020-09": {
            "month": "2020-09",
            "price": "49.27",
            "revenue": 65133
        },
        "2020-10": {
            "month": "2020-10",
            "price": "49.72",
            "revenue": 57446
        },
        "2020-11": {
            "month": "2020-11",
            "price": "49.98",
            "revenue": 66010
        },
        "2020-12": {
            "month": "2020-12",
            "price": "50.60",
            "revenue": 66396
        },
        "2021-01": {
            "month": "2021-01",
            "price": "50.62",
            "revenue": 63570
        },
        "2021-02": {
            "month": "2021-02",
            "price": "52.23",
            "revenue": 55364
        },
        "2021-03": {
            "month": "2021-03",
            "price": "56.98",
            "revenue": 62541
        },
        "2021-04": {
            "month": "2021-04",
            "price": "58.03",
            "revenue": 62157
        },
        "2021-05": {
            "month": "2021-05",
            "price": "56.54",
            "revenue": 64668
        },
        "2021-06": {
            "month": "2021-06",
            "price": "56.93",
            "revenue": 63598
        },
        "2021-07": {
            "month": "2021-07",
            "price": "57.01",
            "revenue": 70599
        },
        "2021-08": {
            "month": "2021-08",
            "price": "56.43",
            "revenue": 64506
        },
        "2021-09": {
            "month": "2021-09",
            "price": "57.46",
            "revenue": 62520
        },
        "2021-10": {
            "month": "2021-10",
            "price": "57.37",
            "revenue": 64951
        },
        "2021-11": {
            "month": "2021-11",
            "price": "57.84",
            "revenue": 63965
        },
        "2021-12": {
            "month": "2021-12",
            "price": "58.30",
            "revenue": 74699
        },
        "2022-01": {
            "month": "2022-01",
            "price": "59.61",
            "revenue": 71751
        },
        "2022-02": {
            "month": "2022-02",
            "price": "61.01",
            "revenue": 49604
        },
        "2022-03": {
            "month": "2022-03",
            "price": "64.45",
            "revenue": 69148
        },
        "2022-04": {
            "month": "2022-04",
            "price": "64.11",
            "revenue": 59491
        },
        "2022-05": {
            "month": "2022-05",
            "price": "61.03",
            "revenue": 72037
        },
        "2022-06": {
            "month": "2022-06",
            "price": "61.23",
            "revenue": 64866
        },
        "2022-07": {
            "month": "2022-07",
            "price": "59.47",
            "revenue": 68057
        },
        "2022-08": {
            "month": "2022-08",
            "price": "60.89",
            "revenue": 58264
        },
        "2022-09": {
            "month": "2022-09",
            "price": "61.05",
            "revenue": 57837
        },
        "2022-10": {
            "month": "2022-10",
            "price": "59.52",
            "revenue": 65405
        },
        "2022-11": {
            "month": "2022-11",
            "price": "59.38",
            "revenue": 63242
        },
        "2022-12": {
            "month": "2022-12",
            "price": "59.10",
            "revenue": 69113
        },
        "2023-01": {
            "month": "2023-01",
            "price": "59.62",
            "revenue": 62918
        },
        "2023-02": {
            "month": "2023-02",
            "price": "61.24",
            "revenue": 50069
        },
        "2023-03": {
            "month": "2023-03",
            "price": "62.74",
            "revenue": 57095
        },
        "2023-04": {
            "month": "2023-04",
            "price": "61.61",
            "revenue": 67097
        },
        "2023-05": {
            "month": "2023-05",
            "price": "62.14",
            "revenue": 60214
        },
        "2023-06": {
            "month": "2023-06",
            "price": "61.70",
            "revenue": 59738
        },
        "2023-07": {
            "month": "2023-07",
            "price": "60.60",
            "revenue": 53551
        },
        "2023-08": {
            "month": "2023-08",
            "price": "60.55",
            "revenue": 65734
        },
        "2023-09": {
            "month": "2023-09",
            "price": "60.54",
            "revenue": 60497
        },
        "2023-10": {
            "month": "2023-10",
            "price": "60.38",
            "revenue": 53351
        },
        "2023-11": {
            "month": "2023-11",
            "price": "61.81",
            "revenue": 50765
        },
        "2023-12": {
            "month": "2023-12",
            "price": "62.61",
            "revenue": 65287
        }
    }
}
