{
    "summary": {
        "stock_name": "大江",
        "stock_id": "8436",
        "category": "生技醫療",
        "main_business": "保健食品及保養品之研發、製造及銷售",
        "website_url": "http://www.tci-bio.com",
        "ceo": "林詠翔",
        "pe_ratio": 20,
        "report_year_from": 2009,
        "report_year_to": 2023,
        "age": 15,
        "eps_negative_percentage": 0,
        "eps_growth_avg": {
            "last_all": 12.21,
            "last_2y": -23.83,
            "last_4y": -16.86,
            "last_8y": 16,
            "last_12y": null,
            "last_16y": null,
            "last_20y": null,
            "at_2006_last_3y": null,
            "at_2007_last_3y": null,
            "at_2008_last_3y": null,
            "at_2009_last_3y": null,
            "at_2010_last_3y": null,
            "at_2011_last_3y": null,
            "at_2012_last_3y": null,
            "at_2013_last_3y": null,
            "at_2014_last_3y": null,
            "at_2015_last_3y": null,
            "at_2016_last_3y": null,
            "at_2017_last_3y": 26.61,
            "at_2018_last_3y": 57.07,
            "at_2019_last_3y": 49.4,
            "at_2020_last_3y": 26.82,
            "at_2021_last_3y": 17.79,
            "at_2022_last_3y": -20.7,
            "at_2023_last_3y": -21.79,
            "at_2024_last_3y": -21.79,
            "at_2006_last_all": null,
            "at_2007_last_all": null,
            "at_2008_last_all": null,
            "at_2009_last_all": null,
            "at_2010_last_all": null,
            "at_2011_last_all": null,
            "at_2012_last_all": null,
            "at_2013_last_all": null,
            "at_2014_last_all": null,
            "at_2015_last_all": 5.87,
            "at_2016_last_all": 28.79,
            "at_2017_last_all": 26.61,
            "at_2018_last_all": 41.29,
            "at_2019_last_all": 34.89,
            "at_2020_last_all": 27.66,
            "at_2021_last_all": 22.2,
            "at_2022_last_all": 13.74,
            "at_2023_last_all": 12.21,
            "at_2024_last_all": 12.21
        },
        "latest_eps": 8.61,
        "latest_price": 171,
        "latest_roe": 11.18,
        "latest_gross_margin": 40.83,
        "latest_equity": 9718888,
        "latest_revenue": 2208031,
        "latest_gross_profit": 901492,
        "latest_net_income": 342454,
        "latest_debt_ratio": 38.11,
        "latest_current_ratio": 182.95,
        "latest_account_receivable_turnover_ratio": 2.27,
        "latest_inventory_turnover_ratio": 1.22,
        "latest_reinvestment_rate": 47.91,
        "latest_research_to_sale_ratio": 7.05
    },
    "eps_dividends": {
        "2001": {
            "cash": 0,
            "stock": 0,
            "eps": 0
        },
        "2002": {
            "cash": 0,
            "stock": 0,
            "eps": 0
        },
        "2003": {
            "cash": 0,
            "stock": 0,
            "eps": 0
        },
        "2004": {
            "cash": 0,
            "stock": 0,
            "eps": 0
        },
        "2005": {
            "cash": 0,
            "stock": 0,
            "eps": 0
        },
        "2006": {
            "cash": 0,
            "stock": 0,
            "eps": 0
        },
        "2007": {
            "cash": 0,
            "stock": 0,
            "eps": 0
        },
        "2008": {
            "cash": 0,
            "stock": 0,
            "eps": 0
        },
        "2009": {
            "cash": 0,
            "stock": 0,
            "eps": 0
        },
        "2010": {
            "cash": 0,
            "stock": 0,
            "eps": 0
        },
        "2011": {
            "cash": 0.3,
            "stock": 3,
            "eps": 0
        },
        "2012": {
            "cash": 0.3,
            "stock": 3,
            "eps": 0
        },
        "2013": {
            "cash": 0.35,
            "stock": 3,
            "eps": 3.85
        },
        "2014": {
            "cash": 1,
            "stock": 1.5,
            "eps": 3.01
        },
        "2015": {
            "cash": 1,
            "stock": 1,
            "eps": 4.02
        },
        "2016": {
            "cash": 1.5,
            "stock": 1.2,
            "eps": 7.02
        },
        "2017": {
            "cash": 2,
            "stock": 1.5,
            "eps": 8.43
        },
        "2018": {
            "cash": 2.7,
            "stock": 1.5,
            "eps": 18.08
        },
        "2019": {
            "cash": 7,
            "stock": 1.5,
            "eps": 18.6
        },
        "2020": {
            "cash": 8.88,
            "stock": 0,
            "eps": 15.68
        },
        "2021": {
            "cash": 8.88,
            "stock": 0,
            "eps": 13.17
        },
        "2022": {
            "cash": 8.88,
            "stock": 0,
            "eps": 6.06
        },
        "2023": {
            "cash": 5,
            "stock": 0,
            "eps": 5.97
        }
    },
    "dividends": {
        "2011-05-31": {
            "cash": 0.3,
            "stock": 3
        },
        "2012-06-29": {
            "cash": 0.3,
            "stock": 3
        },
        "2013-05-20": {
            "cash": 0.35,
            "stock": 3
        },
        "2014-08-08": {
            "cash": 1,
            "stock": 1.5
        },
        "2015-08-03": {
            "cash": 1,
            "stock": 1
        },
        "2016-08-05": {
            "cash": 1.5,
            "stock": 1.2
        },
        "2017-07-26": {
            "cash": 2,
            "stock": 1.5
        },
        "2018-08-31": {
            "cash": 2.7,
            "stock": 1.5
        },
        "2019-08-30": {
            "cash": 7,
            "stock": 1.5
        },
        "2020-09-18": {
            "cash": 8.88,
            "stock": 0
        },
        "2021-10-08": {
            "cash": 8.88,
            "stock": 0
        },
        "2022-08-18": {
            "cash": 8.88,
            "stock": 0
        },
        "2023-08-22": {
            "cash": 5,
            "stock": 0
        }
    },
    "prices": {
        "200101": "無",
        "200102": "無",
        "200103": "無",
        "200104": "無",
        "200105": "無",
        "200106": "無",
        "200107": "無",
        "200108": "無",
        "200109": "無",
        "200110": "無",
        "200111": "無",
        "200112": "無",
        "200201": "無",
        "200202": "無",
        "200203": "無",
        "200204": "無",
        "200205": "無",
        "200206": "無",
        "200207": "無",
        "200208": "無",
        "200209": "無",
        "200210": "無",
        "200211": "無",
        "200212": "無",
        "200301": "無",
        "200302": "無",
        "200303": "無",
        "200304": "無",
        "200305": "無",
        "200306": "無",
        "200307": "無",
        "200308": "無",
        "200309": "無",
        "200310": "無",
        "200311": "無",
        "200312": "無",
        "200401": "無",
        "200402": "無",
        "200403": "無",
        "200404": "無",
        "200405": "無",
        "200406": "無",
        "200407": "無",
        "200408": "無",
        "200409": "無",
        "200410": "無",
        "200411": "無",
        "200412": "無",
        "200501": "無",
        "200502": "無",
        "200503": "無",
        "200504": "無",
        "200505": "無",
        "200506": "無",
        "200507": "無",
        "200508": "無",
        "200509": "無",
        "200510": "無",
        "200511": "無",
        "200512": "無",
        "200601": "無",
        "200602": "無",
        "200603": "無",
        "200604": "無",
        "200605": "無",
        "200606": "無",
        "200607": "無",
        "200608": "無",
        "200609": "無",
        "200610": "無",
        "200611": "無",
        "200612": "無",
        "200701": "無",
        "200702": "無",
        "200703": "無",
        "200704": "無",
        "200705": "無",
        "200706": "無",
        "200707": "無",
        "200708": "無",
        "200709": "無",
        "200710": "無",
        "200711": "無",
        "200712": "無",
        "200801": "無",
        "200802": "無",
        "200803": "無",
        "200804": "無",
        "200805": "無",
        "200806": "無",
        "200807": "無",
        "200808": "無",
        "200809": "無",
        "200810": "無",
        "200811": "無",
        "200812": "無",
        "200901": "無",
        "200902": "無",
        "200903": "無",
        "200904": "無",
        "200905": "無",
        "200906": "無",
        "200907": "無",
        "200908": "無",
        "200909": "無",
        "200910": "無",
        "200911": "無",
        "200912": "無",
        "201001": "無",
        "201002": "無",
        "201003": "無",
        "201004": "無",
        "201005": "無",
        "201006": "無",
        "201007": "無",
        "201008": "無",
        "201009": "無",
        "201010": "無",
        "201011": "無",
        "201012": "無",
        "201101": "無",
        "201102": "無",
        "201103": "無",
        "201104": "無",
        "201105": "無",
        "201106": "無",
        "201107": "無",
        "201108": "無",
        "201109": "無",
        "201110": "無",
        "201111": "無",
        "201112": "無",
        "201201": "無",
        "201202": "67.03",
        "201203": "67.70",
        "201204": "67.04",
        "201205": "66.73",
        "201206": "67.32",
        "201207": "68.45",
        "201208": "59.10",
        "201209": "58.25",
        "201210": "60.08",
        "201211": "58.15",
        "201212": "60.38",
        "201301": "70.79",
        "201302": "76.73",
        "201303": "84.97",
        "201304": "99.77",
        "201305": "112.89",
        "201306": "119.76",
        "201307": "124.83",
        "201308": "132.66",
        "201309": "133.46",
        "201310": "124.93",
        "201311": "110.54",
        "201312": "101.40",
        "201401": "100.94",
        "201402": "94.21",
        "201403": "97.56",
        "201404": "98.18",
        "201405": "82.33",
        "201406": "78.78",
        "201407": "88.51",
        "201408": "72.38",
        "201409": "71.53",
        "201410": "74.63",
        "201411": "76.70",
        "201412": "85.45",
        "201501": "79.36",
        "201502": "74.62",
        "201503": "75.19",
        "201504": "82.38",
        "201505": "78.40",
        "201506": "83.12",
        "201507": "86.13",
        "201508": "74.62",
        "201509": "80.04",
        "201510": "96.00",
        "201511": "100.48",
        "201512": "116.54",
        "201601": "123.29",
        "201602": "125.77",
        "201603": "126.20",
        "201604": "134.95",
        "201605": "140.95",
        "201606": "149.76",
        "201607": "142.92",
        "201608": "141.98",
        "201609": "159.08",
        "201610": "173.28",
        "201611": "170.57",
        "201612": "167.27",
        "201701": "152.88",
        "201702": "165.69",
        "201703": "175.22",
        "201704": "171.81",
        "201705": "171.38",
        "201706": "181.57",
        "201707": "182.43",
        "201708": "180.52",
        "201709": "192.09",
        "201710": "193.89",
        "201711": "241.70",
        "201712": "278.33",
        "201801": "296.36",
        "201802": "312.23",
        "201803": "382.85",
        "201804": "436.14",
        "201805": "423.43",
        "201806": "438.90",
        "201807": "545.05",
        "201808": "537.26",
        "201809": "532.74",
        "201810": "409.75",
        "201811": "457.05",
        "201812": "512.17",
        "201901": "479.36",
        "201902": "474.00",
        "201903": "425.85",
        "201904": "441.52",
        "201905": "490.41",
        "201906": "464.34",
        "201907": "419.57",
        "201908": "328.07",
        "201909": "301.26",
        "201910": "322.98",
        "201911": "322.52",
        "201912": "301.18",
        "202001": "271.93",
        "202002": "230.05",
        "202003": "188.68",
        "202004": "215.15",
        "202005": "253.82",
        "202006": "272.18",
        "202007": "275.61",
        "202008": "310.40",
        "202009": "295.57",
        "202010": "236.21",
        "202011": "224.71",
        "202012": "210.59",
        "202101": "197.60",
        "202102": "203.46",
        "202103": "215.59",
        "202104": "239.18",
        "202105": "234.26",
        "202106": "245.21",
        "202107": "279.86",
        "202108": "284.57",
        "202109": "243.90",
        "202110": "222.00",
        "202111": "215.41",
        "202112": "205.70",
        "202201": "198.25",
        "202202": "200.53",
        "202203": "200.35",
        "202204": "175.55",
        "202205": "152.71",
        "202206": "158.69",
        "202207": "147.12",
        "202208": "135.30",
        "202209": "140.60",
        "202210": "116.62",
        "202211": "120.98",
        "202212": "166.09",
        "202301": "175.69",
        "202302": "207.89",
        "202303": "202.93",
        "202304": "209.00",
        "202305": "186.86",
        "202306": "176.92",
        "202307": "176.62",
        "202308": "163.89",
        "202309": "172.95",
        "202310": "175.90",
        "202311": "173.34",
        "202312": "174.00"
    },
    "quarters": {
        "20011": {
            "year_quarter": 20011,
            "year": 2001,
            "quarter": 1,
            "eps": null,
            "eps_growth_year": null,
            "eps_4q": null,
            "eps_4q_growth_year": null,
            "roe": null,
            "roe_4q": 0,
            "gross_profit": null,
            "gross_margin": null,
            "gross_margin_4q_avg": 0,
            "net_income": null,
            "net_income_4q": null,
            "revenue": null,
            "revenue_4q": null,
            "common_shares": null,
            "book_valuer_per_share": null,
            "book_valuer_per_share_4q_avg": 0,
            "equity": null,
            "current_ratio": null,
            "debt_ratio": null,
            "inventory_turnover_ratio": null,
            "account_receivable_turnover_ratio": null,
            "reinvestment_rate": null,
            "research_to_sale_ratio": null,
            "price_fair": 0,
            "eps_avg_yearly": 0,
            "eps_latest_yearly": 0,
            "eps_growth_yearly": 0
        },
        "20012": {
            "year_quarter": 20012,
            "year": 2001,
            "quarter": 2,
            "eps": null,
            "eps_growth_year": null,
            "eps_4q": null,
            "eps_4q_growth_year": null,
            "roe": null,
            "roe_4q": 0,
            "gross_profit": null,
            "gross_margin": null,
            "gross_margin_4q_avg": 0,
            "net_income": null,
            "net_income_4q": null,
            "revenue": null,
            "revenue_4q": null,
            "common_shares": null,
            "book_valuer_per_share": null,
            "book_valuer_per_share_4q_avg": 0,
            "equity": null,
            "current_ratio": null,
            "debt_ratio": null,
            "inventory_turnover_ratio": null,
            "account_receivable_turnover_ratio": null,
            "reinvestment_rate": null,
            "research_to_sale_ratio": null,
            "price_fair": 0,
            "eps_avg_yearly": 0,
            "eps_latest_yearly": 0,
            "eps_growth_yearly": 0
        },
        "20013": {
            "year_quarter": 20013,
            "year": 2001,
            "quarter": 3,
            "eps": null,
            "eps_growth_year": null,
            "eps_4q": null,
            "eps_4q_growth_year": null,
            "roe": null,
            "roe_4q": 0,
            "gross_profit": null,
            "gross_margin": null,
            "gross_margin_4q_avg": 0,
            "net_income": null,
            "net_income_4q": null,
            "revenue": null,
            "revenue_4q": null,
            "common_shares": null,
            "book_valuer_per_share": null,
            "book_valuer_per_share_4q_avg": 0,
            "equity": null,
            "current_ratio": null,
            "debt_ratio": null,
            "inventory_turnover_ratio": null,
            "account_receivable_turnover_ratio": null,
            "reinvestment_rate": null,
            "research_to_sale_ratio": null,
            "price_fair": 0,
            "eps_avg_yearly": 0,
            "eps_latest_yearly": 0,
            "eps_growth_yearly": 0
        },
        "20014": {
            "year_quarter": 20014,
            "year": 2001,
            "quarter": 4,
            "eps": null,
            "eps_growth_year": null,
            "eps_4q": null,
            "eps_4q_growth_year": null,
            "roe": null,
            "roe_4q": 0,
            "gross_profit": null,
            "gross_margin": null,
            "gross_margin_4q_avg": 0,
            "net_income": null,
            "net_income_4q": null,
            "revenue": null,
            "revenue_4q": null,
            "common_shares": null,
            "book_valuer_per_share": null,
            "book_valuer_per_share_4q_avg": 0,
            "equity": null,
            "current_ratio": null,
            "debt_ratio": null,
            "inventory_turnover_ratio": null,
            "account_receivable_turnover_ratio": null,
            "reinvestment_rate": null,
            "research_to_sale_ratio": null,
            "price_fair": 0,
            "eps_avg_yearly": 0,
            "eps_latest_yearly": 0,
            "eps_growth_yearly": 0
        },
        "20021": {
            "year_quarter": 20021,
            "year": 2002,
            "quarter": 1,
            "eps": null,
            "eps_growth_year": null,
            "eps_4q": null,
            "eps_4q_growth_year": null,
            "roe": null,
            "roe_4q": 0,
            "gross_profit": null,
            "gross_margin": null,
            "gross_margin_4q_avg": 0,
            "net_income": null,
            "net_income_4q": null,
            "revenue": null,
            "revenue_4q": null,
            "common_shares": null,
            "book_valuer_per_share": null,
            "book_valuer_per_share_4q_avg": 0,
            "equity": null,
            "current_ratio": null,
            "debt_ratio": null,
            "inventory_turnover_ratio": null,
            "account_receivable_turnover_ratio": null,
            "reinvestment_rate": null,
            "research_to_sale_ratio": null,
            "price_fair": 0,
            "eps_avg_yearly": 0,
            "eps_latest_yearly": 0,
            "eps_growth_yearly": 0
        },
        "20022": {
            "year_quarter": 20022,
            "year": 2002,
            "quarter": 2,
            "eps": null,
            "eps_growth_year": null,
            "eps_4q": null,
            "eps_4q_growth_year": null,
            "roe": null,
            "roe_4q": 0,
            "gross_profit": null,
            "gross_margin": null,
            "gross_margin_4q_avg": 0,
            "net_income": null,
            "net_income_4q": null,
            "revenue": null,
            "revenue_4q": null,
            "common_shares": null,
            "book_valuer_per_share": null,
            "book_valuer_per_share_4q_avg": 0,
            "equity": null,
            "current_ratio": null,
            "debt_ratio": null,
            "inventory_turnover_ratio": null,
            "account_receivable_turnover_ratio": null,
            "reinvestment_rate": null,
            "research_to_sale_ratio": null,
            "price_fair": 0,
            "eps_avg_yearly": 0,
            "eps_latest_yearly": 0,
            "eps_growth_yearly": 0
        },
        "20023": {
            "year_quarter": 20023,
            "year": 2002,
            "quarter": 3,
            "eps": null,
            "eps_growth_year": null,
            "eps_4q": null,
            "eps_4q_growth_year": null,
            "roe": null,
            "roe_4q": 0,
            "gross_profit": null,
            "gross_margin": null,
            "gross_margin_4q_avg": 0,
            "net_income": null,
            "net_income_4q": null,
            "revenue": null,
            "revenue_4q": null,
            "common_shares": null,
            "book_valuer_per_share": null,
            "book_valuer_per_share_4q_avg": 0,
            "equity": null,
            "current_ratio": null,
            "debt_ratio": null,
            "inventory_turnover_ratio": null,
            "account_receivable_turnover_ratio": null,
            "reinvestment_rate": null,
            "research_to_sale_ratio": null,
            "price_fair": 0,
            "eps_avg_yearly": 0,
            "eps_latest_yearly": 0,
            "eps_growth_yearly": 0
        },
        "20024": {
            "year_quarter": 20024,
            "year": 2002,
            "quarter": 4,
            "eps": null,
            "eps_growth_year": null,
            "eps_4q": null,
            "eps_4q_growth_year": null,
            "roe": null,
            "roe_4q": 0,
            "gross_profit": null,
            "gross_margin": null,
            "gross_margin_4q_avg": 0,
            "net_income": null,
            "net_income_4q": null,
            "revenue": null,
            "revenue_4q": null,
            "common_shares": null,
            "book_valuer_per_share": null,
            "book_valuer_per_share_4q_avg": 0,
            "equity": null,
            "current_ratio": null,
            "debt_ratio": null,
            "inventory_turnover_ratio": null,
            "account_receivable_turnover_ratio": null,
            "reinvestment_rate": null,
            "research_to_sale_ratio": null,
            "price_fair": 0,
            "eps_avg_yearly": 0,
            "eps_latest_yearly": 0,
            "eps_growth_yearly": 0
        },
        "20031": {
            "year_quarter": 20031,
            "year": 2003,
            "quarter": 1,
            "eps": null,
            "eps_growth_year": null,
            "eps_4q": null,
            "eps_4q_growth_year": null,
            "roe": null,
            "roe_4q": 0,
            "gross_profit": null,
            "gross_margin": null,
            "gross_margin_4q_avg": 0,
            "net_income": null,
            "net_income_4q": null,
            "revenue": null,
            "revenue_4q": null,
            "common_shares": null,
            "book_valuer_per_share": null,
            "book_valuer_per_share_4q_avg": 0,
            "equity": null,
            "current_ratio": null,
            "debt_ratio": null,
            "inventory_turnover_ratio": null,
            "account_receivable_turnover_ratio": null,
            "reinvestment_rate": null,
            "research_to_sale_ratio": null,
            "price_fair": 0,
            "eps_avg_yearly": 0,
            "eps_latest_yearly": 0,
            "eps_growth_yearly": 0
        },
        "20032": {
            "year_quarter": 20032,
            "year": 2003,
            "quarter": 2,
            "eps": null,
            "eps_growth_year": null,
            "eps_4q": null,
            "eps_4q_growth_year": null,
            "roe": null,
            "roe_4q": 0,
            "gross_profit": null,
            "gross_margin": null,
            "gross_margin_4q_avg": 0,
            "net_income": null,
            "net_income_4q": null,
            "revenue": null,
            "revenue_4q": null,
            "common_shares": null,
            "book_valuer_per_share": null,
            "book_valuer_per_share_4q_avg": 0,
            "equity": null,
            "current_ratio": null,
            "debt_ratio": null,
            "inventory_turnover_ratio": null,
            "account_receivable_turnover_ratio": null,
            "reinvestment_rate": null,
            "research_to_sale_ratio": null,
            "price_fair": 0,
            "eps_avg_yearly": 0,
            "eps_latest_yearly": 0,
            "eps_growth_yearly": 0
        },
        "20033": {
            "year_quarter": 20033,
            "year": 2003,
            "quarter": 3,
            "eps": null,
            "eps_growth_year": null,
            "eps_4q": null,
            "eps_4q_growth_year": null,
            "roe": null,
            "roe_4q": 0,
            "gross_profit": null,
            "gross_margin": null,
            "gross_margin_4q_avg": 0,
            "net_income": null,
            "net_income_4q": null,
            "revenue": null,
            "revenue_4q": null,
            "common_shares": null,
            "book_valuer_per_share": null,
            "book_valuer_per_share_4q_avg": 0,
            "equity": null,
            "current_ratio": null,
            "debt_ratio": null,
            "inventory_turnover_ratio": null,
            "account_receivable_turnover_ratio": null,
            "reinvestment_rate": null,
            "research_to_sale_ratio": null,
            "price_fair": 0,
            "eps_avg_yearly": 0,
            "eps_latest_yearly": 0,
            "eps_growth_yearly": 0
        },
        "20034": {
            "year_quarter": 20034,
            "year": 2003,
            "quarter": 4,
            "eps": null,
            "eps_growth_year": null,
            "eps_4q": null,
            "eps_4q_growth_year": null,
            "roe": null,
            "roe_4q": 0,
            "gross_profit": null,
            "gross_margin": null,
            "gross_margin_4q_avg": 0,
            "net_income": null,
            "net_income_4q": null,
            "revenue": null,
            "revenue_4q": null,
            "common_shares": null,
            "book_valuer_per_share": null,
            "book_valuer_per_share_4q_avg": 0,
            "equity": null,
            "current_ratio": null,
            "debt_ratio": null,
            "inventory_turnover_ratio": null,
            "account_receivable_turnover_ratio": null,
            "reinvestment_rate": null,
            "research_to_sale_ratio": null,
            "price_fair": 0,
            "eps_avg_yearly": 0,
            "eps_latest_yearly": 0,
            "eps_growth_yearly": 0
        },
        "20041": {
            "year_quarter": 20041,
            "year": 2004,
            "quarter": 1,
            "eps": null,
            "eps_growth_year": null,
            "eps_4q": null,
            "eps_4q_growth_year": null,
            "roe": null,
            "roe_4q": 0,
            "gross_profit": null,
            "gross_margin": null,
            "gross_margin_4q_avg": 0,
            "net_income": null,
            "net_income_4q": null,
            "revenue": null,
            "revenue_4q": null,
            "common_shares": null,
            "book_valuer_per_share": null,
            "book_valuer_per_share_4q_avg": 0,
            "equity": null,
            "current_ratio": null,
            "debt_ratio": null,
            "inventory_turnover_ratio": null,
            "account_receivable_turnover_ratio": null,
            "reinvestment_rate": null,
            "research_to_sale_ratio": null,
            "price_fair": 0,
            "eps_avg_yearly": 0,
            "eps_latest_yearly": 0,
            "eps_growth_yearly": 0
        },
        "20042": {
            "year_quarter": 20042,
            "year": 2004,
            "quarter": 2,
            "eps": null,
            "eps_growth_year": null,
            "eps_4q": null,
            "eps_4q_growth_year": null,
            "roe": null,
            "roe_4q": 0,
            "gross_profit": null,
            "gross_margin": null,
            "gross_margin_4q_avg": 0,
            "net_income": null,
            "net_income_4q": null,
            "revenue": null,
            "revenue_4q": null,
            "common_shares": null,
            "book_valuer_per_share": null,
            "book_valuer_per_share_4q_avg": 0,
            "equity": null,
            "current_ratio": null,
            "debt_ratio": null,
            "inventory_turnover_ratio": null,
            "account_receivable_turnover_ratio": null,
            "reinvestment_rate": null,
            "research_to_sale_ratio": null,
            "price_fair": 0,
            "eps_avg_yearly": 0,
            "eps_latest_yearly": 0,
            "eps_growth_yearly": 0
        },
        "20043": {
            "year_quarter": 20043,
            "year": 2004,
            "quarter": 3,
            "eps": null,
            "eps_growth_year": null,
            "eps_4q": null,
            "eps_4q_growth_year": null,
            "roe": null,
            "roe_4q": 0,
            "gross_profit": null,
            "gross_margin": null,
            "gross_margin_4q_avg": 0,
            "net_income": null,
            "net_income_4q": null,
            "revenue": null,
            "revenue_4q": null,
            "common_shares": null,
            "book_valuer_per_share": null,
            "book_valuer_per_share_4q_avg": 0,
            "equity": null,
            "current_ratio": null,
            "debt_ratio": null,
            "inventory_turnover_ratio": null,
            "account_receivable_turnover_ratio": null,
            "reinvestment_rate": null,
            "research_to_sale_ratio": null,
            "price_fair": 0,
            "eps_avg_yearly": 0,
            "eps_latest_yearly": 0,
            "eps_growth_yearly": 0
        },
        "20044": {
            "year_quarter": 20044,
            "year": 2004,
            "quarter": 4,
            "eps": null,
            "eps_growth_year": null,
            "eps_4q": null,
            "eps_4q_growth_year": null,
            "roe": null,
            "roe_4q": 0,
            "gross_profit": null,
            "gross_margin": null,
            "gross_margin_4q_avg": 0,
            "net_income": null,
            "net_income_4q": null,
            "revenue": null,
            "revenue_4q": null,
            "common_shares": null,
            "book_valuer_per_share": null,
            "book_valuer_per_share_4q_avg": 0,
            "equity": null,
            "current_ratio": null,
            "debt_ratio": null,
            "inventory_turnover_ratio": null,
            "account_receivable_turnover_ratio": null,
            "reinvestment_rate": null,
            "research_to_sale_ratio": null,
            "price_fair": 0,
            "eps_avg_yearly": 0,
            "eps_latest_yearly": 0,
            "eps_growth_yearly": 0
        },
        "20051": {
            "year_quarter": 20051,
            "year": 2005,
            "quarter": 1,
            "eps": null,
            "eps_growth_year": null,
            "eps_4q": null,
            "eps_4q_growth_year": null,
            "roe": null,
            "roe_4q": 0,
            "gross_profit": null,
            "gross_margin": null,
            "gross_margin_4q_avg": 0,
            "net_income": null,
            "net_income_4q": null,
            "revenue": null,
            "revenue_4q": null,
            "common_shares": null,
            "book_valuer_per_share": null,
            "book_valuer_per_share_4q_avg": 0,
            "equity": null,
            "current_ratio": null,
            "debt_ratio": null,
            "inventory_turnover_ratio": null,
            "account_receivable_turnover_ratio": null,
            "reinvestment_rate": null,
            "research_to_sale_ratio": null,
            "price_fair": 0,
            "eps_avg_yearly": 0,
            "eps_latest_yearly": 0,
            "eps_growth_yearly": 0
        },
        "20052": {
            "year_quarter": 20052,
            "year": 2005,
            "quarter": 2,
            "eps": null,
            "eps_growth_year": null,
            "eps_4q": null,
            "eps_4q_growth_year": null,
            "roe": null,
            "roe_4q": 0,
            "gross_profit": null,
            "gross_margin": null,
            "gross_margin_4q_avg": 0,
            "net_income": null,
            "net_income_4q": null,
            "revenue": null,
            "revenue_4q": null,
            "common_shares": null,
            "book_valuer_per_share": null,
            "book_valuer_per_share_4q_avg": 0,
            "equity": null,
            "current_ratio": null,
            "debt_ratio": null,
            "inventory_turnover_ratio": null,
            "account_receivable_turnover_ratio": null,
            "reinvestment_rate": null,
            "research_to_sale_ratio": null,
            "price_fair": 0,
            "eps_avg_yearly": 0,
            "eps_latest_yearly": 0,
            "eps_growth_yearly": 0
        },
        "20053": {
            "year_quarter": 20053,
            "year": 2005,
            "quarter": 3,
            "eps": null,
            "eps_growth_year": null,
            "eps_4q": null,
            "eps_4q_growth_year": null,
            "roe": null,
            "roe_4q": 0,
            "gross_profit": null,
            "gross_margin": null,
            "gross_margin_4q_avg": 0,
            "net_income": null,
            "net_income_4q": null,
            "revenue": null,
            "revenue_4q": null,
            "common_shares": null,
            "book_valuer_per_share": null,
            "book_valuer_per_share_4q_avg": 0,
            "equity": null,
            "current_ratio": null,
            "debt_ratio": null,
            "inventory_turnover_ratio": null,
            "account_receivable_turnover_ratio": null,
            "reinvestment_rate": null,
            "research_to_sale_ratio": null,
            "price_fair": 0,
            "eps_avg_yearly": 0,
            "eps_latest_yearly": 0,
            "eps_growth_yearly": 0
        },
        "20054": {
            "year_quarter": 20054,
            "year": 2005,
            "quarter": 4,
            "eps": null,
            "eps_growth_year": null,
            "eps_4q": null,
            "eps_4q_growth_year": null,
            "roe": null,
            "roe_4q": 0,
            "gross_profit": null,
            "gross_margin": null,
            "gross_margin_4q_avg": 0,
            "net_income": null,
            "net_income_4q": null,
            "revenue": null,
            "revenue_4q": null,
            "common_shares": null,
            "book_valuer_per_share": null,
            "book_valuer_per_share_4q_avg": 0,
            "equity": null,
            "current_ratio": null,
            "debt_ratio": null,
            "inventory_turnover_ratio": null,
            "account_receivable_turnover_ratio": null,
            "reinvestment_rate": null,
            "research_to_sale_ratio": null,
            "price_fair": 0,
            "eps_avg_yearly": 0,
            "eps_latest_yearly": 0,
            "eps_growth_yearly": 0
        },
        "20061": {
            "year_quarter": 20061,
            "year": 2006,
            "quarter": 1,
            "eps": null,
            "eps_growth_year": null,
            "eps_4q": null,
            "eps_4q_growth_year": null,
            "roe": null,
            "roe_4q": 0,
            "gross_profit": null,
            "gross_margin": null,
            "gross_margin_4q_avg": 0,
            "net_income": null,
            "net_income_4q": null,
            "revenue": null,
            "revenue_4q": null,
            "common_shares": null,
            "book_valuer_per_share": null,
            "book_valuer_per_share_4q_avg": 0,
            "equity": null,
            "current_ratio": null,
            "debt_ratio": null,
            "inventory_turnover_ratio": null,
            "account_receivable_turnover_ratio": null,
            "reinvestment_rate": null,
            "research_to_sale_ratio": null,
            "price_fair": 0,
            "eps_avg_yearly": 0,
            "eps_latest_yearly": 0,
            "eps_growth_yearly": 0
        },
        "20062": {
            "year_quarter": 20062,
            "year": 2006,
            "quarter": 2,
            "eps": null,
            "eps_growth_year": null,
            "eps_4q": null,
            "eps_4q_growth_year": null,
            "roe": null,
            "roe_4q": 0,
            "gross_profit": null,
            "gross_margin": null,
            "gross_margin_4q_avg": 0,
            "net_income": null,
            "net_income_4q": null,
            "revenue": null,
            "revenue_4q": null,
            "common_shares": null,
            "book_valuer_per_share": null,
            "book_valuer_per_share_4q_avg": 0,
            "equity": null,
            "current_ratio": null,
            "debt_ratio": null,
            "inventory_turnover_ratio": null,
            "account_receivable_turnover_ratio": null,
            "reinvestment_rate": null,
            "research_to_sale_ratio": null,
            "price_fair": 0,
            "eps_avg_yearly": 0,
            "eps_latest_yearly": 0,
            "eps_growth_yearly": 0
        },
        "20063": {
            "year_quarter": 20063,
            "year": 2006,
            "quarter": 3,
            "eps": null,
            "eps_growth_year": null,
            "eps_4q": null,
            "eps_4q_growth_year": null,
            "roe": null,
            "roe_4q": 0,
            "gross_profit": null,
            "gross_margin": null,
            "gross_margin_4q_avg": 0,
            "net_income": null,
            "net_income_4q": null,
            "revenue": null,
            "revenue_4q": null,
            "common_shares": null,
            "book_valuer_per_share": null,
            "book_valuer_per_share_4q_avg": 0,
            "equity": null,
            "current_ratio": null,
            "debt_ratio": null,
            "inventory_turnover_ratio": null,
            "account_receivable_turnover_ratio": null,
            "reinvestment_rate": null,
            "research_to_sale_ratio": null,
            "price_fair": 0,
            "eps_avg_yearly": 0,
            "eps_latest_yearly": 0,
            "eps_growth_yearly": 0
        },
        "20064": {
            "year_quarter": 20064,
            "year": 2006,
            "quarter": 4,
            "eps": null,
            "eps_growth_year": null,
            "eps_4q": null,
            "eps_4q_growth_year": null,
            "roe": null,
            "roe_4q": 0,
            "gross_profit": null,
            "gross_margin": null,
            "gross_margin_4q_avg": 0,
            "net_income": null,
            "net_income_4q": null,
            "revenue": null,
            "revenue_4q": null,
            "common_shares": 53800,
            "book_valuer_per_share": 5.91,
            "book_valuer_per_share_4q_avg": 1.48,
            "equity": 31811,
            "current_ratio": 89.72,
            "debt_ratio": 81.13,
            "inventory_turnover_ratio": null,
            "account_receivable_turnover_ratio": null,
            "reinvestment_rate": null,
            "research_to_sale_ratio": null,
            "price_fair": 0,
            "eps_avg_yearly": 0,
            "eps_latest_yearly": 0,
            "eps_growth_yearly": 0
        },
        "20071": {
            "year_quarter": 20071,
            "year": 2007,
            "quarter": 1,
            "eps": null,
            "eps_growth_year": null,
            "eps_4q": null,
            "eps_4q_growth_year": null,
            "roe": null,
            "roe_4q": 0,
            "gross_profit": null,
            "gross_margin": null,
            "gross_margin_4q_avg": 0,
            "net_income": null,
            "net_income_4q": null,
            "revenue": null,
            "revenue_4q": null,
            "common_shares": null,
            "book_valuer_per_share": null,
            "book_valuer_per_share_4q_avg": 1.48,
            "equity": null,
            "current_ratio": null,
            "debt_ratio": null,
            "inventory_turnover_ratio": null,
            "account_receivable_turnover_ratio": null,
            "reinvestment_rate": null,
            "research_to_sale_ratio": null,
            "price_fair": 0,
            "eps_avg_yearly": 0,
            "eps_latest_yearly": 0,
            "eps_growth_yearly": 0
        },
        "20072": {
            "year_quarter": 20072,
            "year": 2007,
            "quarter": 2,
            "eps": null,
            "eps_growth_year": null,
            "eps_4q": null,
            "eps_4q_growth_year": null,
            "roe": null,
            "roe_4q": 0,
            "gross_profit": null,
            "gross_margin": null,
            "gross_margin_4q_avg": 0,
            "net_income": null,
            "net_income_4q": null,
            "revenue": null,
            "revenue_4q": null,
            "common_shares": null,
            "book_valuer_per_share": null,
            "book_valuer_per_share_4q_avg": 1.48,
            "equity": null,
            "current_ratio": null,
            "debt_ratio": null,
            "inventory_turnover_ratio": null,
            "account_receivable_turnover_ratio": null,
            "reinvestment_rate": null,
            "research_to_sale_ratio": null,
            "price_fair": 0,
            "eps_avg_yearly": 0,
            "eps_latest_yearly": 0,
            "eps_growth_yearly": 0
        },
        "20073": {
            "year_quarter": 20073,
            "year": 2007,
            "quarter": 3,
            "eps": null,
            "eps_growth_year": null,
            "eps_4q": null,
            "eps_4q_growth_year": null,
            "roe": null,
            "roe_4q": 0,
            "gross_profit": null,
            "gross_margin": null,
            "gross_margin_4q_avg": 0,
            "net_income": null,
            "net_income_4q": null,
            "revenue": null,
            "revenue_4q": null,
            "common_shares": null,
            "book_valuer_per_share": null,
            "book_valuer_per_share_4q_avg": 1.48,
            "equity": null,
            "current_ratio": null,
            "debt_ratio": null,
            "inventory_turnover_ratio": null,
            "account_receivable_turnover_ratio": null,
            "reinvestment_rate": null,
            "research_to_sale_ratio": null,
            "price_fair": 0,
            "eps_avg_yearly": 0,
            "eps_latest_yearly": 0,
            "eps_growth_yearly": 0
        },
        "20074": {
            "year_quarter": 20074,
            "year": 2007,
            "quarter": 4,
            "eps": null,
            "eps_growth_year": null,
            "eps_4q": null,
            "eps_4q_growth_year": null,
            "roe": null,
            "roe_4q": 0,
            "gross_profit": null,
            "gross_margin": null,
            "gross_margin_4q_avg": 0,
            "net_income": null,
            "net_income_4q": null,
            "revenue": null,
            "revenue_4q": null,
            "common_shares": 63800,
            "book_valuer_per_share": 10.11,
            "book_valuer_per_share_4q_avg": 2.53,
            "equity": 64509,
            "current_ratio": 119.57,
            "debt_ratio": 71.32,
            "inventory_turnover_ratio": null,
            "account_receivable_turnover_ratio": null,
            "reinvestment_rate": null,
            "research_to_sale_ratio": null,
            "price_fair": 0,
            "eps_avg_yearly": 0,
            "eps_latest_yearly": 0,
            "eps_growth_yearly": 0
        },
        "20081": {
            "year_quarter": 20081,
            "year": 2008,
            "quarter": 1,
            "eps": null,
            "eps_growth_year": null,
            "eps_4q": null,
            "eps_4q_growth_year": null,
            "roe": null,
            "roe_4q": 0,
            "gross_profit": null,
            "gross_margin": null,
            "gross_margin_4q_avg": 0,
            "net_income": null,
            "net_income_4q": null,
            "revenue": null,
            "revenue_4q": null,
            "common_shares": null,
            "book_valuer_per_share": null,
            "book_valuer_per_share_4q_avg": 2.53,
            "equity": null,
            "current_ratio": null,
            "debt_ratio": null,
            "inventory_turnover_ratio": null,
            "account_receivable_turnover_ratio": null,
            "reinvestment_rate": null,
            "research_to_sale_ratio": null,
            "price_fair": 0,
            "eps_avg_yearly": 0,
            "eps_latest_yearly": 0,
            "eps_growth_yearly": 0
        },
        "20082": {
            "year_quarter": 20082,
            "year": 2008,
            "quarter": 2,
            "eps": null,
            "eps_growth_year": null,
            "eps_4q": null,
            "eps_4q_growth_year": null,
            "roe": null,
            "roe_4q": 0,
            "gross_profit": null,
            "gross_margin": null,
            "gross_margin_4q_avg": 0,
            "net_income": null,
            "net_income_4q": null,
            "revenue": null,
            "revenue_4q": null,
            "common_shares": null,
            "book_valuer_per_share": null,
            "book_valuer_per_share_4q_avg": 2.53,
            "equity": null,
            "current_ratio": null,
            "debt_ratio": null,
            "inventory_turnover_ratio": null,
            "account_receivable_turnover_ratio": null,
            "reinvestment_rate": null,
            "research_to_sale_ratio": null,
            "price_fair": 0,
            "eps_avg_yearly": 0,
            "eps_latest_yearly": 0,
            "eps_growth_yearly": 0
        },
        "20083": {
            "year_quarter": 20083,
            "year": 2008,
            "quarter": 3,
            "eps": null,
            "eps_growth_year": null,
            "eps_4q": null,
            "eps_4q_growth_year": null,
            "roe": null,
            "roe_4q": 0,
            "gross_profit": null,
            "gross_margin": null,
            "gross_margin_4q_avg": 0,
            "net_income": null,
            "net_income_4q": null,
            "revenue": null,
            "revenue_4q": null,
            "common_shares": null,
            "book_valuer_per_share": null,
            "book_valuer_per_share_4q_avg": 2.53,
            "equity": null,
            "current_ratio": null,
            "debt_ratio": null,
            "inventory_turnover_ratio": null,
            "account_receivable_turnover_ratio": null,
            "reinvestment_rate": null,
            "research_to_sale_ratio": null,
            "price_fair": 0,
            "eps_avg_yearly": 0,
            "eps_latest_yearly": 0,
            "eps_growth_yearly": 0
        },
        "20084": {
            "year_quarter": 20084,
            "year": 2008,
            "quarter": 4,
            "eps": null,
            "eps_growth_year": null,
            "eps_4q": null,
            "eps_4q_growth_year": null,
            "roe": null,
            "roe_4q": 0,
            "gross_profit": null,
            "gross_margin": null,
            "gross_margin_4q_avg": 0,
            "net_income": null,
            "net_income_4q": null,
            "revenue": null,
            "revenue_4q": null,
            "common_shares": 73800,
            "book_valuer_per_share": 11.25,
            "book_valuer_per_share_4q_avg": 2.81,
            "equity": 83037,
            "current_ratio": 110.43,
            "debt_ratio": 69.49,
            "inventory_turnover_ratio": null,
            "account_receivable_turnover_ratio": null,
            "reinvestment_rate": null,
            "research_to_sale_ratio": null,
            "price_fair": 0,
            "eps_avg_yearly": 0,
            "eps_latest_yearly": 0,
            "eps_growth_yearly": 0
        },
        "20091": {
            "year_quarter": 20091,
            "year": 2009,
            "quarter": 1,
            "eps": null,
            "eps_growth_year": null,
            "eps_4q": null,
            "eps_4q_growth_year": null,
            "roe": null,
            "roe_4q": 0,
            "gross_profit": null,
            "gross_margin": null,
            "gross_margin_4q_avg": 0,
            "net_income": null,
            "net_income_4q": null,
            "revenue": null,
            "revenue_4q": null,
            "common_shares": null,
            "book_valuer_per_share": null,
            "book_valuer_per_share_4q_avg": 2.81,
            "equity": null,
            "current_ratio": null,
            "debt_ratio": null,
            "inventory_turnover_ratio": null,
            "account_receivable_turnover_ratio": null,
            "reinvestment_rate": null,
            "research_to_sale_ratio": null,
            "price_fair": 0,
            "eps_avg_yearly": 0,
            "eps_latest_yearly": 0,
            "eps_growth_yearly": 0
        },
        "20092": {
            "year_quarter": 20092,
            "year": 2009,
            "quarter": 2,
            "eps": null,
            "eps_growth_year": null,
            "eps_4q": null,
            "eps_4q_growth_year": null,
            "roe": null,
            "roe_4q": 0,
            "gross_profit": null,
            "gross_margin": null,
            "gross_margin_4q_avg": 0,
            "net_income": null,
            "net_income_4q": null,
            "revenue": null,
            "revenue_4q": null,
            "common_shares": null,
            "book_valuer_per_share": null,
            "book_valuer_per_share_4q_avg": 2.81,
            "equity": null,
            "current_ratio": null,
            "debt_ratio": null,
            "inventory_turnover_ratio": null,
            "account_receivable_turnover_ratio": null,
            "reinvestment_rate": null,
            "research_to_sale_ratio": null,
            "price_fair": 0,
            "eps_avg_yearly": 0,
            "eps_latest_yearly": 0,
            "eps_growth_yearly": 0
        },
        "20093": {
            "year_quarter": 20093,
            "year": 2009,
            "quarter": 3,
            "eps": null,
            "eps_growth_year": null,
            "eps_4q": null,
            "eps_4q_growth_year": null,
            "roe": null,
            "roe_4q": 0,
            "gross_profit": null,
            "gross_margin": null,
            "gross_margin_4q_avg": 0,
            "net_income": null,
            "net_income_4q": null,
            "revenue": null,
            "revenue_4q": null,
            "common_shares": null,
            "book_valuer_per_share": null,
            "book_valuer_per_share_4q_avg": 2.81,
            "equity": null,
            "current_ratio": null,
            "debt_ratio": null,
            "inventory_turnover_ratio": null,
            "account_receivable_turnover_ratio": null,
            "reinvestment_rate": null,
            "research_to_sale_ratio": null,
            "price_fair": 0,
            "eps_avg_yearly": 0,
            "eps_latest_yearly": 0,
            "eps_growth_yearly": 0
        },
        "20094": {
            "year_quarter": 20094,
            "year": 2009,
            "quarter": 4,
            "eps": null,
            "eps_growth_year": null,
            "eps_4q": null,
            "eps_4q_growth_year": null,
            "roe": null,
            "roe_4q": 0,
            "gross_profit": null,
            "gross_margin": null,
            "gross_margin_4q_avg": 0,
            "net_income": null,
            "net_income_4q": null,
            "revenue": null,
            "revenue_4q": null,
            "common_shares": 86180,
            "book_valuer_per_share": 18.67,
            "book_valuer_per_share_4q_avg": 4.67,
            "equity": 153546,
            "current_ratio": 132.14,
            "debt_ratio": 61.25,
            "inventory_turnover_ratio": null,
            "account_receivable_turnover_ratio": null,
            "reinvestment_rate": null,
            "research_to_sale_ratio": null,
            "price_fair": 0,
            "eps_avg_yearly": 0,
            "eps_latest_yearly": 0,
            "eps_growth_yearly": 0
        },
        "20101": {
            "year_quarter": 20101,
            "year": 2010,
            "quarter": 1,
            "eps": null,
            "eps_growth_year": null,
            "eps_4q": null,
            "eps_4q_growth_year": null,
            "roe": null,
            "roe_4q": 0,
            "gross_profit": null,
            "gross_margin": null,
            "gross_margin_4q_avg": 0,
            "net_income": null,
            "net_income_4q": null,
            "revenue": null,
            "revenue_4q": null,
            "common_shares": null,
            "book_valuer_per_share": null,
            "book_valuer_per_share_4q_avg": 4.67,
            "equity": null,
            "current_ratio": null,
            "debt_ratio": null,
            "inventory_turnover_ratio": null,
            "account_receivable_turnover_ratio": null,
            "reinvestment_rate": null,
            "research_to_sale_ratio": null,
            "price_fair": 0,
            "eps_avg_yearly": 0,
            "eps_latest_yearly": 0,
            "eps_growth_yearly": 0
        },
        "20102": {
            "year_quarter": 20102,
            "year": 2010,
            "quarter": 2,
            "eps": null,
            "eps_growth_year": null,
            "eps_4q": null,
            "eps_4q_growth_year": null,
            "roe": null,
            "roe_4q": 0,
            "gross_profit": null,
            "gross_margin": null,
            "gross_margin_4q_avg": 0,
            "net_income": null,
            "net_income_4q": null,
            "revenue": null,
            "revenue_4q": null,
            "common_shares": null,
            "book_valuer_per_share": null,
            "book_valuer_per_share_4q_avg": 4.67,
            "equity": null,
            "current_ratio": null,
            "debt_ratio": null,
            "inventory_turnover_ratio": null,
            "account_receivable_turnover_ratio": null,
            "reinvestment_rate": null,
            "research_to_sale_ratio": null,
            "price_fair": 0,
            "eps_avg_yearly": 0,
            "eps_latest_yearly": 0,
            "eps_growth_yearly": 0
        },
        "20103": {
            "year_quarter": 20103,
            "year": 2010,
            "quarter": 3,
            "eps": null,
            "eps_growth_year": null,
            "eps_4q": null,
            "eps_4q_growth_year": null,
            "roe": null,
            "roe_4q": 0,
            "gross_profit": null,
            "gross_margin": null,
            "gross_margin_4q_avg": 0,
            "net_income": null,
            "net_income_4q": null,
            "revenue": null,
            "revenue_4q": null,
            "common_shares": null,
            "book_valuer_per_share": null,
            "book_valuer_per_share_4q_avg": 4.67,
            "equity": null,
            "current_ratio": null,
            "debt_ratio": null,
            "inventory_turnover_ratio": null,
            "account_receivable_turnover_ratio": null,
            "reinvestment_rate": null,
            "research_to_sale_ratio": null,
            "price_fair": 0,
            "eps_avg_yearly": 0,
            "eps_latest_yearly": 0,
            "eps_growth_yearly": 0
        },
        "20104": {
            "year_quarter": 20104,
            "year": 2010,
            "quarter": 4,
            "eps": null,
            "eps_growth_year": null,
            "eps_4q": null,
            "eps_4q_growth_year": null,
            "roe": null,
            "roe_4q": 0,
            "gross_profit": null,
            "gross_margin": null,
            "gross_margin_4q_avg": 0,
            "net_income": null,
            "net_income_4q": null,
            "revenue": null,
            "revenue_4q": null,
            "common_shares": 150000,
            "book_valuer_per_share": 14.86,
            "book_valuer_per_share_4q_avg": 3.72,
            "equity": 216981,
            "current_ratio": 140.84,
            "debt_ratio": 58.05,
            "inventory_turnover_ratio": null,
            "account_receivable_turnover_ratio": null,
            "reinvestment_rate": null,
            "research_to_sale_ratio": null,
            "price_fair": 0,
            "eps_avg_yearly": 0,
            "eps_latest_yearly": 0,
            "eps_growth_yearly": 0
        },
        "20111": {
            "year_quarter": 20111,
            "year": 2011,
            "quarter": 1,
            "eps": null,
            "eps_growth_year": null,
            "eps_4q": null,
            "eps_4q_growth_year": null,
            "roe": null,
            "roe_4q": 0,
            "gross_profit": null,
            "gross_margin": null,
            "gross_margin_4q_avg": 0,
            "net_income": null,
            "net_income_4q": null,
            "revenue": null,
            "revenue_4q": null,
            "common_shares": null,
            "book_valuer_per_share": null,
            "book_valuer_per_share_4q_avg": 3.72,
            "equity": null,
            "current_ratio": null,
            "debt_ratio": null,
            "inventory_turnover_ratio": null,
            "account_receivable_turnover_ratio": null,
            "reinvestment_rate": null,
            "research_to_sale_ratio": null,
            "price_fair": 0,
            "eps_avg_yearly": 0,
            "eps_latest_yearly": 0,
            "eps_growth_yearly": 0
        },
        "20112": {
            "year_quarter": 20112,
            "year": 2011,
            "quarter": 2,
            "eps": null,
            "eps_growth_year": null,
            "eps_4q": null,
            "eps_4q_growth_year": null,
            "roe": null,
            "roe_4q": 0,
            "gross_profit": null,
            "gross_margin": null,
            "gross_margin_4q_avg": 0,
            "net_income": null,
            "net_income_4q": null,
            "revenue": null,
            "revenue_4q": null,
            "common_shares": 150000,
            "book_valuer_per_share": null,
            "book_valuer_per_share_4q_avg": 3.72,
            "equity": 257287,
            "current_ratio": null,
            "debt_ratio": null,
            "inventory_turnover_ratio": null,
            "account_receivable_turnover_ratio": null,
            "reinvestment_rate": null,
            "research_to_sale_ratio": null,
            "price_fair": 0,
            "eps_avg_yearly": 0,
            "eps_latest_yearly": 0,
            "eps_growth_yearly": 0
        },
        "20113": {
            "year_quarter": 20113,
            "year": 2011,
            "quarter": 3,
            "eps": null,
            "eps_growth_year": null,
            "eps_4q": null,
            "eps_4q_growth_year": null,
            "roe": null,
            "roe_4q": 0,
            "gross_profit": null,
            "gross_margin": null,
            "gross_margin_4q_avg": 0,
            "net_income": null,
            "net_income_4q": null,
            "revenue": null,
            "revenue_4q": null,
            "common_shares": null,
            "book_valuer_per_share": null,
            "book_valuer_per_share_4q_avg": 3.72,
            "equity": null,
            "current_ratio": null,
            "debt_ratio": null,
            "inventory_turnover_ratio": null,
            "account_receivable_turnover_ratio": null,
            "reinvestment_rate": null,
            "research_to_sale_ratio": null,
            "price_fair": 0,
            "eps_avg_yearly": 0,
            "eps_latest_yearly": 0,
            "eps_growth_yearly": 0
        },
        "20114": {
            "year_quarter": 20114,
            "year": 2011,
            "quarter": 4,
            "eps": null,
            "eps_growth_year": null,
            "eps_4q": null,
            "eps_4q_growth_year": null,
            "roe": null,
            "roe_4q": 0,
            "gross_profit": null,
            "gross_margin": null,
            "gross_margin_4q_avg": 0,
            "net_income": null,
            "net_income_4q": null,
            "revenue": null,
            "revenue_4q": null,
            "common_shares": 226420,
            "book_valuer_per_share": 22.08,
            "book_valuer_per_share_4q_avg": 5.52,
            "equity": 500048,
            "current_ratio": 182.16,
            "debt_ratio": 54.67,
            "inventory_turnover_ratio": null,
            "account_receivable_turnover_ratio": null,
            "reinvestment_rate": null,
            "research_to_sale_ratio": null,
            "price_fair": 0,
            "eps_avg_yearly": 0,
            "eps_latest_yearly": 0,
            "eps_growth_yearly": 0
        },
        "20121": {
            "year_quarter": 20121,
            "year": 2012,
            "quarter": 1,
            "eps": null,
            "eps_growth_year": null,
            "eps_4q": null,
            "eps_4q_growth_year": null,
            "roe": null,
            "roe_4q": 0,
            "gross_profit": 95257,
            "gross_margin": null,
            "gross_margin_4q_avg": 0,
            "net_income": 24872,
            "net_income_4q": null,
            "revenue": 243089,
            "revenue_4q": null,
            "common_shares": 226420,
            "book_valuer_per_share": null,
            "book_valuer_per_share_4q_avg": 5.52,
            "equity": 527399,
            "current_ratio": null,
            "debt_ratio": null,
            "inventory_turnover_ratio": null,
            "account_receivable_turnover_ratio": null,
            "reinvestment_rate": null,
            "research_to_sale_ratio": null,
            "price_fair": 0,
            "eps_avg_yearly": 0,
            "eps_latest_yearly": 0,
            "eps_growth_yearly": 0
        },
        "20122": {
            "year_quarter": 20122,
            "year": 2012,
            "quarter": 2,
            "eps": null,
            "eps_growth_year": null,
            "eps_4q": null,
            "eps_4q_growth_year": null,
            "roe": null,
            "roe_4q": 0,
            "gross_profit": 108269,
            "gross_margin": null,
            "gross_margin_4q_avg": 0,
            "net_income": 36003,
            "net_income_4q": null,
            "revenue": 321830,
            "revenue_4q": null,
            "common_shares": 226420,
            "book_valuer_per_share": 24.51,
            "book_valuer_per_share_4q_avg": 11.65,
            "equity": 555010,
            "current_ratio": 222.52,
            "debt_ratio": 49.4,
            "inventory_turnover_ratio": null,
            "account_receivable_turnover_ratio": null,
            "reinvestment_rate": null,
            "research_to_sale_ratio": null,
            "price_fair": 0,
            "eps_avg_yearly": 0,
            "eps_latest_yearly": 0,
            "eps_growth_yearly": 0
        },
        "20123": {
            "year_quarter": 20123,
            "year": 2012,
            "quarter": 3,
            "eps": null,
            "eps_growth_year": null,
            "eps_4q": null,
            "eps_4q_growth_year": null,
            "roe": null,
            "roe_4q": 0,
            "gross_profit": 100252,
            "gross_margin": null,
            "gross_margin_4q_avg": 0,
            "net_income": 21815,
            "net_income_4q": null,
            "revenue": 269748,
            "revenue_4q": null,
            "common_shares": 297996,
            "book_valuer_per_share": null,
            "book_valuer_per_share_4q_avg": 11.65,
            "equity": 587975,
            "current_ratio": null,
            "debt_ratio": null,
            "inventory_turnover_ratio": null,
            "account_receivable_turnover_ratio": null,
            "reinvestment_rate": null,
            "research_to_sale_ratio": null,
            "price_fair": 0,
            "eps_avg_yearly": 0,
            "eps_latest_yearly": 0,
            "eps_growth_yearly": 0
        },
        "20124": {
            "year_quarter": 20124,
            "year": 2012,
            "quarter": 4,
            "eps": null,
            "eps_growth_year": null,
            "eps_4q": null,
            "eps_4q_growth_year": null,
            "roe": null,
            "roe_4q": 0,
            "gross_profit": 111274,
            "gross_margin": null,
            "gross_margin_4q_avg": 0,
            "net_income": 52958,
            "net_income_4q": null,
            "revenue": 318775,
            "revenue_4q": null,
            "common_shares": 297996,
            "book_valuer_per_share": 21.38,
            "book_valuer_per_share_4q_avg": 11.47,
            "equity": 638133,
            "current_ratio": 195.76,
            "debt_ratio": 48.13,
            "inventory_turnover_ratio": null,
            "account_receivable_turnover_ratio": null,
            "reinvestment_rate": null,
            "research_to_sale_ratio": null,
            "price_fair": 0,
            "eps_avg_yearly": 0,
            "eps_latest_yearly": 0,
            "eps_growth_yearly": 0
        },
        "20131": {
            "year_quarter": 20131,
            "year": 2013,
            "quarter": 1,
            "eps": 1.21,
            "eps_growth_year": null,
            "eps_4q": 1.21,
            "eps_4q_growth_year": null,
            "roe": 5.45,
            "roe_4q": 5.45,
            "gross_profit": 110074,
            "gross_margin": 35.49,
            "gross_margin_4q_avg": 8.87,
            "net_income": 36009,
            "net_income_4q": null,
            "revenue": 310140,
            "revenue_4q": null,
            "common_shares": 298126,
            "book_valuer_per_share": 22.91,
            "book_valuer_per_share_4q_avg": 17.2,
            "equity": 684091,
            "current_ratio": 191.85,
            "debt_ratio": 48.08,
            "inventory_turnover_ratio": 1.53,
            "account_receivable_turnover_ratio": 1.33,
            "reinvestment_rate": null,
            "research_to_sale_ratio": 3.3,
            "price_fair": 0,
            "eps_avg_yearly": 0,
            "eps_latest_yearly": 0,
            "eps_growth_yearly": 0
        },
        "20132": {
            "year_quarter": 20132,
            "year": 2013,
            "quarter": 2,
            "eps": 1.21,
            "eps_growth_year": null,
            "eps_4q": 2.14,
            "eps_4q_growth_year": null,
            "roe": 6.62,
            "roe_4q": 12.07,
            "gross_profit": 132515,
            "gross_margin": 32.82,
            "gross_margin_4q_avg": 17.08,
            "net_income": 46633,
            "net_income_4q": null,
            "revenue": 403704,
            "revenue_4q": null,
            "common_shares": 298126,
            "book_valuer_per_share": 24.26,
            "book_valuer_per_share_4q_avg": 17.14,
            "equity": 724197,
            "current_ratio": 187.79,
            "debt_ratio": 49.17,
            "inventory_turnover_ratio": 1.8,
            "account_receivable_turnover_ratio": 1.45,
            "reinvestment_rate": null,
            "research_to_sale_ratio": 2.77,
            "price_fair": 48.4,
            "eps_avg_yearly": 4.84,
            "eps_latest_yearly": 4.84,
            "eps_growth_yearly": 0
        },
        "20133": {
            "year_quarter": 20133,
            "year": 2013,
            "quarter": 3,
            "eps": 0.41,
            "eps_growth_year": null,
            "eps_4q": 2.26,
            "eps_4q_growth_year": null,
            "roe": 1.71,
            "roe_4q": 13.780000000000001,
            "gross_profit": 103189,
            "gross_margin": 32.81,
            "gross_margin_4q_avg": 25.28,
            "net_income": 16149,
            "net_income_4q": null,
            "revenue": 314520,
            "revenue_4q": null,
            "common_shares": 438804,
            "book_valuer_per_share": 26.54,
            "book_valuer_per_share_4q_avg": 23.77,
            "equity": 1165452,
            "current_ratio": 346.4,
            "debt_ratio": 30.98,
            "inventory_turnover_ratio": 1.11,
            "account_receivable_turnover_ratio": 1.05,
            "reinvestment_rate": null,
            "research_to_sale_ratio": 2.98,
            "price_fair": 9.72,
            "eps_avg_yearly": 3.24,
            "eps_latest_yearly": 1.64,
            "eps_growth_yearly": -132.23
        },
        "20134": {
            "year_quarter": 20134,
            "year": 2013,
            "quarter": 4,
            "eps": 1.02,
            "eps_growth_year": null,
            "eps_4q": 3.28,
            "eps_4q_growth_year": null,
            "roe": 3.74,
            "roe_4q": 17.52,
            "gross_profit": 119388,
            "gross_margin": 31.76,
            "gross_margin_4q_avg": 33.22,
            "net_income": 44485,
            "net_income_4q": null,
            "revenue": 375952,
            "revenue_4q": null,
            "common_shares": 438804,
            "book_valuer_per_share": 27.71,
            "book_valuer_per_share_4q_avg": 25.36,
            "equity": 1216416,
            "current_ratio": 364.36,
            "debt_ratio": 29.06,
            "inventory_turnover_ratio": 1.27,
            "account_receivable_turnover_ratio": 1.35,
            "reinvestment_rate": null,
            "research_to_sale_ratio": 9.86,
            "price_fair": 123.2,
            "eps_avg_yearly": 3.52,
            "eps_latest_yearly": 4.08,
            "eps_growth_yearly": 110.22
        },
        "20141": {
            "year_quarter": 20141,
            "year": 2014,
            "quarter": 1,
            "eps": 0.08,
            "eps_growth_year": -93.39,
            "eps_4q": 2.54,
            "eps_4q_growth_year": 109.37,
            "roe": 0.28,
            "roe_4q": 12.350000000000001,
            "gross_profit": 80627,
            "gross_margin": 29.25,
            "gross_margin_4q_avg": 31.66,
            "net_income": 3411,
            "net_income_4q": null,
            "revenue": 275665,
            "revenue_4q": null,
            "common_shares": 438804,
            "book_valuer_per_share": 27.78,
            "book_valuer_per_share_4q_avg": 26.57,
            "equity": 1219515,
            "current_ratio": 342.12,
            "debt_ratio": 32.51,
            "inventory_turnover_ratio": 1.01,
            "account_receivable_turnover_ratio": 0.99,
            "reinvestment_rate": null,
            "research_to_sale_ratio": 7.39,
            "price_fair": 8.16,
            "eps_avg_yearly": 2.72,
            "eps_latest_yearly": 0.32,
            "eps_growth_yearly": -9.49
        },
        "20142": {
            "year_quarter": 20142,
            "year": 2014,
            "quarter": 2,
            "eps": 0.41,
            "eps_growth_year": -66.12,
            "eps_4q": 1.69,
            "eps_4q_growth_year": -21.08,
            "roe": 1.71,
            "roe_4q": 7.44,
            "gross_profit": 118322,
            "gross_margin": 34.09,
            "gross_margin_4q_avg": 31.98,
            "net_income": 20542,
            "net_income_4q": null,
            "revenue": 347089,
            "revenue_4q": null,
            "common_shares": 438804,
            "book_valuer_per_share": 27.11,
            "book_valuer_per_share_4q_avg": 27.29,
            "equity": 1189950,
            "current_ratio": 281.6,
            "debt_ratio": 40.95,
            "inventory_turnover_ratio": 1.16,
            "account_receivable_turnover_ratio": 1.44,
            "reinvestment_rate": null,
            "research_to_sale_ratio": 7.21,
            "price_fair": 87.64,
            "eps_avg_yearly": 2.5,
            "eps_latest_yearly": 1.64,
            "eps_growth_yearly": 322.41
        },
        "20143": {
            "year_quarter": 20143,
            "year": 2014,
            "quarter": 3,
            "eps": 1.25,
            "eps_growth_year": 204.88,
            "eps_4q": 2.59,
            "eps_4q_growth_year": 14.76,
            "roe": 5.11,
            "roe_4q": 10.84,
            "gross_profit": 154048,
            "gross_margin": 37.48,
            "gross_margin_4q_avg": 33.15,
            "net_income": 63188,
            "net_income_4q": null,
            "revenue": 411035,
            "revenue_4q": null,
            "common_shares": 510244,
            "book_valuer_per_share": 25.07,
            "book_valuer_per_share_4q_avg": 26.92,
            "equity": 1283209,
            "current_ratio": 274,
            "debt_ratio": 40.56,
            "inventory_turnover_ratio": 1.14,
            "account_receivable_turnover_ratio": 1.86,
            "reinvestment_rate": null,
            "research_to_sale_ratio": 6.18,
            "price_fair": 102.2,
            "eps_avg_yearly": 2.92,
            "eps_latest_yearly": 5,
            "eps_growth_yearly": 405.26
        },
        "20144": {
            "year_quarter": 20144,
            "year": 2014,
            "quarter": 4,
            "eps": 1.27,
            "eps_growth_year": 24.83,
            "eps_4q": 2.85,
            "eps_4q_growth_year": -13.14,
            "roe": 4.66,
            "roe_4q": 11.76,
            "gross_profit": 126451,
            "gross_margin": 30.01,
            "gross_margin_4q_avg": 32.71,
            "net_income": 69686,
            "net_income_4q": null,
            "revenue": 421336,
            "revenue_4q": null,
            "common_shares": 556244,
            "book_valuer_per_share": 30.7,
            "book_valuer_per_share_4q_avg": 27.67,
            "equity": 1710453,
            "current_ratio": 379.15,
            "debt_ratio": 31.93,
            "inventory_turnover_ratio": 1.13,
            "account_receivable_turnover_ratio": 1.78,
            "reinvestment_rate": null,
            "research_to_sale_ratio": 0.31,
            "price_fair": 113,
            "eps_avg_yearly": 3.23,
            "eps_latest_yearly": 5.08,
            "eps_growth_yearly": 348.28
        },
        "20151": {
            "year_quarter": 20151,
            "year": 2015,
            "quarter": 1,
            "eps": 0.61,
            "eps_growth_year": 662.5,
            "eps_4q": 3.39,
            "eps_4q_growth_year": 33.59,
            "roe": 1.89,
            "roe_4q": 13.370000000000001,
            "gross_profit": 139062,
            "gross_margin": 33.17,
            "gross_margin_4q_avg": 33.69,
            "net_income": 32670,
            "net_income_4q": null,
            "revenue": 419253,
            "revenue_4q": null,
            "common_shares": 556244,
            "book_valuer_per_share": 31.23,
            "book_valuer_per_share_4q_avg": 28.53,
            "equity": 1739501,
            "current_ratio": 420.81,
            "debt_ratio": 31.76,
            "inventory_turnover_ratio": 1.01,
            "account_receivable_turnover_ratio": 1.7,
            "reinvestment_rate": null,
            "research_to_sale_ratio": 4.23,
            "price_fair": 109.55,
            "eps_avg_yearly": 3.13,
            "eps_latest_yearly": 2.44,
            "eps_growth_yearly": 278.76
        },
        "20152": {
            "year_quarter": 20152,
            "year": 2015,
            "quarter": 2,
            "eps": 1.07,
            "eps_growth_year": 160.98,
            "eps_4q": 3.81,
            "eps_4q_growth_year": 125.68,
            "roe": 3.72,
            "roe_4q": 15.379999999999999,
            "gross_profit": 167570,
            "gross_margin": 34.55,
            "gross_margin_4q_avg": 33.8,
            "net_income": 64681,
            "net_income_4q": null,
            "revenue": 484958,
            "revenue_4q": null,
            "common_shares": 556244,
            "book_valuer_per_share": 31.26,
            "book_valuer_per_share_4q_avg": 29.57,
            "equity": 1740167,
            "current_ratio": 329.65,
            "debt_ratio": 34.95,
            "inventory_turnover_ratio": 1.13,
            "account_receivable_turnover_ratio": 1.77,
            "reinvestment_rate": null,
            "research_to_sale_ratio": 4.97,
            "price_fair": 114.02,
            "eps_avg_yearly": 3.26,
            "eps_latest_yearly": 4.28,
            "eps_growth_yearly": 281.3
        },
        "20153": {
            "year_quarter": 20153,
            "year": 2015,
            "quarter": 3,
            "eps": 1.13,
            "eps_growth_year": -9.6,
            "eps_4q": 3.91,
            "eps_4q_growth_year": 50.53,
            "roe": 3.82,
            "roe_4q": 14.09,
            "gross_profit": 201393,
            "gross_margin": 34.31,
            "gross_margin_4q_avg": 33.01,
            "net_income": 68507,
            "net_income_4q": null,
            "revenue": 586925,
            "revenue_4q": null,
            "common_shares": 612066,
            "book_valuer_per_share": 29.96,
            "book_valuer_per_share_4q_avg": 30.79,
            "equity": 1842512,
            "current_ratio": 298.31,
            "debt_ratio": 33.6,
            "inventory_turnover_ratio": 1.39,
            "account_receivable_turnover_ratio": 1.83,
            "reinvestment_rate": null,
            "research_to_sale_ratio": 6.04,
            "price_fair": 118.44,
            "eps_avg_yearly": 3.38,
            "eps_latest_yearly": 4.52,
            "eps_growth_yearly": 255.41
        },
        "20154": {
            "year_quarter": 20154,
            "year": 2015,
            "quarter": 4,
            "eps": 1.21,
            "eps_growth_year": -4.64,
            "eps_4q": 3.79,
            "eps_4q_growth_year": 33.14,
            "roe": 3.68,
            "roe_4q": 13.110000000000001,
            "gross_profit": 223874,
            "gross_margin": 39.04,
            "gross_margin_4q_avg": 35.27,
            "net_income": 75375,
            "net_income_4q": null,
            "revenue": 573395,
            "revenue_4q": null,
            "common_shares": 612029,
            "book_valuer_per_share": 36.56,
            "book_valuer_per_share_4q_avg": 32.25,
            "equity": 2254632,
            "current_ratio": 303.12,
            "debt_ratio": 28.83,
            "inventory_turnover_ratio": 1.23,
            "account_receivable_turnover_ratio": 2.16,
            "reinvestment_rate": 74.81,
            "research_to_sale_ratio": 4.53,
            "price_fair": 123.07,
            "eps_avg_yearly": 3.52,
            "eps_latest_yearly": 4.84,
            "eps_growth_yearly": 234.77
        },
        "20161": {
            "year_quarter": 20161,
            "year": 2016,
            "quarter": 1,
            "eps": 1.26,
            "eps_growth_year": 106.56,
            "eps_4q": 4.47,
            "eps_4q_growth_year": 31.9,
            "roe": 3.44,
            "roe_4q": 14.66,
            "gross_profit": 249174,
            "gross_margin": 38.67,
            "gross_margin_4q_avg": 36.64,
            "net_income": 80764,
            "net_income_4q": null,
            "revenue": 644314,
            "revenue_4q": null,
            "common_shares": 652765,
            "book_valuer_per_share": 36.42,
            "book_valuer_per_share_4q_avg": 33.55,
            "equity": 2445250,
            "current_ratio": 271.9,
            "debt_ratio": 23.81,
            "inventory_turnover_ratio": 1.23,
            "account_receivable_turnover_ratio": 2.88,
            "reinvestment_rate": 90.9,
            "research_to_sale_ratio": 5.56,
            "price_fair": 127.52,
            "eps_avg_yearly": 3.64,
            "eps_latest_yearly": 5.04,
            "eps_growth_yearly": 216.58
        },
        "20162": {
            "year_quarter": 20162,
            "year": 2016,
            "quarter": 2,
            "eps": 1.66,
            "eps_growth_year": 55.14,
            "eps_4q": 4.76,
            "eps_4q_growth_year": 24.96,
            "roe": 4.98,
            "roe_4q": 15.92,
            "gross_profit": 290081,
            "gross_margin": 39.97,
            "gross_margin_4q_avg": 38,
            "net_income": 122346,
            "net_income_4q": null,
            "revenue": 725816,
            "revenue_4q": null,
            "common_shares": 666071,
            "book_valuer_per_share": 36.61,
            "book_valuer_per_share_4q_avg": 34.89,
            "equity": 2468306,
            "current_ratio": 243.78,
            "debt_ratio": 26.17,
            "inventory_turnover_ratio": 1.17,
            "account_receivable_turnover_ratio": 3,
            "reinvestment_rate": 61.03,
            "research_to_sale_ratio": 4.8,
            "price_fair": 135.58,
            "eps_avg_yearly": 3.87,
            "eps_latest_yearly": 6.64,
            "eps_growth_yearly": 209.69
        },
        "20163": {
            "year_quarter": 20163,
            "year": 2016,
            "quarter": 3,
            "eps": 2.32,
            "eps_growth_year": 105.31,
            "eps_4q": 6.1,
            "eps_4q_growth_year": 56.25,
            "roe": 6.85,
            "roe_4q": 18.95,
            "gross_profit": 365161,
            "gross_margin": 42.88,
            "gross_margin_4q_avg": 40.14,
            "net_income": 174641,
            "net_income_4q": null,
            "revenue": 851678,
            "revenue_4q": null,
            "common_shares": 753698,
            "book_valuer_per_share": 34.59,
            "book_valuer_per_share_4q_avg": 36.05,
            "equity": 2628900,
            "current_ratio": 225.13,
            "debt_ratio": 28.01,
            "inventory_turnover_ratio": 1.26,
            "account_receivable_turnover_ratio": 3.99,
            "reinvestment_rate": 67.66,
            "research_to_sale_ratio": 4,
            "price_fair": 149.1,
            "eps_avg_yearly": 4.26,
            "eps_latest_yearly": 9.28,
            "eps_growth_yearly": 206.07
        },
        "20164": {
            "year_quarter": 20164,
            "year": 2016,
            "quarter": 4,
            "eps": 1.78,
            "eps_growth_year": 47.3,
            "eps_4q": 6.83,
            "eps_4q_growth_year": 80.08,
            "roe": 5.02,
            "roe_4q": 20.290000000000003,
            "gross_profit": 388097,
            "gross_margin": 43.71,
            "gross_margin_4q_avg": 41.31,
            "net_income": 135796,
            "net_income_4q": null,
            "revenue": 887868,
            "revenue_4q": null,
            "common_shares": 754470,
            "book_valuer_per_share": 36.61,
            "book_valuer_per_share_4q_avg": 36.06,
            "equity": 2781697,
            "current_ratio": 243.39,
            "debt_ratio": 28.7,
            "inventory_turnover_ratio": 1.26,
            "account_receivable_turnover_ratio": 4.57,
            "reinvestment_rate": 58.51,
            "research_to_sale_ratio": 6.25,
            "price_fair": 155.77,
            "eps_avg_yearly": 4.45,
            "eps_latest_yearly": 7.12,
            "eps_growth_yearly": 186.13
        },
        "20171": {
            "year_quarter": 20171,
            "year": 2017,
            "quarter": 1,
            "eps": 1.65,
            "eps_growth_year": 30.95,
            "eps_4q": 7.35,
            "eps_4q_growth_year": 64.32,
            "roe": 4.26,
            "roe_4q": 21.11,
            "gross_profit": 350704,
            "gross_margin": 41.71,
            "gross_margin_4q_avg": 42.07,
            "net_income": 121523,
            "net_income_4q": null,
            "revenue": 840744,
            "revenue_4q": null,
            "common_shares": 756213,
            "book_valuer_per_share": 38.4,
            "book_valuer_per_share_4q_avg": 36.55,
            "equity": 2927004,
            "current_ratio": 327.45,
            "debt_ratio": 21.4,
            "inventory_turnover_ratio": 1.24,
            "account_receivable_turnover_ratio": 3.52,
            "reinvestment_rate": 76.75,
            "research_to_sale_ratio": 3.64,
            "price_fair": 160.48,
            "eps_avg_yearly": 4.59,
            "eps_latest_yearly": 6.6,
            "eps_growth_yearly": 172.67
        },
        "20172": {
            "year_quarter": 20172,
            "year": 2017,
            "quarter": 2,
            "eps": 1.87,
            "eps_growth_year": 12.65,
            "eps_4q": 6.83,
            "eps_4q_growth_year": 43.34,
            "roe": 5.63,
            "roe_4q": 21.759999999999998,
            "gross_profit": 367700,
            "gross_margin": 39.68,
            "gross_margin_4q_avg": 42,
            "net_income": 165065,
            "net_income_4q": null,
            "revenue": 926550,
            "revenue_4q": null,
            "common_shares": 756526,
            "book_valuer_per_share": 38.45,
            "book_valuer_per_share_4q_avg": 37.01,
            "equity": 2933652,
            "current_ratio": 254.75,
            "debt_ratio": 25.87,
            "inventory_turnover_ratio": 1.63,
            "account_receivable_turnover_ratio": 2.68,
            "reinvestment_rate": 71.78,
            "research_to_sale_ratio": 4.17,
            "price_fair": 166.25,
            "eps_avg_yearly": 4.75,
            "eps_latest_yearly": 7.48,
            "eps_growth_yearly": 176
        },
        "20173": {
            "year_quarter": 20173,
            "year": 2017,
            "quarter": 3,
            "eps": 2.51,
            "eps_growth_year": 8.19,
            "eps_4q": 7.34,
            "eps_4q_growth_year": 20.22,
            "roe": 7.23,
            "roe_4q": 22.139999999999997,
            "gross_profit": 463006,
            "gross_margin": 40.82,
            "gross_margin_4q_avg": 41.48,
            "net_income": 221587,
            "net_income_4q": null,
            "revenue": 1134288,
            "revenue_4q": null,
            "common_shares": 870117,
            "book_valuer_per_share": 36.42,
            "book_valuer_per_share_4q_avg": 37.47,
            "equity": 3196946,
            "current_ratio": 251.6,
            "debt_ratio": 26.56,
            "inventory_turnover_ratio": 1.94,
            "account_receivable_turnover_ratio": 2.51,
            "reinvestment_rate": 61.3,
            "research_to_sale_ratio": 3.74,
            "price_fair": 184.63,
            "eps_avg_yearly": 5.28,
            "eps_latest_yearly": 10.04,
            "eps_growth_yearly": 201.09
        },
        "20174": {
            "year_quarter": 20174,
            "year": 2017,
            "quarter": 4,
            "eps": 2.4,
            "eps_growth_year": 34.51,
            "eps_4q": 8.19,
            "eps_4q_growth_year": 19.9,
            "roe": 6.43,
            "roe_4q": 23.549999999999997,
            "gross_profit": 472989,
            "gross_margin": 40.41,
            "gross_margin_4q_avg": 40.66,
            "net_income": 212649,
            "net_income_4q": null,
            "revenue": 1170586,
            "revenue_4q": null,
            "common_shares": 870117,
            "book_valuer_per_share": 38.92,
            "book_valuer_per_share_4q_avg": 38.05,
            "equity": 3418272,
            "current_ratio": 222.47,
            "debt_ratio": 29.38,
            "inventory_turnover_ratio": 1.69,
            "account_receivable_turnover_ratio": 2.48,
            "reinvestment_rate": 72.7,
            "research_to_sale_ratio": 6.02,
            "price_fair": 196.7,
            "eps_avg_yearly": 5.62,
            "eps_latest_yearly": 9.6,
            "eps_growth_yearly": 162.8
        },
        "20181": {
            "year_quarter": 20181,
            "year": 2018,
            "quarter": 1,
            "eps": 2.57,
            "eps_growth_year": 55.76,
            "eps_4q": 9.33,
            "eps_4q_growth_year": 26.99,
            "roe": 6.4,
            "roe_4q": 25.69,
            "gross_profit": 535186,
            "gross_margin": 41.97,
            "gross_margin_4q_avg": 40.72,
            "net_income": 227801,
            "net_income_4q": null,
            "revenue": 1275301,
            "revenue_4q": null,
            "common_shares": 870701,
            "book_valuer_per_share": 42.05,
            "book_valuer_per_share_4q_avg": 38.96,
            "equity": 3697774,
            "current_ratio": 218.54,
            "debt_ratio": 30.36,
            "inventory_turnover_ratio": 1.41,
            "account_receivable_turnover_ratio": 2.64,
            "reinvestment_rate": 66.27,
            "research_to_sale_ratio": 6.02,
            "price_fair": 218.49,
            "eps_avg_yearly": 6.24,
            "eps_latest_yearly": 10.28,
            "eps_growth_yearly": 187.61
        },
        "20182": {
            "year_quarter": 20182,
            "year": 2018,
            "quarter": 2,
            "eps": 3.34,
            "eps_growth_year": 78.61,
            "eps_4q": 9.83,
            "eps_4q_growth_year": 43.94,
            "roe": 8.97,
            "roe_4q": 29.03,
            "gross_profit": 650509,
            "gross_margin": 40.15,
            "gross_margin_4q_avg": 40.84,
            "net_income": 337027,
            "net_income_4q": null,
            "revenue": 1620231,
            "revenue_4q": null,
            "common_shares": 870701,
            "book_valuer_per_share": 43.36,
            "book_valuer_per_share_4q_avg": 40.19,
            "equity": 3815284,
            "current_ratio": 218.46,
            "debt_ratio": 49.38,
            "inventory_turnover_ratio": 1.47,
            "account_receivable_turnover_ratio": 4.37,
            "reinvestment_rate": 61.88,
            "research_to_sale_ratio": 4.83,
            "price_fair": 244.13,
            "eps_avg_yearly": 6.98,
            "eps_latest_yearly": 13.36,
            "eps_growth_yearly": 91.97
        },
        "20183": {
            "year_quarter": 20183,
            "year": 2018,
            "quarter": 3,
            "eps": 5.73,
            "eps_growth_year": 128.29,
            "eps_4q": 13.14,
            "eps_4q_growth_year": 79.09,
            "roe": 13.28,
            "roe_4q": 35.08,
            "gross_profit": 1070279,
            "gross_margin": 44.41,
            "gross_margin_4q_avg": 41.74,
            "net_income": 580828,
            "net_income_4q": null,
            "revenue": 2410231,
            "revenue_4q": null,
            "common_shares": 1001219,
            "book_valuer_per_share": 47.84,
            "book_valuer_per_share_4q_avg": 43.04,
            "equity": 4932913,
            "current_ratio": 181.43,
            "debt_ratio": 46.7,
            "inventory_turnover_ratio": 1.53,
            "account_receivable_turnover_ratio": 9.15,
            "reinvestment_rate": 50.22,
            "research_to_sale_ratio": 4.36,
            "price_fair": 283.33,
            "eps_avg_yearly": 8.1,
            "eps_latest_yearly": 22.92,
            "eps_growth_yearly": 58.64
        },
        "20184": {
            "year_quarter": 20184,
            "year": 2018,
            "quarter": 4,
            "eps": 6.44,
            "eps_growth_year": 168.3,
            "eps_4q": 17.49,
            "eps_4q_growth_year": 113.71,
            "roe": 12.37,
            "roe_4q": 41.019999999999996,
            "gross_profit": 1260978,
            "gross_margin": 45.15,
            "gross_margin_4q_avg": 42.92,
            "net_income": 661723,
            "net_income_4q": null,
            "revenue": 2792651,
            "revenue_4q": null,
            "common_shares": 1022321,
            "book_valuer_per_share": 55.78,
            "book_valuer_per_share_4q_avg": 47.26,
            "equity": 5769042,
            "current_ratio": 180.3,
            "debt_ratio": 43.92,
            "inventory_turnover_ratio": 1.32,
            "account_receivable_turnover_ratio": 6.54,
            "reinvestment_rate": 40.94,
            "research_to_sale_ratio": 6.37,
            "price_fair": 328.56,
            "eps_avg_yearly": 9.39,
            "eps_latest_yearly": 25.76,
            "eps_growth_yearly": 61.34
        },
        "20191": {
            "year_quarter": 20191,
            "year": 2019,
            "quarter": 1,
            "eps": 6.07,
            "eps_growth_year": 136.19,
            "eps_4q": 21.36,
            "eps_4q_growth_year": 128.96,
            "roe": 10.19,
            "roe_4q": 44.809999999999995,
            "gross_profit": 1104010,
            "gross_margin": 42.72,
            "gross_margin_4q_avg": 43.11,
            "net_income": 627527,
            "net_income_4q": null,
            "revenue": 2584097,
            "revenue_4q": null,
            "common_shares": 1026076,
            "book_valuer_per_share": 63.21,
            "book_valuer_per_share_4q_avg": 52.55,
            "equity": 6543867,
            "current_ratio": 199.64,
            "debt_ratio": 37.73,
            "inventory_turnover_ratio": 1.16,
            "account_receivable_turnover_ratio": 3.42,
            "reinvestment_rate": 38.81,
            "research_to_sale_ratio": 4.33,
            "price_fair": 376.34,
            "eps_avg_yearly": 10.75,
            "eps_latest_yearly": 24.28,
            "eps_growth_yearly": 72.89
        },
        "20192": {
            "year_quarter": 20192,
            "year": 2019,
            "quarter": 2,
            "eps": 6.08,
            "eps_growth_year": 82.04,
            "eps_4q": 21.03,
            "eps_4q_growth_year": 113.95,
            "roe": 9.74,
            "roe_4q": 45.58,
            "gross_profit": 1118681,
            "gross_margin": 43.33,
            "gross_margin_4q_avg": 43.9,
            "net_income": 632254,
            "net_income_4q": null,
            "revenue": 2581727,
            "revenue_4q": null,
            "common_shares": 1027423,
            "book_valuer_per_share": 62.07,
            "book_valuer_per_share_4q_avg": 57.23,
            "equity": 6438009,
            "current_ratio": 166.39,
            "debt_ratio": 42.3,
            "inventory_turnover_ratio": 1.18,
            "account_receivable_turnover_ratio": 2.82,
            "reinvestment_rate": 34.82,
            "research_to_sale_ratio": 4.6,
            "price_fair": 420.18,
            "eps_avg_yearly": 12.01,
            "eps_latest_yearly": 24.32,
            "eps_growth_yearly": 54.08
        },
        "20193": {
            "year_quarter": 20193,
            "year": 2019,
            "quarter": 3,
            "eps": 3.04,
            "eps_growth_year": -46.95,
            "eps_4q": 18.97,
            "eps_4q_growth_year": 44.38,
            "roe": 5.54,
            "roe_4q": 37.839999999999996,
            "gross_profit": 833059,
            "gross_margin": 40.23,
            "gross_margin_4q_avg": 42.86,
            "net_income": 365414,
            "net_income_4q": null,
            "revenue": 2070899,
            "revenue_4q": null,
            "common_shares": 1181832,
            "book_valuer_per_share": 55.88,
            "book_valuer_per_share_4q_avg": 59.24,
            "equity": 6744750,
            "current_ratio": 177.87,
            "debt_ratio": 37.69,
            "inventory_turnover_ratio": 1.03,
            "account_receivable_turnover_ratio": 3.04,
            "reinvestment_rate": 36.36,
            "research_to_sale_ratio": 6.46,
            "price_fair": 436.89,
            "eps_avg_yearly": 12.48,
            "eps_latest_yearly": 12.16,
            "eps_growth_yearly": 40.18
        },
        "20194": {
            "year_quarter": 20194,
            "year": 2019,
            "quarter": 4,
            "eps": 3.41,
            "eps_growth_year": -47.03,
            "eps_4q": 16.85,
            "eps_4q_growth_year": -3.65,
            "roe": 5.92,
            "roe_4q": 31.39,
            "gross_profit": 959737,
            "gross_margin": 41.2,
            "gross_margin_4q_avg": 41.87,
            "net_income": 412771,
            "net_income_4q": null,
            "revenue": 2329409,
            "revenue_4q": null,
            "common_shares": 1196172,
            "book_valuer_per_share": 59.63,
            "book_valuer_per_share_4q_avg": 60.2,
            "equity": 7207501,
            "current_ratio": 201.28,
            "debt_ratio": 33.44,
            "inventory_turnover_ratio": 1.21,
            "account_receivable_turnover_ratio": 4.2,
            "reinvestment_rate": 28.05,
            "research_to_sale_ratio": 6.29,
            "price_fair": 456.14,
            "eps_avg_yearly": 13.03,
            "eps_latest_yearly": 13.64,
            "eps_growth_yearly": 41.45
        },
        "20201": {
            "year_quarter": 20201,
            "year": 2020,
            "quarter": 1,
            "eps": 3.13,
            "eps_growth_year": -48.43,
            "eps_4q": 15.01,
            "eps_4q_growth_year": -29.73,
            "roe": 5.25,
            "roe_4q": 26.450000000000003,
            "gross_profit": 796219,
            "gross_margin": 44.11,
            "gross_margin_4q_avg": 42.22,
            "net_income": 376382,
            "net_income_4q": null,
            "revenue": 1805164,
            "revenue_4q": null,
            "common_shares": 1196172,
            "book_valuer_per_share": 60.96,
            "book_valuer_per_share_4q_avg": 59.64,
            "equity": 7127037,
            "current_ratio": 195.99,
            "debt_ratio": 32.75,
            "inventory_turnover_ratio": 0.95,
            "account_receivable_turnover_ratio": 2.71,
            "reinvestment_rate": 29.54,
            "research_to_sale_ratio": 6.26,
            "price_fair": 472.5,
            "eps_avg_yearly": 13.5,
            "eps_latest_yearly": 12.52,
            "eps_growth_yearly": 38.37
        },
        "20202": {
            "year_quarter": 20202,
            "year": 2020,
            "quarter": 2,
            "eps": 4.5,
            "eps_growth_year": -25.99,
            "eps_4q": 14.28,
            "eps_4q_growth_year": -32.07,
            "roe": 7.8,
            "roe_4q": 24.509999999999998,
            "gross_profit": 968325,
            "gross_margin": 43.87,
            "gross_margin_4q_avg": 42.35,
            "net_income": 525776,
            "net_income_4q": null,
            "revenue": 2207084,
            "revenue_4q": null,
            "common_shares": 1176092,
            "book_valuer_per_share": 53.79,
            "book_valuer_per_share_4q_avg": 57.57,
            "equity": 6351660,
            "current_ratio": 131.39,
            "debt_ratio": 44.01,
            "inventory_turnover_ratio": 1.37,
            "account_receivable_turnover_ratio": 3.05,
            "reinvestment_rate": 31.83,
            "research_to_sale_ratio": 5.48,
            "price_fair": 497.35,
            "eps_avg_yearly": 14.21,
            "eps_latest_yearly": 18,
            "eps_growth_yearly": 41.37
        },
        "20203": {
            "year_quarter": 20203,
            "year": 2020,
            "quarter": 3,
            "eps": 4.23,
            "eps_growth_year": 39.14,
            "eps_4q": 15.35,
            "eps_4q_growth_year": -19.06,
            "roe": 7.52,
            "roe_4q": 26.490000000000002,
            "gross_profit": 980230,
            "gross_margin": 45.45,
            "gross_margin_4q_avg": 43.66,
            "net_income": 501569,
            "net_income_4q": null,
            "revenue": 2156732,
            "revenue_4q": null,
            "common_shares": 1176012,
            "book_valuer_per_share": 58.97,
            "book_valuer_per_share_4q_avg": 58.34,
            "equity": 6996015,
            "current_ratio": 148.94,
            "debt_ratio": 38.58,
            "inventory_turnover_ratio": 1.58,
            "account_receivable_turnover_ratio": 3.03,
            "reinvestment_rate": 40.97,
            "research_to_sale_ratio": 6.97,
            "price_fair": 514.06,
            "eps_avg_yearly": 14.69,
            "eps_latest_yearly": 16.92,
            "eps_growth_yearly": 29.93
        },
        "20204": {
            "year_quarter": 20204,
            "year": 2020,
            "quarter": 4,
            "eps": 3.82,
            "eps_growth_year": 12.09,
            "eps_4q": 15.69,
            "eps_4q_growth_year": -6.92,
            "roe": 6.16,
            "roe_4q": 26.73,
            "gross_profit": 844954,
            "gross_margin": 41.12,
            "gross_margin_4q_avg": 43.64,
            "net_income": 449011,
            "net_income_4q": null,
            "revenue": 2054871,
            "revenue_4q": null,
            "common_shares": 1182202,
            "book_valuer_per_share": 63.99,
            "book_valuer_per_share_4q_avg": 59.43,
            "equity": 7588403,
            "current_ratio": 161.3,
            "debt_ratio": 36.58,
            "inventory_turnover_ratio": 1.78,
            "account_receivable_turnover_ratio": 3.08,
            "reinvestment_rate": 37.99,
            "research_to_sale_ratio": 5.5,
            "price_fair": 531.91,
            "eps_avg_yearly": 15.2,
            "eps_latest_yearly": 15.28,
            "eps_growth_yearly": 33.33
        },
        "20211": {
            "year_quarter": 20211,
            "year": 2021,
            "quarter": 1,
            "eps": 3.25,
            "eps_growth_year": 3.83,
            "eps_4q": 15.76,
            "eps_4q_growth_year": 5.04,
            "roe": 4.94,
            "roe_4q": 26.42,
            "gross_profit": 872793,
            "gross_margin": 44.85,
            "gross_margin_4q_avg": 43.82,
            "net_income": 383794,
            "net_income_4q": null,
            "revenue": 1945930,
            "revenue_4q": null,
            "common_shares": 1182202,
            "book_valuer_per_share": 66.98,
            "book_valuer_per_share_4q_avg": 60.93,
            "equity": 7942798,
            "current_ratio": 166.08,
            "debt_ratio": 37.52,
            "inventory_turnover_ratio": 1.56,
            "account_receivable_turnover_ratio": 2.87,
            "reinvestment_rate": 37.97,
            "research_to_sale_ratio": 6.21,
            "price_fair": 545.91,
            "eps_avg_yearly": 15.6,
            "eps_latest_yearly": 13,
            "eps_growth_yearly": 31.43
        },
        "20212": {
            "year_quarter": 20212,
            "year": 2021,
            "quarter": 2,
            "eps": 4.19,
            "eps_growth_year": -6.89,
            "eps_4q": 15.48,
            "eps_4q_growth_year": 8.38,
            "roe": 6.09,
            "roe_4q": 24.71,
            "gross_profit": 1000918,
            "gross_margin": 42.77,
            "gross_margin_4q_avg": 43.55,
            "net_income": 498139,
            "net_income_4q": null,
            "revenue": 2340479,
            "revenue_4q": null,
            "common_shares": 1182399,
            "book_valuer_per_share": 70.87,
            "book_valuer_per_share_4q_avg": 65.2,
            "equity": 8406827,
            "current_ratio": 177.7,
            "debt_ratio": 37.33,
            "inventory_turnover_ratio": 1.9,
            "account_receivable_turnover_ratio": 2.77,
            "reinvestment_rate": 44.92,
            "research_to_sale_ratio": 5.8,
            "price_fair": 566.21,
            "eps_avg_yearly": 16.18,
            "eps_latest_yearly": 16.76,
            "eps_growth_yearly": 35.32
        },
        "20213": {
            "year_quarter": 20213,
            "year": 2021,
            "quarter": 3,
            "eps": 4.02,
            "eps_growth_year": -4.96,
            "eps_4q": 15.23,
            "eps_4q_growth_year": -0.82,
            "roe": 6,
            "roe_4q": 23.19,
            "gross_profit": 1072882,
            "gross_margin": 45.13,
            "gross_margin_4q_avg": 43.47,
            "net_income": 517999,
            "net_income_4q": null,
            "revenue": 2377416,
            "revenue_4q": null,
            "common_shares": 1182399,
            "book_valuer_per_share": 66.6,
            "book_valuer_per_share_4q_avg": 67.11,
            "equity": 8870935,
            "current_ratio": 148.79,
            "debt_ratio": 41.12,
            "inventory_turnover_ratio": 1.74,
            "account_receivable_turnover_ratio": 2.17,
            "reinvestment_rate": 43.44,
            "research_to_sale_ratio": 5.55,
            "price_fair": 579.43,
            "eps_avg_yearly": 16.56,
            "eps_latest_yearly": 16.08,
            "eps_growth_yearly": 25.75
        },
        "20214": {
            "year_quarter": 20214,
            "year": 2021,
            "quarter": 4,
            "eps": 1.71,
            "eps_growth_year": -55.24,
            "eps_4q": 13.13,
            "eps_4q_growth_year": -16.3,
            "roe": 2.39,
            "roe_4q": 19.42,
            "gross_profit": 778239,
            "gross_margin": 40.61,
            "gross_margin_4q_avg": 43.34,
            "net_income": 216069,
            "net_income_4q": null,
            "revenue": 1916278,
            "revenue_4q": null,
            "common_shares": 1182449,
            "book_valuer_per_share": 68.95,
            "book_valuer_per_share_4q_avg": 68.35,
            "equity": 9241996,
            "current_ratio": 175.8,
            "debt_ratio": 37.18,
            "inventory_turnover_ratio": 1.33,
            "account_receivable_turnover_ratio": 1.72,
            "reinvestment_rate": 40.67,
            "research_to_sale_ratio": 9.6,
            "price_fair": 368.32,
            "eps_avg_yearly": 16.38,
            "eps_latest_yearly": 6.84,
            "eps_growth_yearly": 12.48
        },
        "20221": {
            "year_quarter": 20221,
            "year": 2022,
            "quarter": 1,
            "eps": 1.32,
            "eps_growth_year": -59.38,
            "eps_4q": 11.21,
            "eps_4q_growth_year": -28.9,
            "roe": 2.02,
            "roe_4q": 16.5,
            "gross_profit": 668844,
            "gross_margin": 40.34,
            "gross_margin_4q_avg": 42.21,
            "net_income": 179592,
            "net_income_4q": null,
            "revenue": 1657985,
            "revenue_4q": null,
            "common_shares": 1182608,
            "book_valuer_per_share": 62.92,
            "book_valuer_per_share_4q_avg": 67.34,
            "equity": 8560425,
            "current_ratio": 149.79,
            "debt_ratio": 41.72,
            "inventory_turnover_ratio": 1.05,
            "account_receivable_turnover_ratio": 1.7,
            "reinvestment_rate": 41.36,
            "research_to_sale_ratio": 8.43,
            "price_fair": 241.21,
            "eps_avg_yearly": 16.07,
            "eps_latest_yearly": 5.28,
            "eps_growth_yearly": 5.01
        },
        "20222": {
            "year_quarter": 20222,
            "year": 2022,
            "quarter": 2,
            "eps": -0.75,
            "eps_growth_year": -117.9,
            "eps_4q": 6.29,
            "eps_4q_growth_year": -59.38,
            "roe": -0.59,
            "roe_4q": 9.82,
            "gross_profit": 708773,
            "gross_margin": 38.3,
            "gross_margin_4q_avg": 41.1,
            "net_income": -52637,
            "net_income_4q": null,
            "revenue": 1850723,
            "revenue_4q": null,
            "common_shares": 1182608,
            "book_valuer_per_share": 63.42,
            "book_valuer_per_share_4q_avg": 65.47,
            "equity": 9366333,
            "current_ratio": 162.33,
            "debt_ratio": 38.09,
            "inventory_turnover_ratio": 1.1,
            "account_receivable_turnover_ratio": 1.69,
            "reinvestment_rate": 44.09,
            "research_to_sale_ratio": 7.71,
            "price_fair": 48.75,
            "eps_avg_yearly": 16.25,
            "eps_latest_yearly": 5.28,
            "eps_growth_yearly": -2.65
        },
        "20223": {
            "year_quarter": 20223,
            "year": 2022,
            "quarter": 3,
            "eps": 2.95,
            "eps_growth_year": -26.62,
            "eps_4q": 5.23,
            "eps_4q_growth_year": -65.64,
            "roe": 3.97,
            "roe_4q": 7.790000000000001,
            "gross_profit": 905613,
            "gross_margin": 43.95,
            "gross_margin_4q_avg": 40.8,
            "net_income": 381158,
            "net_income_4q": null,
            "revenue": 2060329,
            "revenue_4q": null,
            "common_shares": 1182608,
            "book_valuer_per_share": 66.72,
            "book_valuer_per_share_4q_avg": 65.5,
            "equity": 9812508,
            "current_ratio": 177.48,
            "debt_ratio": 34.31,
            "inventory_turnover_ratio": 1.05,
            "account_receivable_turnover_ratio": 1.7,
            "reinvestment_rate": 45.17,
            "research_to_sale_ratio": 7.38,
            "price_fair": 47.32,
            "eps_avg_yearly": 15.77,
            "eps_latest_yearly": 5.28,
            "eps_growth_yearly": -23.28
        },
        "20224": {
            "year_quarter": 20224,
            "year": 2022,
            "quarter": 4,
            "eps": 2.54,
            "eps_growth_year": 48.41,
            "eps_4q": 6.06,
            "eps_4q_growth_year": -53.85,
            "roe": 3.14,
            "roe_4q": 8.540000000000001,
            "gross_profit": 852237,
            "gross_margin": 45.73,
            "gross_margin_4q_avg": 42.08,
            "net_income": 312649,
            "net_income_4q": null,
            "revenue": 1863477,
            "revenue_4q": null,
            "common_shares": 1182608,
            "book_valuer_per_share": 68.87,
            "book_valuer_per_share_4q_avg": 65.48,
            "equity": 10079024,
            "current_ratio": 179.72,
            "debt_ratio": 33.29,
            "inventory_turnover_ratio": 0.88,
            "account_receivable_turnover_ratio": 1.7,
            "reinvestment_rate": 48.56,
            "research_to_sale_ratio": 12.63,
            "price_fair": 43.98,
            "eps_avg_yearly": 14.66,
            "eps_latest_yearly": 10.16,
            "eps_growth_yearly": -30.79
        },
        "20231": {
            "year_quarter": 20231,
            "year": 2023,
            "quarter": 1,
            "eps": 1.39,
            "eps_growth_year": 5.3,
            "eps_4q": 6.11,
            "eps_4q_growth_year": -45.46,
            "roe": 1.73,
            "roe_4q": 8.25,
            "gross_profit": 708387,
            "gross_margin": 37.82,
            "gross_margin_4q_avg": 41.45,
            "net_income": 176259,
            "net_income_4q": null,
            "revenue": 1872857,
            "revenue_4q": null,
            "common_shares": 1182608,
            "book_valuer_per_share": 69.97,
            "book_valuer_per_share_4q_avg": 67.25,
            "equity": 10253921,
            "current_ratio": 210.28,
            "debt_ratio": 31.14,
            "inventory_turnover_ratio": 1.06,
            "account_receivable_turnover_ratio": 1.77,
            "reinvestment_rate": 45.73,
            "research_to_sale_ratio": 7.67,
            "price_fair": 39.97,
            "eps_avg_yearly": 13.32,
            "eps_latest_yearly": 5.56,
            "eps_growth_yearly": -42.08
        },
        "20232": {
            "year_quarter": 20232,
            "year": 2023,
            "quarter": 2,
            "eps": 1.8,
            "eps_growth_year": null,
            "eps_4q": 8.85,
            "eps_4q_growth_year": 40.72,
            "roe": 2.67,
            "roe_4q": 11.510000000000002,
            "gross_profit": 774827,
            "gross_margin": 39.35,
            "gross_margin_4q_avg": 41.71,
            "net_income": 260337,
            "net_income_4q": null,
            "revenue": 1969083,
            "revenue_4q": null,
            "common_shares": 1182608,
            "book_valuer_per_share": 66.47,
            "book_valuer_per_share_4q_avg": 68.01,
            "equity": 9250543,
            "current_ratio": 168.55,
            "debt_ratio": 37.45,
            "inventory_turnover_ratio": 1.15,
            "account_receivable_turnover_ratio": 1.92,
            "reinvestment_rate": 46.46,
            "research_to_sale_ratio": 6.72,
            "price_fair": 36.3,
            "eps_avg_yearly": 12.1,
            "eps_latest_yearly": 7.2,
            "eps_growth_yearly": -33.7
        },
        "20233": {
            "year_quarter": 20233,
            "year": 2023,
            "quarter": 3,
            "eps": 2.78,
            "eps_growth_year": -5.76,
            "eps_4q": 8.61,
            "eps_4q_growth_year": 64.5,
            "roe": 3.61,
            "roe_4q": 11.15,
            "gross_profit": 901492,
            "gross_margin": 40.83,
            "gross_margin_4q_avg": 40.93,
            "net_income": 342454,
            "net_income_4q": null,
            "revenue": 2208031,
            "revenue_4q": null,
            "common_shares": 1182608,
            "book_valuer_per_share": 70.2,
            "book_valuer_per_share_4q_avg": 68.88,
            "equity": 9718888,
            "current_ratio": 182.95,
            "debt_ratio": 38.11,
            "inventory_turnover_ratio": 1.22,
            "account_receivable_turnover_ratio": 2.27,
            "reinvestment_rate": 47.91,
            "research_to_sale_ratio": 7.05,
            "price_fair": 36.08,
            "eps_avg_yearly": 12.03,
            "eps_latest_yearly": 11.12,
            "eps_growth_yearly": -3.86
        }
    },
    "months": {
        "2012-02": {
            "month": "2012-02",
            "price": "67.03",
            "revenue": 62946
        },
        "2012-03": {
            "month": "2012-03",
            "price": "67.70",
            "revenue": 74339
        },
        "2012-04": {
            "month": "2012-04",
            "price": "67.04",
            "revenue": 72033
        },
        "2012-05": {
            "month": "2012-05",
            "price": "66.73",
            "revenue": 84938
        },
        "2012-06": {
            "month": "2012-06",
            "price": "67.32",
            "revenue": 74359
        },
        "2012-07": {
            "month": "2012-07",
            "price": "68.45",
            "revenue": 58712
        },
        "2012-08": {
            "month": "2012-08",
            "price": "59.10",
            "revenue": 56673
        },
        "2012-09": {
            "month": "2012-09",
            "price": "58.25",
            "revenue": 66495
        },
        "2012-10": {
            "month": "2012-10",
            "price": "60.08",
            "revenue": 86924
        },
        "2012-11": {
            "month": "2012-11",
            "price": "58.15",
            "revenue": 76415
        },
        "2012-12": {
            "month": "2012-12",
            "price": "60.38",
            "revenue": 60589
        },
        "2013-01": {
            "month": "2013-01",
            "price": "70.79",
            "revenue": 82163
        },
        "2013-02": {
            "month": "2013-02",
            "price": "76.73",
            "revenue": 87594
        },
        "2013-03": {
            "month": "2013-03",
            "price": "84.97",
            "revenue": 140484
        },
        "2013-04": {
            "month": "2013-04",
            "price": "99.77",
            "revenue": 112383
        },
        "2013-05": {
            "month": "2013-05",
            "price": "112.89",
            "revenue": 169620
        },
        "2013-06": {
            "month": "2013-06",
            "price": "119.76",
            "revenue": 122241
        },
        "2013-07": {
            "month": "2013-07",
            "price": "124.83",
            "revenue": 97620
        },
        "2013-08": {
            "month": "2013-08",
            "price": "132.66",
            "revenue": 100983
        },
        "2013-09": {
            "month": "2013-09",
            "price": "133.46",
            "revenue": 107529
        },
        "2013-10": {
            "month": "2013-10",
            "price": "124.93",
            "revenue": 102876
        },
        "2013-11": {
            "month": "2013-11",
            "price": "110.54",
            "revenue": 103543
        },
        "2013-12": {
            "month": "2013-12",
            "price": "101.40",
            "revenue": 178508
        },
        "2014-01": {
            "month": "2014-01",
            "price": "100.94",
            "revenue": 84976
        },
        "2014-02": {
            "month": "2014-02",
            "price": "94.21",
            "revenue": 89383
        },
        "2014-03": {
            "month": "2014-03",
            "price": "97.56",
            "revenue": 101295
        },
        "2014-04": {
            "month": "2014-04",
            "price": "98.18",
            "revenue": 101713
        },
        "2014-05": {
            "month": "2014-05",
            "price": "82.33",
            "revenue": 113294
        },
        "2014-06": {
            "month": "2014-06",
            "price": "78.78",
            "revenue": 133517
        },
        "2014-07": {
            "month": "2014-07",
            "price": "88.51",
            "revenue": 151164
        },
        "2014-08": {
            "month": "2014-08",
            "price": "72.38",
            "revenue": 136214
        },
        "2014-09": {
            "month": "2014-09",
            "price": "71.53",
            "revenue": 130980
        },
        "2014-10": {
            "month": "2014-10",
            "price": "74.63",
            "revenue": 115698
        },
        "2014-11": {
            "month": "2014-11",
            "price": "76.70",
            "revenue": 120227
        },
        "2014-12": {
            "month": "2014-12",
            "price": "85.45",
            "revenue": 181578
        },
        "2015-01": {
            "month": "2015-01",
            "price": "79.36",
            "revenue": 137588
        },
        "2015-02": {
            "month": "2015-02",
            "price": "74.62",
            "revenue": 126934
        },
        "2015-03": {
            "month": "2015-03",
            "price": "75.19",
            "revenue": 155276
        },
        "2015-04": {
            "month": "2015-04",
            "price": "82.38",
            "revenue": 151190
        },
        "2015-05": {
            "month": "2015-05",
            "price": "78.40",
            "revenue": 162777
        },
        "2015-06": {
            "month": "2015-06",
            "price": "83.12",
            "revenue": 170315
        },
        "2015-07": {
            "month": "2015-07",
            "price": "86.13",
            "revenue": 183514
        },
        "2015-08": {
            "month": "2015-08",
            "price": "74.62",
            "revenue": 187380
        },
        "2015-09": {
            "month": "2015-09",
            "price": "80.04",
            "revenue": 192961
        },
        "2015-10": {
            "month": "2015-10",
            "price": "96.00",
            "revenue": 176534
        },
        "2015-11": {
            "month": "2015-11",
            "price": "100.48",
            "revenue": 210556
        },
        "2015-12": {
            "month": "2015-12",
            "price": "116.54",
            "revenue": 220547
        },
        "2016-01": {
            "month": "2016-01",
            "price": "123.29",
            "revenue": 212467
        },
        "2016-02": {
            "month": "2016-02",
            "price": "125.77",
            "revenue": 197625
        },
        "2016-03": {
            "month": "2016-03",
            "price": "126.20",
            "revenue": 230263
        },
        "2016-04": {
            "month": "2016-04",
            "price": "134.95",
            "revenue": 242919
        },
        "2016-05": {
            "month": "2016-05",
            "price": "140.95",
            "revenue": 231309
        },
        "2016-06": {
            "month": "2016-06",
            "price": "149.76",
            "revenue": 259010
        },
        "2016-07": {
            "month": "2016-07",
            "price": "142.92",
            "revenue": 273312
        },
        "2016-08": {
            "month": "2016-08",
            "price": "141.98",
            "revenue": 297802
        },
        "2016-09": {
            "month": "2016-09",
            "price": "159.08",
            "revenue": 280573
        },
        "2016-10": {
            "month": "2016-10",
            "price": "173.28",
            "revenue": 265035
        },
        "2016-11": {
            "month": "2016-11",
            "price": "170.57",
            "revenue": 304862
        },
        "2016-12": {
            "month": "2016-12",
            "price": "167.27",
            "revenue": 315942
        },
        "2017-01": {
            "month": "2017-01",
            "price": "152.88",
            "revenue": 265186
        },
        "2017-02": {
            "month": "2017-02",
            "price": "165.69",
            "revenue": 273693
        },
        "2017-03": {
            "month": "2017-03",
            "price": "175.22",
            "revenue": 302470
        },
        "2017-04": {
            "month": "2017-04",
            "price": "171.81",
            "revenue": 284303
        },
        "2017-05": {
            "month": "2017-05",
            "price": "171.38",
            "revenue": 305564
        },
        "2017-06": {
            "month": "2017-06",
            "price": "181.57",
            "revenue": 334188
        },
        "2017-07": {
            "month": "2017-07",
            "price": "182.43",
            "revenue": 357205
        },
        "2017-08": {
            "month": "2017-08",
            "price": "180.52",
            "revenue": 388136
        },
        "2017-09": {
            "month": "2017-09",
            "price": "192.09",
            "revenue": 392359
        },
        "2017-10": {
            "month": "2017-10",
            "price": "193.89",
            "revenue": 334397
        },
        "2017-11": {
            "month": "2017-11",
            "price": "241.70",
            "revenue": 412529
        },
        "2017-12": {
            "month": "2017-12",
            "price": "278.33",
            "revenue": 436764
        },
        "2018-01": {
            "month": "2018-01",
            "price": "296.36",
            "revenue": 414827
        },
        "2018-02": {
            "month": "2018-02",
            "price": "312.23",
            "revenue": 405765
        },
        "2018-03": {
            "month": "2018-03",
            "price": "382.85",
            "revenue": 454785
        },
        "2018-04": {
            "month": "2018-04",
            "price": "436.14",
            "revenue": 482220
        },
        "2018-05": {
            "month": "2018-05",
            "price": "423.43",
            "revenue": 521242
        },
        "2018-06": {
            "month": "2018-06",
            "price": "438.90",
            "revenue": 622883
        },
        "2018-07": {
            "month": "2018-07",
            "price": "545.05",
            "revenue": 712879
        },
        "2018-08": {
            "month": "2018-08",
            "price": "537.26",
            "revenue": 809518
        },
        "2018-09": {
            "month": "2018-09",
            "price": "532.74",
            "revenue": 881644
        },
        "2018-10": {
            "month": "2018-10",
            "price": "409.75",
            "revenue": 899874
        },
        "2018-11": {
            "month": "2018-11",
            "price": "457.05",
            "revenue": 924886
        },
        "2018-12": {
            "month": "2018-12",
            "price": "512.17",
            "revenue": 967892
        },
        "2019-01": {
            "month": "2019-01",
            "price": "479.36",
            "revenue": 909746
        },
        "2019-02": {
            "month": "2019-02",
            "price": "474.00",
            "revenue": 825069
        },
        "2019-03": {
            "month": "2019-03",
            "price": "425.85",
            "revenue": 849282
        },
        "2019-04": {
            "month": "2019-04",
            "price": "441.52",
            "revenue": 915398
        },
        "2019-05": {
            "month": "2019-05",
            "price": "490.41",
            "revenue": 858188
        },
        "2019-06": {
            "month": "2019-06",
            "price": "464.34",
            "revenue": 808141
        },
        "2019-07": {
            "month": "2019-07",
            "price": "419.57",
            "revenue": 820141
        },
        "2019-08": {
            "month": "2019-08",
            "price": "328.07",
            "revenue": 613628
        },
        "2019-09": {
            "month": "2019-09",
            "price": "301.26",
            "revenue": 637130
        },
        "2019-10": {
            "month": "2019-10",
            "price": "322.98",
            "revenue": 719276
        },
        "2019-11": {
            "month": "2019-11",
            "price": "322.52",
            "revenue": 797028
        },
        "2019-12": {
            "month": "2019-12",
            "price": "301.18",
            "revenue": 813105
        },
        "2020-01": {
            "month": "2020-01",
            "price": "271.93",
            "revenue": 511734
        },
        "2020-02": {
            "month": "2020-02",
            "price": "230.05",
            "revenue": 569830
        },
        "2020-03": {
            "month": "2020-03",
            "price": "188.68",
            "revenue": 723600
        },
        "2020-04": {
            "month": "2020-04",
            "price": "215.15",
            "revenue": 733948
        },
        "2020-05": {
            "month": "2020-05",
            "price": "253.82",
            "revenue": 726383
        },
        "2020-06": {
            "month": "2020-06",
            "price": "272.18",
            "revenue": 746753
        },
        "2020-07": {
            "month": "2020-07",
            "price": "275.61",
            "revenue": 752079
        },
        "2020-08": {
            "month": "2020-08",
            "price": "310.40",
            "revenue": 760499
        },
        "2020-09": {
            "month": "2020-09",
            "price": "295.57",
            "revenue": 644154
        },
        "2020-10": {
            "month": "2020-10",
            "price": "236.21",
            "revenue": 631006
        },
        "2020-11": {
            "month": "2020-11",
            "price": "224.71",
            "revenue": 686734
        },
        "2020-12": {
            "month": "2020-12",
            "price": "210.59",
            "revenue": 737131
        },
        "2021-01": {
            "month": "2021-01",
            "price": "197.60",
            "revenue": 613530
        },
        "2021-02": {
            "month": "2021-02",
            "price": "203.46",
            "revenue": 523017
        },
        "2021-03": {
            "month": "2021-03",
            "price": "215.59",
            "revenue": 809383
        },
        "2021-04": {
            "month": "2021-04",
            "price": "239.18",
            "revenue": 800797
        },
        "2021-05": {
            "month": "2021-05",
            "price": "234.26",
            "revenue": 732648
        },
        "2021-06": {
            "month": "2021-06",
            "price": "245.21",
            "revenue": 807034
        },
        "2021-07": {
            "month": "2021-07",
            "price": "279.86",
            "revenue": 835725
        },
        "2021-08": {
            "month": "2021-08",
            "price": "284.57",
            "revenue": 839908
        },
        "2021-09": {
            "month": "2021-09",
            "price": "243.90",
            "revenue": 701783
        },
        "2021-10": {
            "month": "2021-10",
            "price": "222.00",
            "revenue": 639649
        },
        "2021-11": {
            "month": "2021-11",
            "price": "215.41",
            "revenue": 634966
        },
        "2021-12": {
            "month": "2021-12",
            "price": "205.70",
            "revenue": 640672
        },
        "2022-01": {
            "month": "2022-01",
            "price": "198.25",
            "revenue": 623941
        },
        "2022-02": {
            "month": "2022-02",
            "price": "200.53",
            "revenue": 484585
        },
        "2022-03": {
            "month": "2022-03",
            "price": "200.35",
            "revenue": 549459
        },
        "2022-04": {
            "month": "2022-04",
            "price": "175.55",
            "revenue": 570736
        },
        "2022-05": {
            "month": "2022-05",
            "price": "152.71",
            "revenue": 629151
        },
        "2022-06": {
            "month": "2022-06",
            "price": "158.69",
            "revenue": 649221
        },
        "2022-07": {
            "month": "2022-07",
            "price": "147.12",
            "revenue": 637598
        },
        "2022-08": {
            "month": "2022-08",
            "price": "135.30",
            "revenue": 715953
        },
        "2022-09": {
            "month": "2022-09",
            "price": "140.60",
            "revenue": 706778
        },
        "2022-10": {
            "month": "2022-10",
            "price": "116.62",
            "revenue": 619129
        },
        "2022-11": {
            "month": "2022-11",
            "price": "120.98",
            "revenue": 640546
        },
        "2022-12": {
            "month": "2022-12",
            "price": "166.09",
            "revenue": 603802
        },
        "2023-01": {
            "month": "2023-01",
            "price": "175.69",
            "revenue": 661903
        },
        "2023-02": {
            "month": "2023-02",
            "price": "207.89",
            "revenue": 561018
        },
        "2023-03": {
            "month": "2023-03",
            "price": "202.93",
            "revenue": 649936
        },
        "2023-04": {
            "month": "2023-04",
            "price": "209.00",
            "revenue": 613254
        },
        "2023-05": {
            "month": "2023-05",
            "price": "186.86",
            "revenue": 663820
        },
        "2023-06": {
            "month": "2023-06",
            "price": "176.92",
            "revenue": 692009
        },
        "2023-07": {
            "month": "2023-07",
            "price": "176.62",
            "revenue": 699750
        },
        "2023-08": {
            "month": "2023-08",
            "price": "163.89",
            "revenue": 781469
        },
        "2023-09": {
            "month": "2023-09",
            "price": "172.95",
            "revenue": 726812
        },
        "2023-10": {
            "month": "2023-10",
            "price": "175.90",
            "revenue": 669791
        },
        "2023-11": {
            "month": "2023-11",
            "price": "173.34",
            "revenue": 641719
        }
    }
}
