{
    "summary": {
        "stock_name": "大地-KY",
        "stock_id": "8437",
        "category": "其他",
        "main_business": "教育諮詢<br>幼教用品銷售<br>幼教軟體銷售",
        "website_url": "http://www.edudadi.com/",
        "ceo": "程釱坤",
        "pe_ratio": 20,
        "report_year_from": 2013,
        "report_year_to": 2023,
        "age": 11,
        "eps_negative_percentage": 0,
        "eps_growth_avg": {
            "last_all": 7.9,
            "last_2y": -4.11,
            "last_4y": -16.71,
            "last_8y": 7.9,
            "last_12y": null,
            "last_16y": null,
            "last_20y": null,
            "at_2006_last_3y": null,
            "at_2007_last_3y": null,
            "at_2008_last_3y": null,
            "at_2009_last_3y": null,
            "at_2010_last_3y": null,
            "at_2011_last_3y": null,
            "at_2012_last_3y": null,
            "at_2013_last_3y": null,
            "at_2014_last_3y": null,
            "at_2015_last_3y": null,
            "at_2016_last_3y": null,
            "at_2017_last_3y": null,
            "at_2018_last_3y": 38.66,
            "at_2019_last_3y": 18.59,
            "at_2020_last_3y": -9.38,
            "at_2021_last_3y": 9.22,
            "at_2022_last_3y": -0.67,
            "at_2023_last_3y": -23.72,
            "at_2024_last_3y": -23.72,
            "at_2006_last_all": null,
            "at_2007_last_all": null,
            "at_2008_last_all": null,
            "at_2009_last_all": null,
            "at_2010_last_all": null,
            "at_2011_last_all": null,
            "at_2012_last_all": null,
            "at_2013_last_all": null,
            "at_2014_last_all": null,
            "at_2015_last_all": null,
            "at_2016_last_all": 60.47,
            "at_2017_last_all": 47.62,
            "at_2018_last_all": 38.66,
            "at_2019_last_all": 33.19,
            "at_2020_last_all": 13.9,
            "at_2021_last_all": 25.68,
            "at_2022_last_all": 18.99,
            "at_2023_last_all": 7.9,
            "at_2024_last_all": 7.9
        },
        "latest_eps": 1.64,
        "latest_price": 32.65,
        "latest_roe": 3.03,
        "latest_gross_margin": 55.19,
        "latest_equity": 2539597,
        "latest_revenue": 133421,
        "latest_gross_profit": 73631,
        "latest_net_income": 20812,
        "latest_debt_ratio": 21.52,
        "latest_current_ratio": 205.33,
        "latest_account_receivable_turnover_ratio": 0.45,
        "latest_inventory_turnover_ratio": 0.61,
        "latest_reinvestment_rate": -1.31,
        "latest_research_to_sale_ratio": 8.53
    },
    "eps_dividends": {
        "2001": {
            "cash": 0,
            "stock": 0,
            "eps": 0
        },
        "2002": {
            "cash": 0,
            "stock": 0,
            "eps": 0
        },
        "2003": {
            "cash": 0,
            "stock": 0,
            "eps": 0
        },
        "2004": {
            "cash": 0,
            "stock": 0,
            "eps": 0
        },
        "2005": {
            "cash": 0,
            "stock": 0,
            "eps": 0
        },
        "2006": {
            "cash": 0,
            "stock": 0,
            "eps": 0
        },
        "2007": {
            "cash": 0,
            "stock": 0,
            "eps": 0
        },
        "2008": {
            "cash": 0,
            "stock": 0,
            "eps": 0
        },
        "2009": {
            "cash": 0,
            "stock": 0,
            "eps": 0
        },
        "2010": {
            "cash": 0,
            "stock": 0,
            "eps": 0
        },
        "2011": {
            "cash": 0,
            "stock": 0,
            "eps": 0
        },
        "2012": {
            "cash": 0,
            "stock": 0,
            "eps": 0
        },
        "2013": {
            "cash": 2,
            "stock": 0,
            "eps": 0
        },
        "2014": {
            "cash": 2,
            "stock": 0,
            "eps": 4.16
        },
        "2015": {
            "cash": 3.5,
            "stock": 0,
            "eps": 7.97
        },
        "2016": {
            "cash": 4.65,
            "stock": 0,
            "eps": 10.31
        },
        "2017": {
            "cash": 6.15,
            "stock": 0.2,
            "eps": 12.57
        },
        "2018": {
            "cash": 7.1,
            "stock": 0.5,
            "eps": 14.05
        },
        "2019": {
            "cash": 8.25,
            "stock": 2.5,
            "eps": 15.64
        },
        "2020": {
            "cash": 7.5,
            "stock": 0,
            "eps": 2.73
        },
        "2021": {
            "cash": 3,
            "stock": 0,
            "eps": 5.36
        },
        "2022": {
            "cash": 4,
            "stock": 0,
            "eps": 3.87
        },
        "2023": {
            "cash": 2.65,
            "stock": 0,
            "eps": 0.74
        }
    },
    "dividends": {
        "2013-07-22": {
            "cash": 2,
            "stock": 0
        },
        "2014-05-17": {
            "cash": 2,
            "stock": 0
        },
        "2015-08-21": {
            "cash": 3.5,
            "stock": 0
        },
        "2016-08-22": {
            "cash": 4.65,
            "stock": 0
        },
        "2017-08-30": {
            "cash": 6.15,
            "stock": 0.2
        },
        "2018-08-30": {
            "cash": 7.1,
            "stock": 0.5
        },
        "2019-08-30": {
            "cash": 8.25,
            "stock": 2.5
        },
        "2020-08-31": {
            "cash": 7.5,
            "stock": 0
        },
        "2021-08-30": {
            "cash": 3,
            "stock": 0
        },
        "2022-08-31": {
            "cash": 4,
            "stock": 0
        },
        "2023-08-30": {
            "cash": 2.65,
            "stock": 0
        }
    },
    "prices": {
        "200101": "無",
        "200102": "無",
        "200103": "無",
        "200104": "無",
        "200105": "無",
        "200106": "無",
        "200107": "無",
        "200108": "無",
        "200109": "無",
        "200110": "無",
        "200111": "無",
        "200112": "無",
        "200201": "無",
        "200202": "無",
        "200203": "無",
        "200204": "無",
        "200205": "無",
        "200206": "無",
        "200207": "無",
        "200208": "無",
        "200209": "無",
        "200210": "無",
        "200211": "無",
        "200212": "無",
        "200301": "無",
        "200302": "無",
        "200303": "無",
        "200304": "無",
        "200305": "無",
        "200306": "無",
        "200307": "無",
        "200308": "無",
        "200309": "無",
        "200310": "無",
        "200311": "無",
        "200312": "無",
        "200401": "無",
        "200402": "無",
        "200403": "無",
        "200404": "無",
        "200405": "無",
        "200406": "無",
        "200407": "無",
        "200408": "無",
        "200409": "無",
        "200410": "無",
        "200411": "無",
        "200412": "無",
        "200501": "無",
        "200502": "無",
        "200503": "無",
        "200504": "無",
        "200505": "無",
        "200506": "無",
        "200507": "無",
        "200508": "無",
        "200509": "無",
        "200510": "無",
        "200511": "無",
        "200512": "無",
        "200601": "無",
        "200602": "無",
        "200603": "無",
        "200604": "無",
        "200605": "無",
        "200606": "無",
        "200607": "無",
        "200608": "無",
        "200609": "無",
        "200610": "無",
        "200611": "無",
        "200612": "無",
        "200701": "無",
        "200702": "無",
        "200703": "無",
        "200704": "無",
        "200705": "無",
        "200706": "無",
        "200707": "無",
        "200708": "無",
        "200709": "無",
        "200710": "無",
        "200711": "無",
        "200712": "無",
        "200801": "無",
        "200802": "無",
        "200803": "無",
        "200804": "無",
        "200805": "無",
        "200806": "無",
        "200807": "無",
        "200808": "無",
        "200809": "無",
        "200810": "無",
        "200811": "無",
        "200812": "無",
        "200901": "無",
        "200902": "無",
        "200903": "無",
        "200904": "無",
        "200905": "無",
        "200906": "無",
        "200907": "無",
        "200908": "無",
        "200909": "無",
        "200910": "無",
        "200911": "無",
        "200912": "無",
        "201001": "無",
        "201002": "無",
        "201003": "無",
        "201004": "無",
        "201005": "無",
        "201006": "無",
        "201007": "無",
        "201008": "無",
        "201009": "無",
        "201010": "無",
        "201011": "無",
        "201012": "無",
        "201101": "無",
        "201102": "無",
        "201103": "無",
        "201104": "無",
        "201105": "無",
        "201106": "無",
        "201107": "無",
        "201108": "無",
        "201109": "無",
        "201110": "無",
        "201111": "無",
        "201112": "無",
        "201201": "無",
        "201202": "無",
        "201203": "無",
        "201204": "無",
        "201205": "無",
        "201206": "無",
        "201207": "無",
        "201208": "無",
        "201209": "無",
        "201210": "無",
        "201211": "無",
        "201212": "無",
        "201301": "無",
        "201302": "無",
        "201303": "無",
        "201304": "無",
        "201305": "無",
        "201306": "無",
        "201307": "無",
        "201308": "無",
        "201309": "無",
        "201310": "無",
        "201311": "無",
        "201312": "無",
        "201401": "無",
        "201402": "無",
        "201403": "無",
        "201404": "無",
        "201405": "無",
        "201406": "無",
        "201407": "無",
        "201408": "無",
        "201409": "無",
        "201410": "無",
        "201411": "無",
        "201412": "無",
        "201501": "無",
        "201502": "無",
        "201503": "無",
        "201504": "無",
        "201505": "152.89",
        "201506": "144.95",
        "201507": "148.55",
        "201508": "124.86",
        "201509": "109.22",
        "201510": "122.26",
        "201511": "142.62",
        "201512": "137.00",
        "201601": "143.86",
        "201602": "153.77",
        "201603": "161.37",
        "201604": "169.21",
        "201605": "168.52",
        "201606": "172.98",
        "201607": "180.72",
        "201608": "184.17",
        "201609": "189.74",
        "201610": "192.85",
        "201611": "181.93",
        "201612": "186.23",
        "201701": "176.88",
        "201702": "176.08",
        "201703": "176.78",
        "201704": "176.06",
        "201705": "181.32",
        "201706": "177.22",
        "201707": "174.24",
        "201708": "172.17",
        "201709": "170.91",
        "201710": "172.34",
        "201711": "185.30",
        "201712": "217.00",
        "201801": "244.64",
        "201802": "249.42",
        "201803": "265.24",
        "201804": "238.58",
        "201805": "256.27",
        "201806": "251.00",
        "201807": "248.50",
        "201808": "216.91",
        "201809": "213.53",
        "201810": "212.02",
        "201811": "212.34",
        "201812": "206.24",
        "201901": "204.02",
        "201902": "210.85",
        "201903": "231.60",
        "201904": "246.35",
        "201905": "256.41",
        "201906": "261.11",
        "201907": "278.65",
        "201908": "242.95",
        "201909": "252.11",
        "201910": "254.81",
        "201911": "245.81",
        "201912": "238.36",
        "202001": "236.20",
        "202002": "218.21",
        "202003": "184.93",
        "202004": "175.28",
        "202005": "186.82",
        "202006": "192.95",
        "202007": "181.98",
        "202008": "174.14",
        "202009": "179.41",
        "202010": "178.05",
        "202011": "179.83",
        "202012": "178.07",
        "202101": "161.02",
        "202102": "161.54",
        "202103": "181.73",
        "202104": "180.50",
        "202105": "171.26",
        "202106": "175.93",
        "202107": "179.43",
        "202108": "165.18",
        "202109": "157.62",
        "202110": "152.02",
        "202111": "149.73",
        "202112": "145.07",
        "202201": "140.33",
        "202202": "138.63",
        "202203": "121.30",
        "202204": "114.86",
        "202205": "103.00",
        "202206": "112.50",
        "202207": "115.33",
        "202208": "109.41",
        "202209": "98.98",
        "202210": "86.50",
        "202211": "83.02",
        "202212": "102.34",
        "202301": "101.46",
        "202302": "110.58",
        "202303": "118.20",
        "202304": "112.38",
        "202305": "106.93",
        "202306": "100.90",
        "202307": "99.71",
        "202308": "90.36",
        "202309": "78.43",
        "202310": "62.00",
        "202311": "49.02",
        "202312": "49.40"
    },
    "quarters": {
        "20011": {
            "year_quarter": 20011,
            "year": 2001,
            "quarter": 1,
            "eps": null,
            "eps_growth_year": null,
            "eps_4q": null,
            "eps_4q_growth_year": null,
            "roe": null,
            "roe_4q": 0,
            "gross_profit": null,
            "gross_margin": null,
            "gross_margin_4q_avg": 0,
            "net_income": null,
            "net_income_4q": null,
            "revenue": null,
            "revenue_4q": null,
            "common_shares": null,
            "book_valuer_per_share": null,
            "book_valuer_per_share_4q_avg": 0,
            "equity": null,
            "current_ratio": null,
            "debt_ratio": null,
            "inventory_turnover_ratio": null,
            "account_receivable_turnover_ratio": null,
            "reinvestment_rate": null,
            "research_to_sale_ratio": null,
            "price_fair": 0,
            "eps_avg_yearly": 0,
            "eps_latest_yearly": 0,
            "eps_growth_yearly": 0
        },
        "20012": {
            "year_quarter": 20012,
            "year": 2001,
            "quarter": 2,
            "eps": null,
            "eps_growth_year": null,
            "eps_4q": null,
            "eps_4q_growth_year": null,
            "roe": null,
            "roe_4q": 0,
            "gross_profit": null,
            "gross_margin": null,
            "gross_margin_4q_avg": 0,
            "net_income": null,
            "net_income_4q": null,
            "revenue": null,
            "revenue_4q": null,
            "common_shares": null,
            "book_valuer_per_share": null,
            "book_valuer_per_share_4q_avg": 0,
            "equity": null,
            "current_ratio": null,
            "debt_ratio": null,
            "inventory_turnover_ratio": null,
            "account_receivable_turnover_ratio": null,
            "reinvestment_rate": null,
            "research_to_sale_ratio": null,
            "price_fair": 0,
            "eps_avg_yearly": 0,
            "eps_latest_yearly": 0,
            "eps_growth_yearly": 0
        },
        "20013": {
            "year_quarter": 20013,
            "year": 2001,
            "quarter": 3,
            "eps": null,
            "eps_growth_year": null,
            "eps_4q": null,
            "eps_4q_growth_year": null,
            "roe": null,
            "roe_4q": 0,
            "gross_profit": null,
            "gross_margin": null,
            "gross_margin_4q_avg": 0,
            "net_income": null,
            "net_income_4q": null,
            "revenue": null,
            "revenue_4q": null,
            "common_shares": null,
            "book_valuer_per_share": null,
            "book_valuer_per_share_4q_avg": 0,
            "equity": null,
            "current_ratio": null,
            "debt_ratio": null,
            "inventory_turnover_ratio": null,
            "account_receivable_turnover_ratio": null,
            "reinvestment_rate": null,
            "research_to_sale_ratio": null,
            "price_fair": 0,
            "eps_avg_yearly": 0,
            "eps_latest_yearly": 0,
            "eps_growth_yearly": 0
        },
        "20014": {
            "year_quarter": 20014,
            "year": 2001,
            "quarter": 4,
            "eps": null,
            "eps_growth_year": null,
            "eps_4q": null,
            "eps_4q_growth_year": null,
            "roe": null,
            "roe_4q": 0,
            "gross_profit": null,
            "gross_margin": null,
            "gross_margin_4q_avg": 0,
            "net_income": null,
            "net_income_4q": null,
            "revenue": null,
            "revenue_4q": null,
            "common_shares": null,
            "book_valuer_per_share": null,
            "book_valuer_per_share_4q_avg": 0,
            "equity": null,
            "current_ratio": null,
            "debt_ratio": null,
            "inventory_turnover_ratio": null,
            "account_receivable_turnover_ratio": null,
            "reinvestment_rate": null,
            "research_to_sale_ratio": null,
            "price_fair": 0,
            "eps_avg_yearly": 0,
            "eps_latest_yearly": 0,
            "eps_growth_yearly": 0
        },
        "20021": {
            "year_quarter": 20021,
            "year": 2002,
            "quarter": 1,
            "eps": null,
            "eps_growth_year": null,
            "eps_4q": null,
            "eps_4q_growth_year": null,
            "roe": null,
            "roe_4q": 0,
            "gross_profit": null,
            "gross_margin": null,
            "gross_margin_4q_avg": 0,
            "net_income": null,
            "net_income_4q": null,
            "revenue": null,
            "revenue_4q": null,
            "common_shares": null,
            "book_valuer_per_share": null,
            "book_valuer_per_share_4q_avg": 0,
            "equity": null,
            "current_ratio": null,
            "debt_ratio": null,
            "inventory_turnover_ratio": null,
            "account_receivable_turnover_ratio": null,
            "reinvestment_rate": null,
            "research_to_sale_ratio": null,
            "price_fair": 0,
            "eps_avg_yearly": 0,
            "eps_latest_yearly": 0,
            "eps_growth_yearly": 0
        },
        "20022": {
            "year_quarter": 20022,
            "year": 2002,
            "quarter": 2,
            "eps": null,
            "eps_growth_year": null,
            "eps_4q": null,
            "eps_4q_growth_year": null,
            "roe": null,
            "roe_4q": 0,
            "gross_profit": null,
            "gross_margin": null,
            "gross_margin_4q_avg": 0,
            "net_income": null,
            "net_income_4q": null,
            "revenue": null,
            "revenue_4q": null,
            "common_shares": null,
            "book_valuer_per_share": null,
            "book_valuer_per_share_4q_avg": 0,
            "equity": null,
            "current_ratio": null,
            "debt_ratio": null,
            "inventory_turnover_ratio": null,
            "account_receivable_turnover_ratio": null,
            "reinvestment_rate": null,
            "research_to_sale_ratio": null,
            "price_fair": 0,
            "eps_avg_yearly": 0,
            "eps_latest_yearly": 0,
            "eps_growth_yearly": 0
        },
        "20023": {
            "year_quarter": 20023,
            "year": 2002,
            "quarter": 3,
            "eps": null,
            "eps_growth_year": null,
            "eps_4q": null,
            "eps_4q_growth_year": null,
            "roe": null,
            "roe_4q": 0,
            "gross_profit": null,
            "gross_margin": null,
            "gross_margin_4q_avg": 0,
            "net_income": null,
            "net_income_4q": null,
            "revenue": null,
            "revenue_4q": null,
            "common_shares": null,
            "book_valuer_per_share": null,
            "book_valuer_per_share_4q_avg": 0,
            "equity": null,
            "current_ratio": null,
            "debt_ratio": null,
            "inventory_turnover_ratio": null,
            "account_receivable_turnover_ratio": null,
            "reinvestment_rate": null,
            "research_to_sale_ratio": null,
            "price_fair": 0,
            "eps_avg_yearly": 0,
            "eps_latest_yearly": 0,
            "eps_growth_yearly": 0
        },
        "20024": {
            "year_quarter": 20024,
            "year": 2002,
            "quarter": 4,
            "eps": null,
            "eps_growth_year": null,
            "eps_4q": null,
            "eps_4q_growth_year": null,
            "roe": null,
            "roe_4q": 0,
            "gross_profit": null,
            "gross_margin": null,
            "gross_margin_4q_avg": 0,
            "net_income": null,
            "net_income_4q": null,
            "revenue": null,
            "revenue_4q": null,
            "common_shares": null,
            "book_valuer_per_share": null,
            "book_valuer_per_share_4q_avg": 0,
            "equity": null,
            "current_ratio": null,
            "debt_ratio": null,
            "inventory_turnover_ratio": null,
            "account_receivable_turnover_ratio": null,
            "reinvestment_rate": null,
            "research_to_sale_ratio": null,
            "price_fair": 0,
            "eps_avg_yearly": 0,
            "eps_latest_yearly": 0,
            "eps_growth_yearly": 0
        },
        "20031": {
            "year_quarter": 20031,
            "year": 2003,
            "quarter": 1,
            "eps": null,
            "eps_growth_year": null,
            "eps_4q": null,
            "eps_4q_growth_year": null,
            "roe": null,
            "roe_4q": 0,
            "gross_profit": null,
            "gross_margin": null,
            "gross_margin_4q_avg": 0,
            "net_income": null,
            "net_income_4q": null,
            "revenue": null,
            "revenue_4q": null,
            "common_shares": null,
            "book_valuer_per_share": null,
            "book_valuer_per_share_4q_avg": 0,
            "equity": null,
            "current_ratio": null,
            "debt_ratio": null,
            "inventory_turnover_ratio": null,
            "account_receivable_turnover_ratio": null,
            "reinvestment_rate": null,
            "research_to_sale_ratio": null,
            "price_fair": 0,
            "eps_avg_yearly": 0,
            "eps_latest_yearly": 0,
            "eps_growth_yearly": 0
        },
        "20032": {
            "year_quarter": 20032,
            "year": 2003,
            "quarter": 2,
            "eps": null,
            "eps_growth_year": null,
            "eps_4q": null,
            "eps_4q_growth_year": null,
            "roe": null,
            "roe_4q": 0,
            "gross_profit": null,
            "gross_margin": null,
            "gross_margin_4q_avg": 0,
            "net_income": null,
            "net_income_4q": null,
            "revenue": null,
            "revenue_4q": null,
            "common_shares": null,
            "book_valuer_per_share": null,
            "book_valuer_per_share_4q_avg": 0,
            "equity": null,
            "current_ratio": null,
            "debt_ratio": null,
            "inventory_turnover_ratio": null,
            "account_receivable_turnover_ratio": null,
            "reinvestment_rate": null,
            "research_to_sale_ratio": null,
            "price_fair": 0,
            "eps_avg_yearly": 0,
            "eps_latest_yearly": 0,
            "eps_growth_yearly": 0
        },
        "20033": {
            "year_quarter": 20033,
            "year": 2003,
            "quarter": 3,
            "eps": null,
            "eps_growth_year": null,
            "eps_4q": null,
            "eps_4q_growth_year": null,
            "roe": null,
            "roe_4q": 0,
            "gross_profit": null,
            "gross_margin": null,
            "gross_margin_4q_avg": 0,
            "net_income": null,
            "net_income_4q": null,
            "revenue": null,
            "revenue_4q": null,
            "common_shares": null,
            "book_valuer_per_share": null,
            "book_valuer_per_share_4q_avg": 0,
            "equity": null,
            "current_ratio": null,
            "debt_ratio": null,
            "inventory_turnover_ratio": null,
            "account_receivable_turnover_ratio": null,
            "reinvestment_rate": null,
            "research_to_sale_ratio": null,
            "price_fair": 0,
            "eps_avg_yearly": 0,
            "eps_latest_yearly": 0,
            "eps_growth_yearly": 0
        },
        "20034": {
            "year_quarter": 20034,
            "year": 2003,
            "quarter": 4,
            "eps": null,
            "eps_growth_year": null,
            "eps_4q": null,
            "eps_4q_growth_year": null,
            "roe": null,
            "roe_4q": 0,
            "gross_profit": null,
            "gross_margin": null,
            "gross_margin_4q_avg": 0,
            "net_income": null,
            "net_income_4q": null,
            "revenue": null,
            "revenue_4q": null,
            "common_shares": null,
            "book_valuer_per_share": null,
            "book_valuer_per_share_4q_avg": 0,
            "equity": null,
            "current_ratio": null,
            "debt_ratio": null,
            "inventory_turnover_ratio": null,
            "account_receivable_turnover_ratio": null,
            "reinvestment_rate": null,
            "research_to_sale_ratio": null,
            "price_fair": 0,
            "eps_avg_yearly": 0,
            "eps_latest_yearly": 0,
            "eps_growth_yearly": 0
        },
        "20041": {
            "year_quarter": 20041,
            "year": 2004,
            "quarter": 1,
            "eps": null,
            "eps_growth_year": null,
            "eps_4q": null,
            "eps_4q_growth_year": null,
            "roe": null,
            "roe_4q": 0,
            "gross_profit": null,
            "gross_margin": null,
            "gross_margin_4q_avg": 0,
            "net_income": null,
            "net_income_4q": null,
            "revenue": null,
            "revenue_4q": null,
            "common_shares": null,
            "book_valuer_per_share": null,
            "book_valuer_per_share_4q_avg": 0,
            "equity": null,
            "current_ratio": null,
            "debt_ratio": null,
            "inventory_turnover_ratio": null,
            "account_receivable_turnover_ratio": null,
            "reinvestment_rate": null,
            "research_to_sale_ratio": null,
            "price_fair": 0,
            "eps_avg_yearly": 0,
            "eps_latest_yearly": 0,
            "eps_growth_yearly": 0
        },
        "20042": {
            "year_quarter": 20042,
            "year": 2004,
            "quarter": 2,
            "eps": null,
            "eps_growth_year": null,
            "eps_4q": null,
            "eps_4q_growth_year": null,
            "roe": null,
            "roe_4q": 0,
            "gross_profit": null,
            "gross_margin": null,
            "gross_margin_4q_avg": 0,
            "net_income": null,
            "net_income_4q": null,
            "revenue": null,
            "revenue_4q": null,
            "common_shares": null,
            "book_valuer_per_share": null,
            "book_valuer_per_share_4q_avg": 0,
            "equity": null,
            "current_ratio": null,
            "debt_ratio": null,
            "inventory_turnover_ratio": null,
            "account_receivable_turnover_ratio": null,
            "reinvestment_rate": null,
            "research_to_sale_ratio": null,
            "price_fair": 0,
            "eps_avg_yearly": 0,
            "eps_latest_yearly": 0,
            "eps_growth_yearly": 0
        },
        "20043": {
            "year_quarter": 20043,
            "year": 2004,
            "quarter": 3,
            "eps": null,
            "eps_growth_year": null,
            "eps_4q": null,
            "eps_4q_growth_year": null,
            "roe": null,
            "roe_4q": 0,
            "gross_profit": null,
            "gross_margin": null,
            "gross_margin_4q_avg": 0,
            "net_income": null,
            "net_income_4q": null,
            "revenue": null,
            "revenue_4q": null,
            "common_shares": null,
            "book_valuer_per_share": null,
            "book_valuer_per_share_4q_avg": 0,
            "equity": null,
            "current_ratio": null,
            "debt_ratio": null,
            "inventory_turnover_ratio": null,
            "account_receivable_turnover_ratio": null,
            "reinvestment_rate": null,
            "research_to_sale_ratio": null,
            "price_fair": 0,
            "eps_avg_yearly": 0,
            "eps_latest_yearly": 0,
            "eps_growth_yearly": 0
        },
        "20044": {
            "year_quarter": 20044,
            "year": 2004,
            "quarter": 4,
            "eps": null,
            "eps_growth_year": null,
            "eps_4q": null,
            "eps_4q_growth_year": null,
            "roe": null,
            "roe_4q": 0,
            "gross_profit": null,
            "gross_margin": null,
            "gross_margin_4q_avg": 0,
            "net_income": null,
            "net_income_4q": null,
            "revenue": null,
            "revenue_4q": null,
            "common_shares": null,
            "book_valuer_per_share": null,
            "book_valuer_per_share_4q_avg": 0,
            "equity": null,
            "current_ratio": null,
            "debt_ratio": null,
            "inventory_turnover_ratio": null,
            "account_receivable_turnover_ratio": null,
            "reinvestment_rate": null,
            "research_to_sale_ratio": null,
            "price_fair": 0,
            "eps_avg_yearly": 0,
            "eps_latest_yearly": 0,
            "eps_growth_yearly": 0
        },
        "20051": {
            "year_quarter": 20051,
            "year": 2005,
            "quarter": 1,
            "eps": null,
            "eps_growth_year": null,
            "eps_4q": null,
            "eps_4q_growth_year": null,
            "roe": null,
            "roe_4q": 0,
            "gross_profit": null,
            "gross_margin": null,
            "gross_margin_4q_avg": 0,
            "net_income": null,
            "net_income_4q": null,
            "revenue": null,
            "revenue_4q": null,
            "common_shares": null,
            "book_valuer_per_share": null,
            "book_valuer_per_share_4q_avg": 0,
            "equity": null,
            "current_ratio": null,
            "debt_ratio": null,
            "inventory_turnover_ratio": null,
            "account_receivable_turnover_ratio": null,
            "reinvestment_rate": null,
            "research_to_sale_ratio": null,
            "price_fair": 0,
            "eps_avg_yearly": 0,
            "eps_latest_yearly": 0,
            "eps_growth_yearly": 0
        },
        "20052": {
            "year_quarter": 20052,
            "year": 2005,
            "quarter": 2,
            "eps": null,
            "eps_growth_year": null,
            "eps_4q": null,
            "eps_4q_growth_year": null,
            "roe": null,
            "roe_4q": 0,
            "gross_profit": null,
            "gross_margin": null,
            "gross_margin_4q_avg": 0,
            "net_income": null,
            "net_income_4q": null,
            "revenue": null,
            "revenue_4q": null,
            "common_shares": null,
            "book_valuer_per_share": null,
            "book_valuer_per_share_4q_avg": 0,
            "equity": null,
            "current_ratio": null,
            "debt_ratio": null,
            "inventory_turnover_ratio": null,
            "account_receivable_turnover_ratio": null,
            "reinvestment_rate": null,
            "research_to_sale_ratio": null,
            "price_fair": 0,
            "eps_avg_yearly": 0,
            "eps_latest_yearly": 0,
            "eps_growth_yearly": 0
        },
        "20053": {
            "year_quarter": 20053,
            "year": 2005,
            "quarter": 3,
            "eps": null,
            "eps_growth_year": null,
            "eps_4q": null,
            "eps_4q_growth_year": null,
            "roe": null,
            "roe_4q": 0,
            "gross_profit": null,
            "gross_margin": null,
            "gross_margin_4q_avg": 0,
            "net_income": null,
            "net_income_4q": null,
            "revenue": null,
            "revenue_4q": null,
            "common_shares": null,
            "book_valuer_per_share": null,
            "book_valuer_per_share_4q_avg": 0,
            "equity": null,
            "current_ratio": null,
            "debt_ratio": null,
            "inventory_turnover_ratio": null,
            "account_receivable_turnover_ratio": null,
            "reinvestment_rate": null,
            "research_to_sale_ratio": null,
            "price_fair": 0,
            "eps_avg_yearly": 0,
            "eps_latest_yearly": 0,
            "eps_growth_yearly": 0
        },
        "20054": {
            "year_quarter": 20054,
            "year": 2005,
            "quarter": 4,
            "eps": null,
            "eps_growth_year": null,
            "eps_4q": null,
            "eps_4q_growth_year": null,
            "roe": null,
            "roe_4q": 0,
            "gross_profit": null,
            "gross_margin": null,
            "gross_margin_4q_avg": 0,
            "net_income": null,
            "net_income_4q": null,
            "revenue": null,
            "revenue_4q": null,
            "common_shares": null,
            "book_valuer_per_share": null,
            "book_valuer_per_share_4q_avg": 0,
            "equity": null,
            "current_ratio": null,
            "debt_ratio": null,
            "inventory_turnover_ratio": null,
            "account_receivable_turnover_ratio": null,
            "reinvestment_rate": null,
            "research_to_sale_ratio": null,
            "price_fair": 0,
            "eps_avg_yearly": 0,
            "eps_latest_yearly": 0,
            "eps_growth_yearly": 0
        },
        "20061": {
            "year_quarter": 20061,
            "year": 2006,
            "quarter": 1,
            "eps": null,
            "eps_growth_year": null,
            "eps_4q": null,
            "eps_4q_growth_year": null,
            "roe": null,
            "roe_4q": 0,
            "gross_profit": null,
            "gross_margin": null,
            "gross_margin_4q_avg": 0,
            "net_income": null,
            "net_income_4q": null,
            "revenue": null,
            "revenue_4q": null,
            "common_shares": null,
            "book_valuer_per_share": null,
            "book_valuer_per_share_4q_avg": 0,
            "equity": null,
            "current_ratio": null,
            "debt_ratio": null,
            "inventory_turnover_ratio": null,
            "account_receivable_turnover_ratio": null,
            "reinvestment_rate": null,
            "research_to_sale_ratio": null,
            "price_fair": 0,
            "eps_avg_yearly": 0,
            "eps_latest_yearly": 0,
            "eps_growth_yearly": 0
        },
        "20062": {
            "year_quarter": 20062,
            "year": 2006,
            "quarter": 2,
            "eps": null,
            "eps_growth_year": null,
            "eps_4q": null,
            "eps_4q_growth_year": null,
            "roe": null,
            "roe_4q": 0,
            "gross_profit": null,
            "gross_margin": null,
            "gross_margin_4q_avg": 0,
            "net_income": null,
            "net_income_4q": null,
            "revenue": null,
            "revenue_4q": null,
            "common_shares": null,
            "book_valuer_per_share": null,
            "book_valuer_per_share_4q_avg": 0,
            "equity": null,
            "current_ratio": null,
            "debt_ratio": null,
            "inventory_turnover_ratio": null,
            "account_receivable_turnover_ratio": null,
            "reinvestment_rate": null,
            "research_to_sale_ratio": null,
            "price_fair": 0,
            "eps_avg_yearly": 0,
            "eps_latest_yearly": 0,
            "eps_growth_yearly": 0
        },
        "20063": {
            "year_quarter": 20063,
            "year": 2006,
            "quarter": 3,
            "eps": null,
            "eps_growth_year": null,
            "eps_4q": null,
            "eps_4q_growth_year": null,
            "roe": null,
            "roe_4q": 0,
            "gross_profit": null,
            "gross_margin": null,
            "gross_margin_4q_avg": 0,
            "net_income": null,
            "net_income_4q": null,
            "revenue": null,
            "revenue_4q": null,
            "common_shares": null,
            "book_valuer_per_share": null,
            "book_valuer_per_share_4q_avg": 0,
            "equity": null,
            "current_ratio": null,
            "debt_ratio": null,
            "inventory_turnover_ratio": null,
            "account_receivable_turnover_ratio": null,
            "reinvestment_rate": null,
            "research_to_sale_ratio": null,
            "price_fair": 0,
            "eps_avg_yearly": 0,
            "eps_latest_yearly": 0,
            "eps_growth_yearly": 0
        },
        "20064": {
            "year_quarter": 20064,
            "year": 2006,
            "quarter": 4,
            "eps": null,
            "eps_growth_year": null,
            "eps_4q": null,
            "eps_4q_growth_year": null,
            "roe": null,
            "roe_4q": 0,
            "gross_profit": null,
            "gross_margin": null,
            "gross_margin_4q_avg": 0,
            "net_income": null,
            "net_income_4q": null,
            "revenue": null,
            "revenue_4q": null,
            "common_shares": null,
            "book_valuer_per_share": null,
            "book_valuer_per_share_4q_avg": 0,
            "equity": null,
            "current_ratio": null,
            "debt_ratio": null,
            "inventory_turnover_ratio": null,
            "account_receivable_turnover_ratio": null,
            "reinvestment_rate": null,
            "research_to_sale_ratio": null,
            "price_fair": 0,
            "eps_avg_yearly": 0,
            "eps_latest_yearly": 0,
            "eps_growth_yearly": 0
        },
        "20071": {
            "year_quarter": 20071,
            "year": 2007,
            "quarter": 1,
            "eps": null,
            "eps_growth_year": null,
            "eps_4q": null,
            "eps_4q_growth_year": null,
            "roe": null,
            "roe_4q": 0,
            "gross_profit": null,
            "gross_margin": null,
            "gross_margin_4q_avg": 0,
            "net_income": null,
            "net_income_4q": null,
            "revenue": null,
            "revenue_4q": null,
            "common_shares": null,
            "book_valuer_per_share": null,
            "book_valuer_per_share_4q_avg": 0,
            "equity": null,
            "current_ratio": null,
            "debt_ratio": null,
            "inventory_turnover_ratio": null,
            "account_receivable_turnover_ratio": null,
            "reinvestment_rate": null,
            "research_to_sale_ratio": null,
            "price_fair": 0,
            "eps_avg_yearly": 0,
            "eps_latest_yearly": 0,
            "eps_growth_yearly": 0
        },
        "20072": {
            "year_quarter": 20072,
            "year": 2007,
            "quarter": 2,
            "eps": null,
            "eps_growth_year": null,
            "eps_4q": null,
            "eps_4q_growth_year": null,
            "roe": null,
            "roe_4q": 0,
            "gross_profit": null,
            "gross_margin": null,
            "gross_margin_4q_avg": 0,
            "net_income": null,
            "net_income_4q": null,
            "revenue": null,
            "revenue_4q": null,
            "common_shares": null,
            "book_valuer_per_share": null,
            "book_valuer_per_share_4q_avg": 0,
            "equity": null,
            "current_ratio": null,
            "debt_ratio": null,
            "inventory_turnover_ratio": null,
            "account_receivable_turnover_ratio": null,
            "reinvestment_rate": null,
            "research_to_sale_ratio": null,
            "price_fair": 0,
            "eps_avg_yearly": 0,
            "eps_latest_yearly": 0,
            "eps_growth_yearly": 0
        },
        "20073": {
            "year_quarter": 20073,
            "year": 2007,
            "quarter": 3,
            "eps": null,
            "eps_growth_year": null,
            "eps_4q": null,
            "eps_4q_growth_year": null,
            "roe": null,
            "roe_4q": 0,
            "gross_profit": null,
            "gross_margin": null,
            "gross_margin_4q_avg": 0,
            "net_income": null,
            "net_income_4q": null,
            "revenue": null,
            "revenue_4q": null,
            "common_shares": null,
            "book_valuer_per_share": null,
            "book_valuer_per_share_4q_avg": 0,
            "equity": null,
            "current_ratio": null,
            "debt_ratio": null,
            "inventory_turnover_ratio": null,
            "account_receivable_turnover_ratio": null,
            "reinvestment_rate": null,
            "research_to_sale_ratio": null,
            "price_fair": 0,
            "eps_avg_yearly": 0,
            "eps_latest_yearly": 0,
            "eps_growth_yearly": 0
        },
        "20074": {
            "year_quarter": 20074,
            "year": 2007,
            "quarter": 4,
            "eps": null,
            "eps_growth_year": null,
            "eps_4q": null,
            "eps_4q_growth_year": null,
            "roe": null,
            "roe_4q": 0,
            "gross_profit": null,
            "gross_margin": null,
            "gross_margin_4q_avg": 0,
            "net_income": null,
            "net_income_4q": null,
            "revenue": null,
            "revenue_4q": null,
            "common_shares": null,
            "book_valuer_per_share": null,
            "book_valuer_per_share_4q_avg": 0,
            "equity": null,
            "current_ratio": null,
            "debt_ratio": null,
            "inventory_turnover_ratio": null,
            "account_receivable_turnover_ratio": null,
            "reinvestment_rate": null,
            "research_to_sale_ratio": null,
            "price_fair": 0,
            "eps_avg_yearly": 0,
            "eps_latest_yearly": 0,
            "eps_growth_yearly": 0
        },
        "20081": {
            "year_quarter": 20081,
            "year": 2008,
            "quarter": 1,
            "eps": null,
            "eps_growth_year": null,
            "eps_4q": null,
            "eps_4q_growth_year": null,
            "roe": null,
            "roe_4q": 0,
            "gross_profit": null,
            "gross_margin": null,
            "gross_margin_4q_avg": 0,
            "net_income": null,
            "net_income_4q": null,
            "revenue": null,
            "revenue_4q": null,
            "common_shares": null,
            "book_valuer_per_share": null,
            "book_valuer_per_share_4q_avg": 0,
            "equity": null,
            "current_ratio": null,
            "debt_ratio": null,
            "inventory_turnover_ratio": null,
            "account_receivable_turnover_ratio": null,
            "reinvestment_rate": null,
            "research_to_sale_ratio": null,
            "price_fair": 0,
            "eps_avg_yearly": 0,
            "eps_latest_yearly": 0,
            "eps_growth_yearly": 0
        },
        "20082": {
            "year_quarter": 20082,
            "year": 2008,
            "quarter": 2,
            "eps": null,
            "eps_growth_year": null,
            "eps_4q": null,
            "eps_4q_growth_year": null,
            "roe": null,
            "roe_4q": 0,
            "gross_profit": null,
            "gross_margin": null,
            "gross_margin_4q_avg": 0,
            "net_income": null,
            "net_income_4q": null,
            "revenue": null,
            "revenue_4q": null,
            "common_shares": null,
            "book_valuer_per_share": null,
            "book_valuer_per_share_4q_avg": 0,
            "equity": null,
            "current_ratio": null,
            "debt_ratio": null,
            "inventory_turnover_ratio": null,
            "account_receivable_turnover_ratio": null,
            "reinvestment_rate": null,
            "research_to_sale_ratio": null,
            "price_fair": 0,
            "eps_avg_yearly": 0,
            "eps_latest_yearly": 0,
            "eps_growth_yearly": 0
        },
        "20083": {
            "year_quarter": 20083,
            "year": 2008,
            "quarter": 3,
            "eps": null,
            "eps_growth_year": null,
            "eps_4q": null,
            "eps_4q_growth_year": null,
            "roe": null,
            "roe_4q": 0,
            "gross_profit": null,
            "gross_margin": null,
            "gross_margin_4q_avg": 0,
            "net_income": null,
            "net_income_4q": null,
            "revenue": null,
            "revenue_4q": null,
            "common_shares": null,
            "book_valuer_per_share": null,
            "book_valuer_per_share_4q_avg": 0,
            "equity": null,
            "current_ratio": null,
            "debt_ratio": null,
            "inventory_turnover_ratio": null,
            "account_receivable_turnover_ratio": null,
            "reinvestment_rate": null,
            "research_to_sale_ratio": null,
            "price_fair": 0,
            "eps_avg_yearly": 0,
            "eps_latest_yearly": 0,
            "eps_growth_yearly": 0
        },
        "20084": {
            "year_quarter": 20084,
            "year": 2008,
            "quarter": 4,
            "eps": null,
            "eps_growth_year": null,
            "eps_4q": null,
            "eps_4q_growth_year": null,
            "roe": null,
            "roe_4q": 0,
            "gross_profit": null,
            "gross_margin": null,
            "gross_margin_4q_avg": 0,
            "net_income": null,
            "net_income_4q": null,
            "revenue": null,
            "revenue_4q": null,
            "common_shares": null,
            "book_valuer_per_share": null,
            "book_valuer_per_share_4q_avg": 0,
            "equity": null,
            "current_ratio": null,
            "debt_ratio": null,
            "inventory_turnover_ratio": null,
            "account_receivable_turnover_ratio": null,
            "reinvestment_rate": null,
            "research_to_sale_ratio": null,
            "price_fair": 0,
            "eps_avg_yearly": 0,
            "eps_latest_yearly": 0,
            "eps_growth_yearly": 0
        },
        "20091": {
            "year_quarter": 20091,
            "year": 2009,
            "quarter": 1,
            "eps": null,
            "eps_growth_year": null,
            "eps_4q": null,
            "eps_4q_growth_year": null,
            "roe": null,
            "roe_4q": 0,
            "gross_profit": null,
            "gross_margin": null,
            "gross_margin_4q_avg": 0,
            "net_income": null,
            "net_income_4q": null,
            "revenue": null,
            "revenue_4q": null,
            "common_shares": null,
            "book_valuer_per_share": null,
            "book_valuer_per_share_4q_avg": 0,
            "equity": null,
            "current_ratio": null,
            "debt_ratio": null,
            "inventory_turnover_ratio": null,
            "account_receivable_turnover_ratio": null,
            "reinvestment_rate": null,
            "research_to_sale_ratio": null,
            "price_fair": 0,
            "eps_avg_yearly": 0,
            "eps_latest_yearly": 0,
            "eps_growth_yearly": 0
        },
        "20092": {
            "year_quarter": 20092,
            "year": 2009,
            "quarter": 2,
            "eps": null,
            "eps_growth_year": null,
            "eps_4q": null,
            "eps_4q_growth_year": null,
            "roe": null,
            "roe_4q": 0,
            "gross_profit": null,
            "gross_margin": null,
            "gross_margin_4q_avg": 0,
            "net_income": null,
            "net_income_4q": null,
            "revenue": null,
            "revenue_4q": null,
            "common_shares": null,
            "book_valuer_per_share": null,
            "book_valuer_per_share_4q_avg": 0,
            "equity": null,
            "current_ratio": null,
            "debt_ratio": null,
            "inventory_turnover_ratio": null,
            "account_receivable_turnover_ratio": null,
            "reinvestment_rate": null,
            "research_to_sale_ratio": null,
            "price_fair": 0,
            "eps_avg_yearly": 0,
            "eps_latest_yearly": 0,
            "eps_growth_yearly": 0
        },
        "20093": {
            "year_quarter": 20093,
            "year": 2009,
            "quarter": 3,
            "eps": null,
            "eps_growth_year": null,
            "eps_4q": null,
            "eps_4q_growth_year": null,
            "roe": null,
            "roe_4q": 0,
            "gross_profit": null,
            "gross_margin": null,
            "gross_margin_4q_avg": 0,
            "net_income": null,
            "net_income_4q": null,
            "revenue": null,
            "revenue_4q": null,
            "common_shares": null,
            "book_valuer_per_share": null,
            "book_valuer_per_share_4q_avg": 0,
            "equity": null,
            "current_ratio": null,
            "debt_ratio": null,
            "inventory_turnover_ratio": null,
            "account_receivable_turnover_ratio": null,
            "reinvestment_rate": null,
            "research_to_sale_ratio": null,
            "price_fair": 0,
            "eps_avg_yearly": 0,
            "eps_latest_yearly": 0,
            "eps_growth_yearly": 0
        },
        "20094": {
            "year_quarter": 20094,
            "year": 2009,
            "quarter": 4,
            "eps": null,
            "eps_growth_year": null,
            "eps_4q": null,
            "eps_4q_growth_year": null,
            "roe": null,
            "roe_4q": 0,
            "gross_profit": null,
            "gross_margin": null,
            "gross_margin_4q_avg": 0,
            "net_income": null,
            "net_income_4q": null,
            "revenue": null,
            "revenue_4q": null,
            "common_shares": null,
            "book_valuer_per_share": null,
            "book_valuer_per_share_4q_avg": 0,
            "equity": null,
            "current_ratio": null,
            "debt_ratio": null,
            "inventory_turnover_ratio": null,
            "account_receivable_turnover_ratio": null,
            "reinvestment_rate": null,
            "research_to_sale_ratio": null,
            "price_fair": 0,
            "eps_avg_yearly": 0,
            "eps_latest_yearly": 0,
            "eps_growth_yearly": 0
        },
        "20101": {
            "year_quarter": 20101,
            "year": 2010,
            "quarter": 1,
            "eps": null,
            "eps_growth_year": null,
            "eps_4q": null,
            "eps_4q_growth_year": null,
            "roe": null,
            "roe_4q": 0,
            "gross_profit": null,
            "gross_margin": null,
            "gross_margin_4q_avg": 0,
            "net_income": null,
            "net_income_4q": null,
            "revenue": null,
            "revenue_4q": null,
            "common_shares": null,
            "book_valuer_per_share": null,
            "book_valuer_per_share_4q_avg": 0,
            "equity": null,
            "current_ratio": null,
            "debt_ratio": null,
            "inventory_turnover_ratio": null,
            "account_receivable_turnover_ratio": null,
            "reinvestment_rate": null,
            "research_to_sale_ratio": null,
            "price_fair": 0,
            "eps_avg_yearly": 0,
            "eps_latest_yearly": 0,
            "eps_growth_yearly": 0
        },
        "20102": {
            "year_quarter": 20102,
            "year": 2010,
            "quarter": 2,
            "eps": null,
            "eps_growth_year": null,
            "eps_4q": null,
            "eps_4q_growth_year": null,
            "roe": null,
            "roe_4q": 0,
            "gross_profit": null,
            "gross_margin": null,
            "gross_margin_4q_avg": 0,
            "net_income": null,
            "net_income_4q": null,
            "revenue": null,
            "revenue_4q": null,
            "common_shares": null,
            "book_valuer_per_share": null,
            "book_valuer_per_share_4q_avg": 0,
            "equity": null,
            "current_ratio": null,
            "debt_ratio": null,
            "inventory_turnover_ratio": null,
            "account_receivable_turnover_ratio": null,
            "reinvestment_rate": null,
            "research_to_sale_ratio": null,
            "price_fair": 0,
            "eps_avg_yearly": 0,
            "eps_latest_yearly": 0,
            "eps_growth_yearly": 0
        },
        "20103": {
            "year_quarter": 20103,
            "year": 2010,
            "quarter": 3,
            "eps": null,
            "eps_growth_year": null,
            "eps_4q": null,
            "eps_4q_growth_year": null,
            "roe": null,
            "roe_4q": 0,
            "gross_profit": null,
            "gross_margin": null,
            "gross_margin_4q_avg": 0,
            "net_income": null,
            "net_income_4q": null,
            "revenue": null,
            "revenue_4q": null,
            "common_shares": null,
            "book_valuer_per_share": null,
            "book_valuer_per_share_4q_avg": 0,
            "equity": null,
            "current_ratio": null,
            "debt_ratio": null,
            "inventory_turnover_ratio": null,
            "account_receivable_turnover_ratio": null,
            "reinvestment_rate": null,
            "research_to_sale_ratio": null,
            "price_fair": 0,
            "eps_avg_yearly": 0,
            "eps_latest_yearly": 0,
            "eps_growth_yearly": 0
        },
        "20104": {
            "year_quarter": 20104,
            "year": 2010,
            "quarter": 4,
            "eps": null,
            "eps_growth_year": null,
            "eps_4q": null,
            "eps_4q_growth_year": null,
            "roe": null,
            "roe_4q": 0,
            "gross_profit": null,
            "gross_margin": null,
            "gross_margin_4q_avg": 0,
            "net_income": null,
            "net_income_4q": null,
            "revenue": null,
            "revenue_4q": null,
            "common_shares": 2577,
            "book_valuer_per_share": 1498.39,
            "book_valuer_per_share_4q_avg": 374.6,
            "equity": 386134,
            "current_ratio": 615.74,
            "debt_ratio": 10.03,
            "inventory_turnover_ratio": null,
            "account_receivable_turnover_ratio": null,
            "reinvestment_rate": null,
            "research_to_sale_ratio": null,
            "price_fair": 0,
            "eps_avg_yearly": 0,
            "eps_latest_yearly": 0,
            "eps_growth_yearly": 0
        },
        "20111": {
            "year_quarter": 20111,
            "year": 2011,
            "quarter": 1,
            "eps": null,
            "eps_growth_year": null,
            "eps_4q": null,
            "eps_4q_growth_year": null,
            "roe": null,
            "roe_4q": 0,
            "gross_profit": null,
            "gross_margin": null,
            "gross_margin_4q_avg": 0,
            "net_income": null,
            "net_income_4q": null,
            "revenue": null,
            "revenue_4q": null,
            "common_shares": null,
            "book_valuer_per_share": null,
            "book_valuer_per_share_4q_avg": 374.6,
            "equity": null,
            "current_ratio": null,
            "debt_ratio": null,
            "inventory_turnover_ratio": null,
            "account_receivable_turnover_ratio": null,
            "reinvestment_rate": null,
            "research_to_sale_ratio": null,
            "price_fair": 0,
            "eps_avg_yearly": 0,
            "eps_latest_yearly": 0,
            "eps_growth_yearly": 0
        },
        "20112": {
            "year_quarter": 20112,
            "year": 2011,
            "quarter": 2,
            "eps": null,
            "eps_growth_year": null,
            "eps_4q": null,
            "eps_4q_growth_year": null,
            "roe": null,
            "roe_4q": 0,
            "gross_profit": null,
            "gross_margin": null,
            "gross_margin_4q_avg": 0,
            "net_income": null,
            "net_income_4q": null,
            "revenue": null,
            "revenue_4q": null,
            "common_shares": null,
            "book_valuer_per_share": null,
            "book_valuer_per_share_4q_avg": 374.6,
            "equity": null,
            "current_ratio": null,
            "debt_ratio": null,
            "inventory_turnover_ratio": null,
            "account_receivable_turnover_ratio": null,
            "reinvestment_rate": null,
            "research_to_sale_ratio": null,
            "price_fair": 0,
            "eps_avg_yearly": 0,
            "eps_latest_yearly": 0,
            "eps_growth_yearly": 0
        },
        "20113": {
            "year_quarter": 20113,
            "year": 2011,
            "quarter": 3,
            "eps": null,
            "eps_growth_year": null,
            "eps_4q": null,
            "eps_4q_growth_year": null,
            "roe": null,
            "roe_4q": 0,
            "gross_profit": null,
            "gross_margin": null,
            "gross_margin_4q_avg": 0,
            "net_income": null,
            "net_income_4q": null,
            "revenue": null,
            "revenue_4q": null,
            "common_shares": null,
            "book_valuer_per_share": null,
            "book_valuer_per_share_4q_avg": 374.6,
            "equity": null,
            "current_ratio": null,
            "debt_ratio": null,
            "inventory_turnover_ratio": null,
            "account_receivable_turnover_ratio": null,
            "reinvestment_rate": null,
            "research_to_sale_ratio": null,
            "price_fair": 0,
            "eps_avg_yearly": 0,
            "eps_latest_yearly": 0,
            "eps_growth_yearly": 0
        },
        "20114": {
            "year_quarter": 20114,
            "year": 2011,
            "quarter": 4,
            "eps": null,
            "eps_growth_year": null,
            "eps_4q": null,
            "eps_4q_growth_year": null,
            "roe": null,
            "roe_4q": 0,
            "gross_profit": null,
            "gross_margin": null,
            "gross_margin_4q_avg": 0,
            "net_income": null,
            "net_income_4q": null,
            "revenue": null,
            "revenue_4q": null,
            "common_shares": 287406,
            "book_valuer_per_share": 19.68,
            "book_valuer_per_share_4q_avg": 4.92,
            "equity": 565590,
            "current_ratio": 265.69,
            "debt_ratio": 18,
            "inventory_turnover_ratio": null,
            "account_receivable_turnover_ratio": null,
            "reinvestment_rate": null,
            "research_to_sale_ratio": null,
            "price_fair": 0,
            "eps_avg_yearly": 0,
            "eps_latest_yearly": 0,
            "eps_growth_yearly": 0
        },
        "20121": {
            "year_quarter": 20121,
            "year": 2012,
            "quarter": 1,
            "eps": null,
            "eps_growth_year": null,
            "eps_4q": null,
            "eps_4q_growth_year": null,
            "roe": null,
            "roe_4q": 0,
            "gross_profit": null,
            "gross_margin": null,
            "gross_margin_4q_avg": 0,
            "net_income": null,
            "net_income_4q": null,
            "revenue": null,
            "revenue_4q": null,
            "common_shares": null,
            "book_valuer_per_share": null,
            "book_valuer_per_share_4q_avg": 4.92,
            "equity": null,
            "current_ratio": null,
            "debt_ratio": null,
            "inventory_turnover_ratio": null,
            "account_receivable_turnover_ratio": null,
            "reinvestment_rate": null,
            "research_to_sale_ratio": null,
            "price_fair": 0,
            "eps_avg_yearly": 0,
            "eps_latest_yearly": 0,
            "eps_growth_yearly": 0
        },
        "20122": {
            "year_quarter": 20122,
            "year": 2012,
            "quarter": 2,
            "eps": null,
            "eps_growth_year": null,
            "eps_4q": null,
            "eps_4q_growth_year": null,
            "roe": null,
            "roe_4q": 0,
            "gross_profit": null,
            "gross_margin": null,
            "gross_margin_4q_avg": 0,
            "net_income": null,
            "net_income_4q": null,
            "revenue": null,
            "revenue_4q": null,
            "common_shares": null,
            "book_valuer_per_share": null,
            "book_valuer_per_share_4q_avg": 4.92,
            "equity": null,
            "current_ratio": null,
            "debt_ratio": null,
            "inventory_turnover_ratio": null,
            "account_receivable_turnover_ratio": null,
            "reinvestment_rate": null,
            "research_to_sale_ratio": null,
            "price_fair": 0,
            "eps_avg_yearly": 0,
            "eps_latest_yearly": 0,
            "eps_growth_yearly": 0
        },
        "20123": {
            "year_quarter": 20123,
            "year": 2012,
            "quarter": 3,
            "eps": null,
            "eps_growth_year": null,
            "eps_4q": null,
            "eps_4q_growth_year": null,
            "roe": null,
            "roe_4q": 0,
            "gross_profit": null,
            "gross_margin": null,
            "gross_margin_4q_avg": 0,
            "net_income": null,
            "net_income_4q": null,
            "revenue": null,
            "revenue_4q": null,
            "common_shares": null,
            "book_valuer_per_share": null,
            "book_valuer_per_share_4q_avg": 4.92,
            "equity": null,
            "current_ratio": null,
            "debt_ratio": null,
            "inventory_turnover_ratio": null,
            "account_receivable_turnover_ratio": null,
            "reinvestment_rate": null,
            "research_to_sale_ratio": null,
            "price_fair": 0,
            "eps_avg_yearly": 0,
            "eps_latest_yearly": 0,
            "eps_growth_yearly": 0
        },
        "20124": {
            "year_quarter": 20124,
            "year": 2012,
            "quarter": 4,
            "eps": null,
            "eps_growth_year": null,
            "eps_4q": null,
            "eps_4q_growth_year": null,
            "roe": null,
            "roe_4q": 0,
            "gross_profit": null,
            "gross_margin": null,
            "gross_margin_4q_avg": 0,
            "net_income": null,
            "net_income_4q": null,
            "revenue": null,
            "revenue_4q": null,
            "common_shares": 287406,
            "book_valuer_per_share": 23.08,
            "book_valuer_per_share_4q_avg": 5.77,
            "equity": 663346,
            "current_ratio": 160.18,
            "debt_ratio": 27.02,
            "inventory_turnover_ratio": null,
            "account_receivable_turnover_ratio": null,
            "reinvestment_rate": null,
            "research_to_sale_ratio": null,
            "price_fair": 0,
            "eps_avg_yearly": 0,
            "eps_latest_yearly": 0,
            "eps_growth_yearly": 0
        },
        "20131": {
            "year_quarter": 20131,
            "year": 2013,
            "quarter": 1,
            "eps": null,
            "eps_growth_year": null,
            "eps_4q": null,
            "eps_4q_growth_year": null,
            "roe": null,
            "roe_4q": 0,
            "gross_profit": null,
            "gross_margin": null,
            "gross_margin_4q_avg": 0,
            "net_income": null,
            "net_income_4q": null,
            "revenue": null,
            "revenue_4q": null,
            "common_shares": null,
            "book_valuer_per_share": null,
            "book_valuer_per_share_4q_avg": 5.77,
            "equity": null,
            "current_ratio": null,
            "debt_ratio": null,
            "inventory_turnover_ratio": null,
            "account_receivable_turnover_ratio": null,
            "reinvestment_rate": null,
            "research_to_sale_ratio": null,
            "price_fair": 0,
            "eps_avg_yearly": 0,
            "eps_latest_yearly": 0,
            "eps_growth_yearly": 0
        },
        "20132": {
            "year_quarter": 20132,
            "year": 2013,
            "quarter": 2,
            "eps": null,
            "eps_growth_year": null,
            "eps_4q": null,
            "eps_4q_growth_year": null,
            "roe": null,
            "roe_4q": 0,
            "gross_profit": 0,
            "gross_margin": null,
            "gross_margin_4q_avg": 0,
            "net_income": 0,
            "net_income_4q": null,
            "revenue": 0,
            "revenue_4q": null,
            "common_shares": 287406,
            "book_valuer_per_share": null,
            "book_valuer_per_share_4q_avg": 5.77,
            "equity": 788178,
            "current_ratio": null,
            "debt_ratio": null,
            "inventory_turnover_ratio": null,
            "account_receivable_turnover_ratio": null,
            "reinvestment_rate": null,
            "research_to_sale_ratio": null,
            "price_fair": 0,
            "eps_avg_yearly": 0,
            "eps_latest_yearly": 0,
            "eps_growth_yearly": 0
        },
        "20133": {
            "year_quarter": 20133,
            "year": 2013,
            "quarter": 3,
            "eps": null,
            "eps_growth_year": null,
            "eps_4q": null,
            "eps_4q_growth_year": null,
            "roe": null,
            "roe_4q": 0,
            "gross_profit": 102403,
            "gross_margin": null,
            "gross_margin_4q_avg": 0,
            "net_income": 59232,
            "net_income_4q": null,
            "revenue": 137161,
            "revenue_4q": null,
            "common_shares": 287406,
            "book_valuer_per_share": null,
            "book_valuer_per_share_4q_avg": 5.77,
            "equity": 783406,
            "current_ratio": null,
            "debt_ratio": null,
            "inventory_turnover_ratio": null,
            "account_receivable_turnover_ratio": null,
            "reinvestment_rate": null,
            "research_to_sale_ratio": null,
            "price_fair": 0,
            "eps_avg_yearly": 0,
            "eps_latest_yearly": 0,
            "eps_growth_yearly": 0
        },
        "20134": {
            "year_quarter": 20134,
            "year": 2013,
            "quarter": 4,
            "eps": null,
            "eps_growth_year": null,
            "eps_4q": null,
            "eps_4q_growth_year": null,
            "roe": null,
            "roe_4q": 0,
            "gross_profit": 104578,
            "gross_margin": null,
            "gross_margin_4q_avg": 0,
            "net_income": 42665,
            "net_income_4q": null,
            "revenue": 132141,
            "revenue_4q": null,
            "common_shares": 287406,
            "book_valuer_per_share": null,
            "book_valuer_per_share_4q_avg": 0,
            "equity": 841630,
            "current_ratio": null,
            "debt_ratio": null,
            "inventory_turnover_ratio": null,
            "account_receivable_turnover_ratio": null,
            "reinvestment_rate": null,
            "research_to_sale_ratio": null,
            "price_fair": 0,
            "eps_avg_yearly": 0,
            "eps_latest_yearly": 0,
            "eps_growth_yearly": 0
        },
        "20141": {
            "year_quarter": 20141,
            "year": 2014,
            "quarter": 1,
            "eps": null,
            "eps_growth_year": null,
            "eps_4q": null,
            "eps_4q_growth_year": null,
            "roe": null,
            "roe_4q": 0,
            "gross_profit": 90956,
            "gross_margin": null,
            "gross_margin_4q_avg": 0,
            "net_income": 42480,
            "net_income_4q": null,
            "revenue": 107211,
            "revenue_4q": null,
            "common_shares": 287406,
            "book_valuer_per_share": 30.58,
            "book_valuer_per_share_4q_avg": 7.65,
            "equity": 879031,
            "current_ratio": 231.5,
            "debt_ratio": 27.7,
            "inventory_turnover_ratio": null,
            "account_receivable_turnover_ratio": null,
            "reinvestment_rate": null,
            "research_to_sale_ratio": null,
            "price_fair": 0,
            "eps_avg_yearly": 0,
            "eps_latest_yearly": 0,
            "eps_growth_yearly": 0
        },
        "20142": {
            "year_quarter": 20142,
            "year": 2014,
            "quarter": 2,
            "eps": 0,
            "eps_growth_year": null,
            "eps_4q": 0,
            "eps_4q_growth_year": null,
            "roe": 0,
            "roe_4q": 0,
            "gross_profit": 0,
            "gross_margin": null,
            "gross_margin_4q_avg": 0,
            "net_income": 0,
            "net_income_4q": null,
            "revenue": 0,
            "revenue_4q": null,
            "common_shares": 287406,
            "book_valuer_per_share": 29.61,
            "book_valuer_per_share_4q_avg": 15.05,
            "equity": 850909,
            "current_ratio": 223.37,
            "debt_ratio": 33.08,
            "inventory_turnover_ratio": 0,
            "account_receivable_turnover_ratio": 0,
            "reinvestment_rate": null,
            "research_to_sale_ratio": null,
            "price_fair": 0,
            "eps_avg_yearly": 0,
            "eps_latest_yearly": 0,
            "eps_growth_yearly": 0
        },
        "20143": {
            "year_quarter": 20143,
            "year": 2014,
            "quarter": 3,
            "eps": 2.27,
            "eps_growth_year": null,
            "eps_4q": 2.27,
            "eps_4q_growth_year": null,
            "roe": 7.29,
            "roe_4q": 7.29,
            "gross_profit": 111902,
            "gross_margin": 75.07,
            "gross_margin_4q_avg": 18.77,
            "net_income": 65269,
            "net_income_4q": null,
            "revenue": 149057,
            "revenue_4q": null,
            "common_shares": 287406,
            "book_valuer_per_share": 32.66,
            "book_valuer_per_share_4q_avg": 23.21,
            "equity": 938548,
            "current_ratio": 226.81,
            "debt_ratio": 32.25,
            "inventory_turnover_ratio": 1.09,
            "account_receivable_turnover_ratio": 1.55,
            "reinvestment_rate": null,
            "research_to_sale_ratio": 2.85,
            "price_fair": 0,
            "eps_avg_yearly": 0,
            "eps_latest_yearly": 0,
            "eps_growth_yearly": 0
        },
        "20144": {
            "year_quarter": 20144,
            "year": 2014,
            "quarter": 4,
            "eps": 1.89,
            "eps_growth_year": null,
            "eps_4q": 4.16,
            "eps_4q_growth_year": null,
            "roe": 5.53,
            "roe_4q": 12.82,
            "gross_profit": 103839,
            "gross_margin": 83.77,
            "gross_margin_4q_avg": 39.71,
            "net_income": 54336,
            "net_income_4q": null,
            "revenue": 123953,
            "revenue_4q": null,
            "common_shares": 287406,
            "book_valuer_per_share": 35.66,
            "book_valuer_per_share_4q_avg": 32.13,
            "equity": 1024997,
            "current_ratio": 221.56,
            "debt_ratio": 33.29,
            "inventory_turnover_ratio": 0.37,
            "account_receivable_turnover_ratio": 1.25,
            "reinvestment_rate": null,
            "research_to_sale_ratio": 1.77,
            "price_fair": 22.68,
            "eps_avg_yearly": 7.56,
            "eps_latest_yearly": 7.56,
            "eps_growth_yearly": -66.96
        },
        "20151": {
            "year_quarter": 20151,
            "year": 2015,
            "quarter": 1,
            "eps": 1.8,
            "eps_growth_year": null,
            "eps_4q": 5.96,
            "eps_4q_growth_year": null,
            "roe": 4.95,
            "roe_4q": 17.77,
            "gross_profit": 107390,
            "gross_margin": 79.44,
            "gross_margin_4q_avg": 59.57,
            "net_income": 51738,
            "net_income_4q": null,
            "revenue": 135182,
            "revenue_4q": null,
            "common_shares": 287406,
            "book_valuer_per_share": 37.1,
            "book_valuer_per_share_4q_avg": 33.76,
            "equity": 1066374,
            "current_ratio": 234.6,
            "debt_ratio": 31.93,
            "inventory_turnover_ratio": 0.41,
            "account_receivable_turnover_ratio": 1.36,
            "reinvestment_rate": null,
            "research_to_sale_ratio": 3.05,
            "price_fair": 22.14,
            "eps_avg_yearly": 7.38,
            "eps_latest_yearly": 7.2,
            "eps_growth_yearly": -43
        },
        "20152": {
            "year_quarter": 20152,
            "year": 2015,
            "quarter": 2,
            "eps": 1.26,
            "eps_growth_year": null,
            "eps_4q": 6.46,
            "eps_4q_growth_year": null,
            "roe": 3.24,
            "roe_4q": 21.01,
            "gross_profit": 101645,
            "gross_margin": 84.3,
            "gross_margin_4q_avg": 80.65,
            "net_income": 39202,
            "net_income_4q": null,
            "revenue": 120576,
            "revenue_4q": null,
            "common_shares": 325726,
            "book_valuer_per_share": 41.5,
            "book_valuer_per_share_4q_avg": 36.73,
            "equity": 1351736,
            "current_ratio": 471.7,
            "debt_ratio": 17.24,
            "inventory_turnover_ratio": 0.23,
            "account_receivable_turnover_ratio": 1.2,
            "reinvestment_rate": null,
            "research_to_sale_ratio": 3.66,
            "price_fair": 19.8,
            "eps_avg_yearly": 6.6,
            "eps_latest_yearly": 5.04,
            "eps_growth_yearly": -68.67
        },
        "20153": {
            "year_quarter": 20153,
            "year": 2015,
            "quarter": 3,
            "eps": 2.63,
            "eps_growth_year": 15.86,
            "eps_4q": 7.09,
            "eps_4q_growth_year": 212.39,
            "roe": 6.02,
            "roe_4q": 19.740000000000002,
            "gross_profit": 146624,
            "gross_margin": 73.94,
            "gross_margin_4q_avg": 80.36,
            "net_income": 85662,
            "net_income_4q": null,
            "revenue": 198310,
            "revenue_4q": null,
            "common_shares": 325726,
            "book_valuer_per_share": 45.87,
            "book_valuer_per_share_4q_avg": 40.03,
            "equity": 1493218,
            "current_ratio": 572.27,
            "debt_ratio": 14.44,
            "inventory_turnover_ratio": 0.49,
            "account_receivable_turnover_ratio": 1.57,
            "reinvestment_rate": null,
            "research_to_sale_ratio": 2.09,
            "price_fair": 265.3,
            "eps_avg_yearly": 7.58,
            "eps_latest_yearly": 10.52,
            "eps_growth_yearly": 57.23
        },
        "20154": {
            "year_quarter": 20154,
            "year": 2015,
            "quarter": 4,
            "eps": 2.28,
            "eps_growth_year": 20.85,
            "eps_4q": 7.74,
            "eps_4q_growth_year": 85.96,
            "roe": 4.95,
            "roe_4q": 19.16,
            "gross_profit": 136489,
            "gross_margin": 84.49,
            "gross_margin_4q_avg": 80.54,
            "net_income": 73979,
            "net_income_4q": null,
            "revenue": 161545,
            "revenue_4q": null,
            "common_shares": 325726,
            "book_valuer_per_share": 46.16,
            "book_valuer_per_share_4q_avg": 42.66,
            "equity": 1494573,
            "current_ratio": 621.18,
            "debt_ratio": 13.24,
            "inventory_turnover_ratio": 0.2,
            "account_receivable_turnover_ratio": 1.09,
            "reinvestment_rate": null,
            "research_to_sale_ratio": 2.53,
            "price_fair": 276.08,
            "eps_avg_yearly": 7.89,
            "eps_latest_yearly": 9.12,
            "eps_growth_yearly": 35.14
        },
        "20161": {
            "year_quarter": 20161,
            "year": 2016,
            "quarter": 1,
            "eps": 2.3,
            "eps_growth_year": 27.78,
            "eps_4q": 8.44,
            "eps_4q_growth_year": 41.52,
            "roe": 4.83,
            "roe_4q": 19.04,
            "gross_profit": 140862,
            "gross_margin": 79.37,
            "gross_margin_4q_avg": 80.53,
            "net_income": 74340,
            "net_income_4q": null,
            "revenue": 177468,
            "revenue_4q": null,
            "common_shares": 323796,
            "book_valuer_per_share": 48.86,
            "book_valuer_per_share_4q_avg": 45.6,
            "equity": 1582034,
            "current_ratio": 662.05,
            "debt_ratio": 31.79,
            "inventory_turnover_ratio": 0.27,
            "account_receivable_turnover_ratio": 1.21,
            "reinvestment_rate": null,
            "research_to_sale_ratio": 2.02,
            "price_fair": 283.73,
            "eps_avg_yearly": 8.11,
            "eps_latest_yearly": 9.2,
            "eps_growth_yearly": 29.86
        },
        "20162": {
            "year_quarter": 20162,
            "year": 2016,
            "quarter": 2,
            "eps": 2.19,
            "eps_growth_year": 73.81,
            "eps_4q": 9.41,
            "eps_4q_growth_year": 45.53,
            "roe": 4.67,
            "roe_4q": 20.47,
            "gross_profit": 130701,
            "gross_margin": 87.3,
            "gross_margin_4q_avg": 81.28,
            "net_income": 70917,
            "net_income_4q": null,
            "revenue": 149715,
            "revenue_4q": null,
            "common_shares": 324115,
            "book_valuer_per_share": 44.99,
            "book_valuer_per_share_4q_avg": 46.47,
            "equity": 1458277,
            "current_ratio": 428.88,
            "debt_ratio": 36.56,
            "inventory_turnover_ratio": 0.13,
            "account_receivable_turnover_ratio": 1.04,
            "reinvestment_rate": null,
            "research_to_sale_ratio": 2.66,
            "price_fair": 269.5,
            "eps_avg_yearly": 8.2,
            "eps_latest_yearly": 8.76,
            "eps_growth_yearly": 22.87
        },
        "20163": {
            "year_quarter": 20163,
            "year": 2016,
            "quarter": 3,
            "eps": 2.93,
            "eps_growth_year": 11.41,
            "eps_4q": 9.63,
            "eps_4q_growth_year": 35.72,
            "roe": 6.38,
            "roe_4q": 20.830000000000002,
            "gross_profit": 169511,
            "gross_margin": 74.77,
            "gross_margin_4q_avg": 81.48,
            "net_income": 95214,
            "net_income_4q": null,
            "revenue": 226707,
            "revenue_4q": null,
            "common_shares": 326578,
            "book_valuer_per_share": 46.78,
            "book_valuer_per_share_4q_avg": 46.7,
            "equity": 1527570,
            "current_ratio": 670.63,
            "debt_ratio": 30.71,
            "inventory_turnover_ratio": 0.36,
            "account_receivable_turnover_ratio": 1.37,
            "reinvestment_rate": null,
            "research_to_sale_ratio": 2.09,
            "price_fair": 302.4,
            "eps_avg_yearly": 8.64,
            "eps_latest_yearly": 11.72,
            "eps_growth_yearly": 36.9
        },
        "20164": {
            "year_quarter": 20164,
            "year": 2016,
            "quarter": 4,
            "eps": 2.89,
            "eps_growth_year": 26.35,
            "eps_4q": 10.17,
            "eps_4q_growth_year": 31.47,
            "roe": 6.02,
            "roe_4q": 21.9,
            "gross_profit": 148784,
            "gross_margin": 84.92,
            "gross_margin_4q_avg": 81.59,
            "net_income": 95255,
            "net_income_4q": null,
            "revenue": 175208,
            "revenue_4q": null,
            "common_shares": 329972,
            "book_valuer_per_share": 49.66,
            "book_valuer_per_share_4q_avg": 47.57,
            "equity": 1638790,
            "current_ratio": 812.8,
            "debt_ratio": 27.73,
            "inventory_turnover_ratio": 0.16,
            "account_receivable_turnover_ratio": 0.99,
            "reinvestment_rate": null,
            "research_to_sale_ratio": 2.38,
            "price_fair": 313.76,
            "eps_avg_yearly": 8.96,
            "eps_latest_yearly": 11.56,
            "eps_growth_yearly": 32.2
        },
        "20171": {
            "year_quarter": 20171,
            "year": 2017,
            "quarter": 1,
            "eps": 2.73,
            "eps_growth_year": 18.7,
            "eps_4q": 10.63,
            "eps_4q_growth_year": 26,
            "roe": 5.49,
            "roe_4q": 22.560000000000002,
            "gross_profit": 155543,
            "gross_margin": 80.26,
            "gross_margin_4q_avg": 81.81,
            "net_income": 90121,
            "net_income_4q": null,
            "revenue": 193810,
            "revenue_4q": null,
            "common_shares": 330654,
            "book_valuer_per_share": 49.75,
            "book_valuer_per_share_4q_avg": 47.8,
            "equity": 1644840,
            "current_ratio": 656.52,
            "debt_ratio": 28.43,
            "inventory_turnover_ratio": 0.22,
            "account_receivable_turnover_ratio": 1.14,
            "reinvestment_rate": 12.26,
            "research_to_sale_ratio": 2.16,
            "price_fair": 320.6,
            "eps_avg_yearly": 9.16,
            "eps_latest_yearly": 10.92,
            "eps_growth_yearly": 26.76
        },
        "20172": {
            "year_quarter": 20172,
            "year": 2017,
            "quarter": 2,
            "eps": 2.56,
            "eps_growth_year": 16.9,
            "eps_4q": 10.86,
            "eps_4q_growth_year": 15.48,
            "roe": 5.36,
            "roe_4q": 23.25,
            "gross_profit": 140257,
            "gross_margin": 89.54,
            "gross_margin_4q_avg": 82.37,
            "net_income": 86277,
            "net_income_4q": null,
            "revenue": 156636,
            "revenue_4q": null,
            "common_shares": 331107,
            "book_valuer_per_share": 47.51,
            "book_valuer_per_share_4q_avg": 48.43,
            "equity": 1572961,
            "current_ratio": 324.01,
            "debt_ratio": 35.64,
            "inventory_turnover_ratio": 0.09,
            "account_receivable_turnover_ratio": 0.97,
            "reinvestment_rate": -1.6,
            "research_to_sale_ratio": 2.48,
            "price_fair": 296.85,
            "eps_avg_yearly": 9.26,
            "eps_latest_yearly": 10.24,
            "eps_growth_yearly": 22.06
        },
        "20173": {
            "year_quarter": 20173,
            "year": 2017,
            "quarter": 3,
            "eps": 3.85,
            "eps_growth_year": 31.4,
            "eps_4q": 11.84,
            "eps_4q_growth_year": 22.98,
            "roe": 7.82,
            "roe_4q": 24.69,
            "gross_profit": 198014,
            "gross_margin": 76.81,
            "gross_margin_4q_avg": 82.88,
            "net_income": 130361,
            "net_income_4q": null,
            "revenue": 257791,
            "revenue_4q": null,
            "common_shares": 339494,
            "book_valuer_per_share": 51.87,
            "book_valuer_per_share_4q_avg": 49.7,
            "equity": 1761097,
            "current_ratio": 338.98,
            "debt_ratio": 33.04,
            "inventory_turnover_ratio": 0.33,
            "account_receivable_turnover_ratio": 1.3,
            "reinvestment_rate": -3.94,
            "research_to_sale_ratio": 1.66,
            "price_fair": 341.95,
            "eps_avg_yearly": 9.77,
            "eps_latest_yearly": 15.4,
            "eps_growth_yearly": 37.02
        },
        "20174": {
            "year_quarter": 20174,
            "year": 2017,
            "quarter": 4,
            "eps": 3.43,
            "eps_growth_year": 18.73,
            "eps_4q": 12.2,
            "eps_4q_growth_year": 19.92,
            "roe": 6.32,
            "roe_4q": 24.990000000000002,
            "gross_profit": 172209,
            "gross_margin": 84.99,
            "gross_margin_4q_avg": 82.9,
            "net_income": 119833,
            "net_income_4q": null,
            "revenue": 202617,
            "revenue_4q": null,
            "common_shares": 349624,
            "book_valuer_per_share": 58.13,
            "book_valuer_per_share_4q_avg": 51.82,
            "equity": 2032229,
            "current_ratio": 383.52,
            "debt_ratio": 25.73,
            "inventory_turnover_ratio": 0.18,
            "account_receivable_turnover_ratio": 0.88,
            "reinvestment_rate": -3.98,
            "research_to_sale_ratio": 0.71,
            "price_fair": 352.58,
            "eps_avg_yearly": 10.07,
            "eps_latest_yearly": 13.72,
            "eps_growth_yearly": 30.82
        },
        "20181": {
            "year_quarter": 20181,
            "year": 2018,
            "quarter": 1,
            "eps": 3.61,
            "eps_growth_year": 32.23,
            "eps_4q": 12.87,
            "eps_4q_growth_year": 21.02,
            "roe": 5.83,
            "roe_4q": 25.33,
            "gross_profit": 200320,
            "gross_margin": 85.3,
            "gross_margin_4q_avg": 84.16,
            "net_income": 128334,
            "net_income_4q": null,
            "revenue": 234838,
            "revenue_4q": null,
            "common_shares": 361288,
            "book_valuer_per_share": 65.66,
            "book_valuer_per_share_4q_avg": 55.79,
            "equity": 2372105,
            "current_ratio": 415.03,
            "debt_ratio": 19.24,
            "inventory_turnover_ratio": 0.21,
            "account_receivable_turnover_ratio": 1.07,
            "reinvestment_rate": -4.76,
            "research_to_sale_ratio": 4.57,
            "price_fair": 363.5,
            "eps_avg_yearly": 10.39,
            "eps_latest_yearly": 14.44,
            "eps_growth_yearly": 30.12
        },
        "20182": {
            "year_quarter": 20182,
            "year": 2018,
            "quarter": 2,
            "eps": 2.75,
            "eps_growth_year": 7.42,
            "eps_4q": 12.71,
            "eps_4q_growth_year": 16.99,
            "roe": 4.57,
            "roe_4q": 24.54,
            "gross_profit": 181037,
            "gross_margin": 89.2,
            "gross_margin_4q_avg": 84.08,
            "net_income": 104352,
            "net_income_4q": null,
            "revenue": 202958,
            "revenue_4q": null,
            "common_shares": 361881,
            "book_valuer_per_share": 60.63,
            "book_valuer_per_share_4q_avg": 59.07,
            "equity": 2193923,
            "current_ratio": 265,
            "debt_ratio": 27.35,
            "inventory_turnover_ratio": 0.15,
            "account_receivable_turnover_ratio": 0.97,
            "reinvestment_rate": -1.6,
            "research_to_sale_ratio": 4.92,
            "price_fair": 331.1,
            "eps_avg_yearly": 10.43,
            "eps_latest_yearly": 11,
            "eps_growth_yearly": 21.76
        },
        "20183": {
            "year_quarter": 20183,
            "year": 2018,
            "quarter": 3,
            "eps": 4.27,
            "eps_growth_year": 10.91,
            "eps_4q": 13.52,
            "eps_4q_growth_year": 14.18,
            "roe": 7.27,
            "roe_4q": 23.990000000000002,
            "gross_profit": 243718,
            "gross_margin": 79.63,
            "gross_margin_4q_avg": 84.78,
            "net_income": 162355,
            "net_income_4q": null,
            "revenue": 306082,
            "revenue_4q": null,
            "common_shares": 380802,
            "book_valuer_per_share": 59.61,
            "book_valuer_per_share_4q_avg": 61.01,
            "equity": 2270129,
            "current_ratio": 256.8,
            "debt_ratio": 27.89,
            "inventory_turnover_ratio": 0.47,
            "account_receivable_turnover_ratio": 1.28,
            "reinvestment_rate": -0.47,
            "research_to_sale_ratio": 3.39,
            "price_fair": 379.49,
            "eps_avg_yearly": 10.84,
            "eps_latest_yearly": 17.08,
            "eps_growth_yearly": 34.21
        },
        "20184": {
            "year_quarter": 20184,
            "year": 2018,
            "quarter": 4,
            "eps": 3.42,
            "eps_growth_year": -0.18,
            "eps_4q": 13.79,
            "eps_4q_growth_year": 12.98,
            "roe": 5.55,
            "roe_4q": 23.22,
            "gross_profit": 207256,
            "gross_margin": 88.76,
            "gross_margin_4q_avg": 85.72,
            "net_income": 130405,
            "net_income_4q": null,
            "revenue": 233510,
            "revenue_4q": null,
            "common_shares": 381158,
            "book_valuer_per_share": 63.72,
            "book_valuer_per_share_4q_avg": 62.41,
            "equity": 2428684,
            "current_ratio": 276.59,
            "debt_ratio": 26.11,
            "inventory_turnover_ratio": 0.21,
            "account_receivable_turnover_ratio": 0.84,
            "reinvestment_rate": 0.29,
            "research_to_sale_ratio": 5.43,
            "price_fair": 392.88,
            "eps_avg_yearly": 11.23,
            "eps_latest_yearly": 13.68,
            "eps_growth_yearly": 33.42
        },
        "20191": {
            "year_quarter": 20191,
            "year": 2019,
            "quarter": 1,
            "eps": 3.86,
            "eps_growth_year": 6.93,
            "eps_4q": 14.23,
            "eps_4q_growth_year": 10.59,
            "roe": 5.79,
            "roe_4q": 23.18,
            "gross_profit": 230980,
            "gross_margin": 83.93,
            "gross_margin_4q_avg": 85.38,
            "net_income": 147551,
            "net_income_4q": null,
            "revenue": 275202,
            "revenue_4q": null,
            "common_shares": 382809,
            "book_valuer_per_share": 69.76,
            "book_valuer_per_share_4q_avg": 63.43,
            "equity": 2670366,
            "current_ratio": 304.85,
            "debt_ratio": 24.37,
            "inventory_turnover_ratio": 0.39,
            "account_receivable_turnover_ratio": 0.98,
            "reinvestment_rate": 4.83,
            "research_to_sale_ratio": 4.03,
            "price_fair": 410.9,
            "eps_avg_yearly": 11.74,
            "eps_latest_yearly": 15.44,
            "eps_growth_yearly": 37.83
        },
        "20192": {
            "year_quarter": 20192,
            "year": 2019,
            "quarter": 2,
            "eps": 3.18,
            "eps_growth_year": 15.64,
            "eps_4q": 12.38,
            "eps_4q_growth_year": -2.62,
            "roe": 5.92,
            "roe_4q": 24.53,
            "gross_profit": 207121,
            "gross_margin": 90.03,
            "gross_margin_4q_avg": 85.59,
            "net_income": 151937,
            "net_income_4q": null,
            "revenue": 230050,
            "revenue_4q": null,
            "common_shares": 382809,
            "book_valuer_per_share": 64.35,
            "book_valuer_per_share_4q_avg": 64.36,
            "equity": 2463456,
            "current_ratio": 220.63,
            "debt_ratio": 31.89,
            "inventory_turnover_ratio": 0.19,
            "account_receivable_turnover_ratio": 0.87,
            "reinvestment_rate": 8.12,
            "research_to_sale_ratio": 6.38,
            "price_fair": 427.7,
            "eps_avg_yearly": 12.22,
            "eps_latest_yearly": 12.72,
            "eps_growth_yearly": 40.93
        },
        "20193": {
            "year_quarter": 20193,
            "year": 2019,
            "quarter": 3,
            "eps": 4,
            "eps_growth_year": -6.32,
            "eps_4q": 12.98,
            "eps_4q_growth_year": -4.01,
            "roe": 7.67,
            "roe_4q": 24.93,
            "gross_profit": 278422,
            "gross_margin": 80.39,
            "gross_margin_4q_avg": 85.78,
            "net_income": 191169,
            "net_income_4q": null,
            "revenue": 346341,
            "revenue_4q": null,
            "common_shares": 478511,
            "book_valuer_per_share": 52.73,
            "book_valuer_per_share_4q_avg": 62.64,
            "equity": 2523173,
            "current_ratio": 222.17,
            "debt_ratio": 32.27,
            "inventory_turnover_ratio": 0.55,
            "account_receivable_turnover_ratio": 1.2,
            "reinvestment_rate": 1.82,
            "research_to_sale_ratio": 3.54,
            "price_fair": 379.25,
            "eps_avg_yearly": 12.56,
            "eps_latest_yearly": 16,
            "eps_growth_yearly": 20.19
        },
        "20194": {
            "year_quarter": 20194,
            "year": 2019,
            "quarter": 4,
            "eps": 4.6,
            "eps_growth_year": 34.56,
            "eps_4q": 14.86,
            "eps_4q_growth_year": 7.78,
            "roe": 8.42,
            "roe_4q": 27.799999999999997,
            "gross_profit": 215549,
            "gross_margin": 88.43,
            "gross_margin_4q_avg": 85.7,
            "net_income": 220290,
            "net_income_4q": null,
            "revenue": 243752,
            "revenue_4q": null,
            "common_shares": 478511,
            "book_valuer_per_share": 56.63,
            "book_valuer_per_share_4q_avg": 60.87,
            "equity": 2709633,
            "current_ratio": 256.73,
            "debt_ratio": 27.28,
            "inventory_turnover_ratio": 0.25,
            "account_receivable_turnover_ratio": 0.73,
            "reinvestment_rate": 0.35,
            "research_to_sale_ratio": 5.97,
            "price_fair": 459.99,
            "eps_avg_yearly": 13.14,
            "eps_latest_yearly": 18.4,
            "eps_growth_yearly": 27.27
        },
        "20201": {
            "year_quarter": 20201,
            "year": 2020,
            "quarter": 1,
            "eps": 1.33,
            "eps_growth_year": -65.54,
            "eps_4q": 13.1,
            "eps_4q_growth_year": -7.93,
            "roe": 2.33,
            "roe_4q": 24.340000000000003,
            "gross_profit": 116406,
            "gross_margin": 83.61,
            "gross_margin_4q_avg": 85.62,
            "net_income": 63422,
            "net_income_4q": null,
            "revenue": 139226,
            "revenue_4q": null,
            "common_shares": 478511,
            "book_valuer_per_share": 57.1,
            "book_valuer_per_share_4q_avg": 57.7,
            "equity": 2732130,
            "current_ratio": 262.69,
            "debt_ratio": 26.92,
            "inventory_turnover_ratio": 0.19,
            "account_receivable_turnover_ratio": 0.38,
            "reinvestment_rate": -1.49,
            "research_to_sale_ratio": 7.25,
            "price_fair": 248.65,
            "eps_avg_yearly": 12.9,
            "eps_latest_yearly": 5.32,
            "eps_growth_yearly": 9.27
        },
        "20202": {
            "year_quarter": 20202,
            "year": 2020,
            "quarter": 2,
            "eps": 0.12,
            "eps_growth_year": -96.23,
            "eps_4q": 10.04,
            "eps_4q_growth_year": -18.84,
            "roe": 0.23,
            "roe_4q": 18.65,
            "gross_profit": 26743,
            "gross_margin": 68.99,
            "gross_margin_4q_avg": 80.36,
            "net_income": 5765,
            "net_income_4q": null,
            "revenue": 38762,
            "revenue_4q": null,
            "common_shares": 478511,
            "book_valuer_per_share": 48.66,
            "book_valuer_per_share_4q_avg": 53.78,
            "equity": 2328278,
            "current_ratio": 171.3,
            "debt_ratio": 37.48,
            "inventory_turnover_ratio": 0.09,
            "account_receivable_turnover_ratio": 0.09,
            "reinvestment_rate": 3.14,
            "research_to_sale_ratio": 22.73,
            "price_fair": 37.15,
            "eps_avg_yearly": 12.38,
            "eps_latest_yearly": 0.48,
            "eps_growth_yearly": -12.27
        },
        "20203": {
            "year_quarter": 20203,
            "year": 2020,
            "quarter": 3,
            "eps": 0.7,
            "eps_growth_year": -82.5,
            "eps_4q": 6.75,
            "eps_4q_growth_year": -48.02,
            "roe": 1.4,
            "roe_4q": 12.379999999999999,
            "gross_profit": 70639,
            "gross_margin": 64.1,
            "gross_margin_4q_avg": 76.28,
            "net_income": 33341,
            "net_income_4q": null,
            "revenue": 110206,
            "revenue_4q": null,
            "common_shares": 478511,
            "book_valuer_per_share": 50.66,
            "book_valuer_per_share_4q_avg": 53.26,
            "equity": 2424051,
            "current_ratio": 190.41,
            "debt_ratio": 34.2,
            "inventory_turnover_ratio": 0.3,
            "account_receivable_turnover_ratio": 0.25,
            "reinvestment_rate": 3.5,
            "research_to_sale_ratio": 8.43,
            "price_fair": 413.88,
            "eps_avg_yearly": 11.83,
            "eps_latest_yearly": 2.8,
            "eps_growth_yearly": 100.11
        },
        "20204": {
            "year_quarter": 20204,
            "year": 2020,
            "quarter": 4,
            "eps": 0.58,
            "eps_growth_year": -87.48,
            "eps_4q": 2.72,
            "eps_4q_growth_year": -81.7,
            "roe": 1.11,
            "roe_4q": 5.07,
            "gross_profit": 77781,
            "gross_margin": 67.7,
            "gross_margin_4q_avg": 71.1,
            "net_income": 27582,
            "net_income_4q": null,
            "revenue": 114898,
            "revenue_4q": null,
            "common_shares": 478511,
            "book_valuer_per_share": 53.13,
            "book_valuer_per_share_4q_avg": 52.39,
            "equity": 2542256,
            "current_ratio": 207.51,
            "debt_ratio": 28.97,
            "inventory_turnover_ratio": 0.31,
            "account_receivable_turnover_ratio": 0.3,
            "reinvestment_rate": 6.81,
            "research_to_sale_ratio": 8.64,
            "price_fair": 393.66,
            "eps_avg_yearly": 11.25,
            "eps_latest_yearly": 2.32,
            "eps_growth_yearly": 96.17
        },
        "20211": {
            "year_quarter": 20211,
            "year": 2021,
            "quarter": 1,
            "eps": 0.88,
            "eps_growth_year": -33.83,
            "eps_4q": 2.28,
            "eps_4q_growth_year": -82.62,
            "roe": 1.66,
            "roe_4q": 4.4,
            "gross_profit": 79924,
            "gross_margin": 72.57,
            "gross_margin_4q_avg": 68.34,
            "net_income": 42259,
            "net_income_4q": null,
            "revenue": 110137,
            "revenue_4q": null,
            "common_shares": 478511,
            "book_valuer_per_share": 53.52,
            "book_valuer_per_share_4q_avg": 51.49,
            "equity": 2561045,
            "current_ratio": 203.62,
            "debt_ratio": 28.84,
            "inventory_turnover_ratio": 0.27,
            "account_receivable_turnover_ratio": 0.35,
            "reinvestment_rate": 7.19,
            "research_to_sale_ratio": 9.44,
            "price_fair": 377.48,
            "eps_avg_yearly": 10.79,
            "eps_latest_yearly": 3.52,
            "eps_growth_yearly": 110.48
        },
        "20212": {
            "year_quarter": 20212,
            "year": 2021,
            "quarter": 2,
            "eps": 1.66,
            "eps_growth_year": 1283.33,
            "eps_4q": 3.81,
            "eps_4q_growth_year": -62.04,
            "roe": 3.15,
            "roe_4q": 7.32,
            "gross_profit": 80833,
            "gross_margin": 76.78,
            "gross_margin_4q_avg": 70.29,
            "net_income": 79284,
            "net_income_4q": null,
            "revenue": 105281,
            "revenue_4q": null,
            "common_shares": 478511,
            "book_valuer_per_share": 51.61,
            "book_valuer_per_share_4q_avg": 52.23,
            "equity": 2469809,
            "current_ratio": 188.08,
            "debt_ratio": 29.59,
            "inventory_turnover_ratio": 0.23,
            "account_receivable_turnover_ratio": 0.42,
            "reinvestment_rate": 5.7,
            "research_to_sale_ratio": 10.02,
            "price_fair": 369.6,
            "eps_avg_yearly": 10.56,
            "eps_latest_yearly": 6.64,
            "eps_growth_yearly": 134.2
        },
        "20213": {
            "year_quarter": 20213,
            "year": 2021,
            "quarter": 3,
            "eps": 1.53,
            "eps_growth_year": 118.57,
            "eps_4q": 4.64,
            "eps_4q_growth_year": -31.16,
            "roe": 2.92,
            "roe_4q": 8.84,
            "gross_profit": 127848,
            "gross_margin": 70.98,
            "gross_margin_4q_avg": 72.01,
            "net_income": 73088,
            "net_income_4q": null,
            "revenue": 180123,
            "revenue_4q": null,
            "common_shares": 478511,
            "book_valuer_per_share": 53.07,
            "book_valuer_per_share_4q_avg": 52.83,
            "equity": 2539567,
            "current_ratio": 211.67,
            "debt_ratio": 25.3,
            "inventory_turnover_ratio": 0.51,
            "account_receivable_turnover_ratio": 0.75,
            "reinvestment_rate": 5.4,
            "research_to_sale_ratio": 6.04,
            "price_fair": 349.3,
            "eps_avg_yearly": 9.98,
            "eps_latest_yearly": 6.12,
            "eps_growth_yearly": 119.64
        },
        "20214": {
            "year_quarter": 20214,
            "year": 2021,
            "quarter": 4,
            "eps": 1.29,
            "eps_growth_year": 123.5,
            "eps_4q": 5.36,
            "eps_4q_growth_year": 96.97,
            "roe": 2.39,
            "roe_4q": 10.120000000000001,
            "gross_profit": 144069,
            "gross_margin": 82.03,
            "gross_margin_4q_avg": 75.59,
            "net_income": 61645,
            "net_income_4q": null,
            "revenue": 175639,
            "revenue_4q": null,
            "common_shares": 478511,
            "book_valuer_per_share": 54.65,
            "book_valuer_per_share_4q_avg": 53.21,
            "equity": 2615144,
            "current_ratio": 219.45,
            "debt_ratio": 23.46,
            "inventory_turnover_ratio": 0.34,
            "account_receivable_turnover_ratio": 0.67,
            "reinvestment_rate": 9.66,
            "research_to_sale_ratio": 6.72,
            "price_fair": 330.58,
            "eps_avg_yearly": 9.45,
            "eps_latest_yearly": 5.16,
            "eps_growth_yearly": 118.45
        },
        "20221": {
            "year_quarter": 20221,
            "year": 2022,
            "quarter": 1,
            "eps": 1.79,
            "eps_growth_year": 103.41,
            "eps_4q": 6.26,
            "eps_4q_growth_year": 174.96,
            "roe": 3.15,
            "roe_4q": 11.610000000000001,
            "gross_profit": 122337,
            "gross_margin": 80.55,
            "gross_margin_4q_avg": 77.59,
            "net_income": 85541,
            "net_income_4q": null,
            "revenue": 151873,
            "revenue_4q": null,
            "common_shares": 478511,
            "book_valuer_per_share": 58.9,
            "book_valuer_per_share_4q_avg": 54.56,
            "equity": 2818488,
            "current_ratio": 230.1,
            "debt_ratio": 23.44,
            "inventory_turnover_ratio": 0.33,
            "account_receivable_turnover_ratio": 0.56,
            "reinvestment_rate": 13.86,
            "research_to_sale_ratio": 7.73,
            "price_fair": 314.65,
            "eps_avg_yearly": 8.99,
            "eps_latest_yearly": 7.16,
            "eps_growth_yearly": 126.83
        },
        "20222": {
            "year_quarter": 20222,
            "year": 2022,
            "quarter": 2,
            "eps": 0.48,
            "eps_growth_year": -71.08,
            "eps_4q": 5.08,
            "eps_4q_growth_year": 33.26,
            "roe": 0.85,
            "roe_4q": 9.31,
            "gross_profit": 87942,
            "gross_margin": 76.8,
            "gross_margin_4q_avg": 77.59,
            "net_income": 22888,
            "net_income_4q": null,
            "revenue": 114512,
            "revenue_4q": null,
            "common_shares": 478511,
            "book_valuer_per_share": 53.81,
            "book_valuer_per_share_4q_avg": 55.11,
            "equity": 2574817,
            "current_ratio": 183.87,
            "debt_ratio": 29.55,
            "inventory_turnover_ratio": 0.31,
            "account_receivable_turnover_ratio": 0.42,
            "reinvestment_rate": 6.86,
            "research_to_sale_ratio": 11.48,
            "price_fair": 294.79,
            "eps_avg_yearly": 8.42,
            "eps_latest_yearly": 1.92,
            "eps_growth_yearly": 114.49
        },
        "20223": {
            "year_quarter": 20223,
            "year": 2022,
            "quarter": 3,
            "eps": 0.7,
            "eps_growth_year": -54.25,
            "eps_4q": 4.26,
            "eps_4q_growth_year": -8.36,
            "roe": 1.29,
            "roe_4q": 7.68,
            "gross_profit": 114261,
            "gross_margin": 63.83,
            "gross_margin_4q_avg": 75.8,
            "net_income": 33567,
            "net_income_4q": null,
            "revenue": 178999,
            "revenue_4q": null,
            "common_shares": 478511,
            "book_valuer_per_share": 55.17,
            "book_valuer_per_share_4q_avg": 55.63,
            "equity": 2640118,
            "current_ratio": 199.96,
            "debt_ratio": 24.9,
            "inventory_turnover_ratio": 0.61,
            "account_receivable_turnover_ratio": 0.62,
            "reinvestment_rate": 4.01,
            "research_to_sale_ratio": 7.42,
            "price_fair": 263.55,
            "eps_avg_yearly": 7.53,
            "eps_latest_yearly": 2.8,
            "eps_growth_yearly": 112.13
        },
        "20224": {
            "year_quarter": 20224,
            "year": 2022,
            "quarter": 4,
            "eps": 0.9,
            "eps_growth_year": -30.51,
            "eps_4q": 3.86,
            "eps_4q_growth_year": -27.88,
            "roe": 1.63,
            "roe_4q": 6.92,
            "gross_profit": 63473,
            "gross_margin": 57.26,
            "gross_margin_4q_avg": 69.61,
            "net_income": 42838,
            "net_income_4q": null,
            "revenue": 110844,
            "revenue_4q": null,
            "common_shares": 478511,
            "book_valuer_per_share": 54.76,
            "book_valuer_per_share_4q_avg": 55.66,
            "equity": 2620370,
            "current_ratio": 204.14,
            "debt_ratio": 24.02,
            "inventory_turnover_ratio": 0.43,
            "account_receivable_turnover_ratio": 0.34,
            "reinvestment_rate": 1.54,
            "research_to_sale_ratio": 10.64,
            "price_fair": 241.5,
            "eps_avg_yearly": 6.9,
            "eps_latest_yearly": 3.6,
            "eps_growth_yearly": 124.25
        },
        "20231": {
            "year_quarter": 20231,
            "year": 2023,
            "quarter": 1,
            "eps": 0.4,
            "eps_growth_year": -77.65,
            "eps_4q": 2.47,
            "eps_4q_growth_year": -60.51,
            "roe": 0.72,
            "roe_4q": 4.489999999999999,
            "gross_profit": 60410,
            "gross_margin": 72.6,
            "gross_margin_4q_avg": 67.62,
            "net_income": 18988,
            "net_income_4q": null,
            "revenue": 83211,
            "revenue_4q": null,
            "common_shares": 478511,
            "book_valuer_per_share": 55.44,
            "book_valuer_per_share_4q_avg": 54.8,
            "equity": 2653035,
            "current_ratio": 214.66,
            "debt_ratio": 23.24,
            "inventory_turnover_ratio": 0.23,
            "account_receivable_turnover_ratio": 0.27,
            "reinvestment_rate": -2.26,
            "research_to_sale_ratio": 13.54,
            "price_fair": 211.23,
            "eps_avg_yearly": 6.04,
            "eps_latest_yearly": 1.6,
            "eps_growth_yearly": 107.14
        },
        "20232": {
            "year_quarter": 20232,
            "year": 2023,
            "quarter": 2,
            "eps": -0.09,
            "eps_growth_year": -118.75,
            "eps_4q": 1.91,
            "eps_4q_growth_year": -62.46,
            "roe": -0.16,
            "roe_4q": 3.48,
            "gross_profit": 57259,
            "gross_margin": 62.95,
            "gross_margin_4q_avg": 64.16,
            "net_income": -4108,
            "net_income_4q": null,
            "revenue": 90959,
            "revenue_4q": null,
            "common_shares": 478511,
            "book_valuer_per_share": 50.53,
            "book_valuer_per_share_4q_avg": 53.98,
            "equity": 2417967,
            "current_ratio": 172.43,
            "debt_ratio": 27.75,
            "inventory_turnover_ratio": 0.38,
            "account_receivable_turnover_ratio": 0.32,
            "reinvestment_rate": -0.73,
            "research_to_sale_ratio": 12.69,
            "price_fair": 195.63,
            "eps_avg_yearly": 5.59,
            "eps_latest_yearly": 1.6,
            "eps_growth_yearly": 118.98
        },
        "20233": {
            "year_quarter": 20233,
            "year": 2023,
            "quarter": 3,
            "eps": 0.43,
            "eps_growth_year": -38.57,
            "eps_4q": 1.64,
            "eps_4q_growth_year": -61.44,
            "roe": 0.84,
            "roe_4q": 3.03,
            "gross_profit": 73631,
            "gross_margin": 55.19,
            "gross_margin_4q_avg": 62,
            "net_income": 20812,
            "net_income_4q": null,
            "revenue": 133421,
            "revenue_4q": null,
            "common_shares": 478511,
            "book_valuer_per_share": 53.07,
            "book_valuer_per_share_4q_avg": 53.45,
            "equity": 2539597,
            "current_ratio": 205.33,
            "debt_ratio": 21.52,
            "inventory_turnover_ratio": 0.61,
            "account_receivable_turnover_ratio": 0.45,
            "reinvestment_rate": -1.31,
            "research_to_sale_ratio": 8.53,
            "price_fair": 169.6,
            "eps_avg_yearly": 4.85,
            "eps_latest_yearly": 1.6,
            "eps_growth_yearly": 120.11
        }
    },
    "months": {
        "2015-05": {
            "month": "2015-05",
            "price": "152.89",
            "revenue": 42032
        },
        "2015-06": {
            "month": "2015-06",
            "price": "144.95",
            "revenue": 41659
        },
        "2015-07": {
            "month": "2015-07",
            "price": "148.55",
            "revenue": 73339
        },
        "2015-08": {
            "month": "2015-08",
            "price": "124.86",
            "revenue": 57316
        },
        "2015-09": {
            "month": "2015-09",
            "price": "109.22",
            "revenue": 67655
        },
        "2015-10": {
            "month": "2015-10",
            "price": "122.26",
            "revenue": 45734
        },
        "2015-11": {
            "month": "2015-11",
            "price": "142.62",
            "revenue": 48151
        },
        "2015-12": {
            "month": "2015-12",
            "price": "137.00",
            "revenue": 67660
        },
        "2016-01": {
            "month": "2016-01",
            "price": "143.86",
            "revenue": 59801
        },
        "2016-02": {
            "month": "2016-02",
            "price": "153.77",
            "revenue": 48152
        },
        "2016-03": {
            "month": "2016-03",
            "price": "161.37",
            "revenue": 69515
        },
        "2016-04": {
            "month": "2016-04",
            "price": "169.21",
            "revenue": 46649
        },
        "2016-05": {
            "month": "2016-05",
            "price": "168.52",
            "revenue": 52244
        },
        "2016-06": {
            "month": "2016-06",
            "price": "172.98",
            "revenue": 50822
        },
        "2016-07": {
            "month": "2016-07",
            "price": "180.72",
            "revenue": 83376
        },
        "2016-08": {
            "month": "2016-08",
            "price": "184.17",
            "revenue": 68074
        },
        "2016-09": {
            "month": "2016-09",
            "price": "189.74",
            "revenue": 75257
        },
        "2016-10": {
            "month": "2016-10",
            "price": "192.85",
            "revenue": 50427
        },
        "2016-11": {
            "month": "2016-11",
            "price": "181.93",
            "revenue": 52727
        },
        "2016-12": {
            "month": "2016-12",
            "price": "186.23",
            "revenue": 72053
        },
        "2017-01": {
            "month": "2017-01",
            "price": "176.88",
            "revenue": 61745
        },
        "2017-02": {
            "month": "2017-02",
            "price": "176.08",
            "revenue": 60271
        },
        "2017-03": {
            "month": "2017-03",
            "price": "176.78",
            "revenue": 71794
        },
        "2017-04": {
            "month": "2017-04",
            "price": "176.06",
            "revenue": 48888
        },
        "2017-05": {
            "month": "2017-05",
            "price": "181.32",
            "revenue": 53499
        },
        "2017-06": {
            "month": "2017-06",
            "price": "177.22",
            "revenue": 54248
        },
        "2017-07": {
            "month": "2017-07",
            "price": "174.24",
            "revenue": 92327
        },
        "2017-08": {
            "month": "2017-08",
            "price": "172.17",
            "revenue": 77530
        },
        "2017-09": {
            "month": "2017-09",
            "price": "170.91",
            "revenue": 87935
        },
        "2017-10": {
            "month": "2017-10",
            "price": "172.34",
            "revenue": 58846
        },
        "2017-11": {
            "month": "2017-11",
            "price": "185.30",
            "revenue": 61460
        },
        "2017-12": {
            "month": "2017-12",
            "price": "217.00",
            "revenue": 82311
        },
        "2018-01": {
            "month": "2018-01",
            "price": "244.64",
            "revenue": 73494
        },
        "2018-02": {
            "month": "2018-02",
            "price": "249.42",
            "revenue": 71941
        },
        "2018-03": {
            "month": "2018-03",
            "price": "265.24",
            "revenue": 89402
        },
        "2018-04": {
            "month": "2018-04",
            "price": "238.58",
            "revenue": 64347
        },
        "2018-05": {
            "month": "2018-05",
            "price": "256.27",
            "revenue": 70760
        },
        "2018-06": {
            "month": "2018-06",
            "price": "251.00",
            "revenue": 67851
        },
        "2018-07": {
            "month": "2018-07",
            "price": "248.50",
            "revenue": 113031
        },
        "2018-08": {
            "month": "2018-08",
            "price": "216.91",
            "revenue": 91095
        },
        "2018-09": {
            "month": "2018-09",
            "price": "213.53",
            "revenue": 101956
        },
        "2018-10": {
            "month": "2018-10",
            "price": "212.02",
            "revenue": 67052
        },
        "2018-11": {
            "month": "2018-11",
            "price": "212.34",
            "revenue": 71190
        },
        "2018-12": {
            "month": "2018-12",
            "price": "206.24",
            "revenue": 95270
        },
        "2019-01": {
            "month": "2019-01",
            "price": "204.02",
            "revenue": 86132
        },
        "2019-02": {
            "month": "2019-02",
            "price": "210.85",
            "revenue": 84244
        },
        "2019-03": {
            "month": "2019-03",
            "price": "231.60",
            "revenue": 104826
        },
        "2019-04": {
            "month": "2019-04",
            "price": "246.35",
            "revenue": 73947
        },
        "2019-05": {
            "month": "2019-05",
            "price": "256.41",
            "revenue": 77669
        },
        "2019-06": {
            "month": "2019-06",
            "price": "261.11",
            "revenue": 78434
        },
        "2019-07": {
            "month": "2019-07",
            "price": "278.65",
            "revenue": 129556
        },
        "2019-08": {
            "month": "2019-08",
            "price": "242.95",
            "revenue": 101702
        },
        "2019-09": {
            "month": "2019-09",
            "price": "252.11",
            "revenue": 116446
        },
        "2019-10": {
            "month": "2019-10",
            "price": "254.81",
            "revenue": 69138
        },
        "2019-11": {
            "month": "2019-11",
            "price": "245.81",
            "revenue": 75058
        },
        "2019-12": {
            "month": "2019-12",
            "price": "238.36",
            "revenue": 99556
        },
        "2020-01": {
            "month": "2020-01",
            "price": "236.20",
            "revenue": 85105
        },
        "2020-02": {
            "month": "2020-02",
            "price": "218.21",
            "revenue": 26644
        },
        "2020-03": {
            "month": "2020-03",
            "price": "184.93",
            "revenue": 27477
        },
        "2020-04": {
            "month": "2020-04",
            "price": "175.28",
            "revenue": 9949
        },
        "2020-05": {
            "month": "2020-05",
            "price": "186.82",
            "revenue": 12432
        },
        "2020-06": {
            "month": "2020-06",
            "price": "192.95",
            "revenue": 16380
        },
        "2020-07": {
            "month": "2020-07",
            "price": "181.98",
            "revenue": 40314
        },
        "2020-08": {
            "month": "2020-08",
            "price": "174.14",
            "revenue": 26032
        },
        "2020-09": {
            "month": "2020-09",
            "price": "179.41",
            "revenue": 43860
        },
        "2020-10": {
            "month": "2020-10",
            "price": "178.05",
            "revenue": 36333
        },
        "2020-11": {
            "month": "2020-11",
            "price": "179.83",
            "revenue": 36215
        },
        "2020-12": {
            "month": "2020-12",
            "price": "178.07",
            "revenue": 42350
        },
        "2021-01": {
            "month": "2021-01",
            "price": "161.02",
            "revenue": 34741
        },
        "2021-02": {
            "month": "2021-02",
            "price": "161.54",
            "revenue": 28670
        },
        "2021-03": {
            "month": "2021-03",
            "price": "181.73",
            "revenue": 46726
        },
        "2021-04": {
            "month": "2021-04",
            "price": "180.50",
            "revenue": 30910
        },
        "2021-05": {
            "month": "2021-05",
            "price": "171.26",
            "revenue": 27797
        },
        "2021-06": {
            "month": "2021-06",
            "price": "175.93",
            "revenue": 46574
        },
        "2021-07": {
            "month": "2021-07",
            "price": "179.43",
            "revenue": 61243
        },
        "2021-08": {
            "month": "2021-08",
            "price": "165.18",
            "revenue": 47465
        },
        "2021-09": {
            "month": "2021-09",
            "price": "157.62",
            "revenue": 71415
        },
        "2021-10": {
            "month": "2021-10",
            "price": "152.02",
            "revenue": 52149
        },
        "2021-11": {
            "month": "2021-11",
            "price": "149.73",
            "revenue": 50394
        },
        "2021-12": {
            "month": "2021-12",
            "price": "145.07",
            "revenue": 73096
        },
        "2022-01": {
            "month": "2022-01",
            "price": "140.33",
            "revenue": 47574
        },
        "2022-02": {
            "month": "2022-02",
            "price": "138.63",
            "revenue": 41943
        },
        "2022-03": {
            "month": "2022-03",
            "price": "121.30",
            "revenue": 62356
        },
        "2022-04": {
            "month": "2022-04",
            "price": "114.86",
            "revenue": 33423
        },
        "2022-05": {
            "month": "2022-05",
            "price": "103.00",
            "revenue": 28822
        },
        "2022-06": {
            "month": "2022-06",
            "price": "112.50",
            "revenue": 52267
        },
        "2022-07": {
            "month": "2022-07",
            "price": "115.33",
            "revenue": 60803
        },
        "2022-08": {
            "month": "2022-08",
            "price": "109.41",
            "revenue": 43374
        },
        "2022-09": {
            "month": "2022-09",
            "price": "98.98",
            "revenue": 74822
        },
        "2022-10": {
            "month": "2022-10",
            "price": "86.50",
            "revenue": 43598
        },
        "2022-11": {
            "month": "2022-11",
            "price": "83.02",
            "revenue": 35802
        },
        "2022-12": {
            "month": "2022-12",
            "price": "102.34",
            "revenue": 31444
        },
        "2023-01": {
            "month": "2023-01",
            "price": "101.46",
            "revenue": 15310
        },
        "2023-02": {
            "month": "2023-02",
            "price": "110.58",
            "revenue": 27201
        },
        "2023-03": {
            "month": "2023-03",
            "price": "118.20",
            "revenue": 40700
        },
        "2023-04": {
            "month": "2023-04",
            "price": "112.38",
            "revenue": 26526
        },
        "2023-05": {
            "month": "2023-05",
            "price": "106.93",
            "revenue": 22814
        },
        "2023-06": {
            "month": "2023-06",
            "price": "100.90",
            "revenue": 44100
        },
        "2023-07": {
            "month": "2023-07",
            "price": "99.71",
            "revenue": 50934
        },
        "2023-08": {
            "month": "2023-08",
            "price": "90.36",
            "revenue": 31363
        },
        "2023-09": {
            "month": "2023-09",
            "price": "78.43",
            "revenue": 51119
        },
        "2023-10": {
            "month": "2023-10",
            "price": "62.00",
            "revenue": 31367
        },
        "2023-11": {
            "month": "2023-11",
            "price": "49.02",
            "revenue": 29675
        },
        "2023-12": {
            "month": "2023-12",
            "price": "49.40",
            "revenue": 27199
        }
    }
}
