{
    "summary": {
        "stock_name": "綠電",
        "stock_id": "8440",
        "category": "綠能環保",
        "main_business": "廢棄物清除處理業務",
        "website_url": "http://www.eer.com.tw",
        "ceo": "莊淑珍",
        "pe_ratio": 29,
        "report_year_from": 2011,
        "report_year_to": 2023,
        "age": 13,
        "eps_negative_percentage": 0,
        "eps_growth_avg": {
            "last_all": 17.48,
            "last_2y": 37.82,
            "last_4y": 25.39,
            "last_8y": null,
            "last_12y": null,
            "last_16y": null,
            "last_20y": null,
            "at_2006_last_3y": null,
            "at_2007_last_3y": null,
            "at_2008_last_3y": null,
            "at_2009_last_3y": null,
            "at_2010_last_3y": null,
            "at_2011_last_3y": null,
            "at_2012_last_3y": null,
            "at_2013_last_3y": null,
            "at_2014_last_3y": null,
            "at_2015_last_3y": null,
            "at_2016_last_3y": null,
            "at_2017_last_3y": null,
            "at_2018_last_3y": null,
            "at_2019_last_3y": null,
            "at_2020_last_3y": null,
            "at_2021_last_3y": 22.86,
            "at_2022_last_3y": 19.79,
            "at_2023_last_3y": 34.1,
            "at_2024_last_3y": 34.1,
            "at_2006_last_all": null,
            "at_2007_last_all": null,
            "at_2008_last_all": null,
            "at_2009_last_all": null,
            "at_2010_last_all": null,
            "at_2011_last_all": null,
            "at_2012_last_all": null,
            "at_2013_last_all": null,
            "at_2014_last_all": null,
            "at_2015_last_all": null,
            "at_2016_last_all": null,
            "at_2017_last_all": null,
            "at_2018_last_all": null,
            "at_2019_last_all": -15.75,
            "at_2020_last_all": -2.86,
            "at_2021_last_all": 22.86,
            "at_2022_last_all": 11.42,
            "at_2023_last_all": 17.48,
            "at_2024_last_all": 17.48
        },
        "latest_eps": 1.32,
        "latest_price": 38.8,
        "latest_roe": 8.34,
        "latest_gross_margin": 9.45,
        "latest_equity": 616575,
        "latest_revenue": 238733,
        "latest_gross_profit": 22563,
        "latest_net_income": 8948,
        "latest_debt_ratio": 20.71,
        "latest_current_ratio": 484.53,
        "latest_account_receivable_turnover_ratio": 3.26,
        "latest_inventory_turnover_ratio": 1.97,
        "latest_reinvestment_rate": 17.99,
        "latest_research_to_sale_ratio": 0.13
    },
    "eps_dividends": {
        "2001": {
            "cash": 0,
            "stock": 0,
            "eps": 0
        },
        "2002": {
            "cash": 0,
            "stock": 0,
            "eps": 0
        },
        "2003": {
            "cash": 0,
            "stock": 0,
            "eps": 0
        },
        "2004": {
            "cash": 0,
            "stock": 0,
            "eps": 0
        },
        "2005": {
            "cash": 0,
            "stock": 0,
            "eps": 0
        },
        "2006": {
            "cash": 0,
            "stock": 0,
            "eps": 0
        },
        "2007": {
            "cash": 0,
            "stock": 0,
            "eps": 0
        },
        "2008": {
            "cash": 0,
            "stock": 0,
            "eps": 0
        },
        "2009": {
            "cash": 0,
            "stock": 0,
            "eps": 0
        },
        "2010": {
            "cash": 0,
            "stock": 0,
            "eps": 0
        },
        "2011": {
            "cash": 0,
            "stock": 0,
            "eps": 0
        },
        "2012": {
            "cash": 0,
            "stock": 0,
            "eps": 0
        },
        "2013": {
            "cash": 0.2,
            "stock": 1,
            "eps": 0
        },
        "2014": {
            "cash": 0.3,
            "stock": 0,
            "eps": 0
        },
        "2015": {
            "cash": 0.9,
            "stock": 0,
            "eps": 0
        },
        "2016": {
            "cash": 0.3,
            "stock": 0.5,
            "eps": 0
        },
        "2017": {
            "cash": 0.75,
            "stock": 0,
            "eps": 0.68
        },
        "2018": {
            "cash": 0.86,
            "stock": 0,
            "eps": 0.53
        },
        "2019": {
            "cash": 0.5,
            "stock": 0,
            "eps": 0.48
        },
        "2020": {
            "cash": 0.4,
            "stock": 0,
            "eps": 0.59
        },
        "2021": {
            "cash": 0.3,
            "stock": 0,
            "eps": 1.37
        },
        "2022": {
            "cash": 0.6,
            "stock": 0,
            "eps": 0.9
        },
        "2023": {
            "cash": 0.4,
            "stock": 0,
            "eps": 1.33
        },
        "2024": {
            "cash": 0.17,
            "stock": 1.5,
            "eps": 0
        }
    },
    "dividends": {
        "2013-04-22": {
            "cash": 0.2,
            "stock": 1
        },
        "2014-02-24": {
            "cash": 0.3,
            "stock": 0
        },
        "2015-06-12": {
            "cash": 0.9,
            "stock": 0
        },
        "2016-06-30": {
            "cash": 0.3,
            "stock": 0.5
        },
        "2017-05-05": {
            "cash": 0.75,
            "stock": 0
        },
        "2018-06-08": {
            "cash": 0.86,
            "stock": 0
        },
        "2019-06-06": {
            "cash": 0.5,
            "stock": 0
        },
        "2020-06-12": {
            "cash": 0.4,
            "stock": 0
        },
        "2021-06-11": {
            "cash": 0.3,
            "stock": 0
        },
        "2022-06-24": {
            "cash": 0.6,
            "stock": 0
        },
        "2023-06-20": {
            "cash": 0.4,
            "stock": 0
        },
        "2024-02-20": {
            "cash": 0.17,
            "stock": 1.5
        }
    },
    "prices": {
        "200101": "無",
        "200102": "無",
        "200103": "無",
        "200104": "無",
        "200105": "無",
        "200106": "無",
        "200107": "無",
        "200108": "無",
        "200109": "無",
        "200110": "無",
        "200111": "無",
        "200112": "無",
        "200201": "無",
        "200202": "無",
        "200203": "無",
        "200204": "無",
        "200205": "無",
        "200206": "無",
        "200207": "無",
        "200208": "無",
        "200209": "無",
        "200210": "無",
        "200211": "無",
        "200212": "無",
        "200301": "無",
        "200302": "無",
        "200303": "無",
        "200304": "無",
        "200305": "無",
        "200306": "無",
        "200307": "無",
        "200308": "無",
        "200309": "無",
        "200310": "無",
        "200311": "無",
        "200312": "無",
        "200401": "無",
        "200402": "無",
        "200403": "無",
        "200404": "無",
        "200405": "無",
        "200406": "無",
        "200407": "無",
        "200408": "無",
        "200409": "無",
        "200410": "無",
        "200411": "無",
        "200412": "無",
        "200501": "無",
        "200502": "無",
        "200503": "無",
        "200504": "無",
        "200505": "無",
        "200506": "無",
        "200507": "無",
        "200508": "無",
        "200509": "無",
        "200510": "無",
        "200511": "無",
        "200512": "無",
        "200601": "無",
        "200602": "無",
        "200603": "無",
        "200604": "無",
        "200605": "無",
        "200606": "無",
        "200607": "無",
        "200608": "無",
        "200609": "無",
        "200610": "無",
        "200611": "無",
        "200612": "無",
        "200701": "無",
        "200702": "無",
        "200703": "無",
        "200704": "無",
        "200705": "無",
        "200706": "無",
        "200707": "無",
        "200708": "無",
        "200709": "無",
        "200710": "無",
        "200711": "無",
        "200712": "無",
        "200801": "無",
        "200802": "無",
        "200803": "無",
        "200804": "無",
        "200805": "無",
        "200806": "無",
        "200807": "無",
        "200808": "無",
        "200809": "無",
        "200810": "無",
        "200811": "無",
        "200812": "無",
        "200901": "無",
        "200902": "無",
        "200903": "無",
        "200904": "無",
        "200905": "無",
        "200906": "無",
        "200907": "無",
        "200908": "無",
        "200909": "無",
        "200910": "無",
        "200911": "無",
        "200912": "無",
        "201001": "無",
        "201002": "無",
        "201003": "無",
        "201004": "無",
        "201005": "無",
        "201006": "無",
        "201007": "無",
        "201008": "無",
        "201009": "無",
        "201010": "無",
        "201011": "無",
        "201012": "無",
        "201101": "無",
        "201102": "無",
        "201103": "無",
        "201104": "無",
        "201105": "無",
        "201106": "無",
        "201107": "無",
        "201108": "無",
        "201109": "無",
        "201110": "無",
        "201111": "無",
        "201112": "無",
        "201201": "無",
        "201202": "無",
        "201203": "無",
        "201204": "無",
        "201205": "無",
        "201206": "40.26",
        "201207": "39.95",
        "201208": "39.34",
        "201209": "36.83",
        "201210": "37.12",
        "201211": "37.83",
        "201212": "38.48",
        "201301": "36.72",
        "201302": "36.24",
        "201303": "31.52",
        "201304": "22.10",
        "201305": "19.54",
        "201306": "19.61",
        "201307": "18.19",
        "201308": "17.75",
        "201309": "16.28",
        "201310": "18.15",
        "201311": "17.78",
        "201312": "18.04",
        "201401": "17.93",
        "201402": "18.05",
        "201403": "17.45",
        "201404": "16.89",
        "201405": "16.07",
        "201406": "16.05",
        "201407": "16.43",
        "201408": "16.49",
        "201409": "18.57",
        "201410": "19.17",
        "201411": "19.03",
        "201412": "18.44",
        "201501": "18.24",
        "201502": "18.71",
        "201503": "18.51",
        "201504": "18.58",
        "201505": "18.27",
        "201506": "17.36",
        "201507": "17.20",
        "201508": "14.02",
        "201509": "12.46",
        "201510": "13.27",
        "201511": "13.55",
        "201512": "12.78",
        "201601": "12.14",
        "201602": "12.10",
        "201603": "12.68",
        "201604": "12.45",
        "201605": "12.39",
        "201606": "14.13",
        "201607": "13.64",
        "201608": "13.04",
        "201609": "13.44",
        "201610": "13.51",
        "201611": "13.20",
        "201612": "13.09",
        "201701": "14.70",
        "201702": "14.71",
        "201703": "18.10",
        "201704": "20.95",
        "201705": "19.16",
        "201706": "20.01",
        "201707": "18.95",
        "201708": "18.44",
        "201709": "19.03",
        "201710": "20.09",
        "201711": "20.83",
        "201712": "22.25",
        "201801": "22.33",
        "201802": "23.00",
        "201803": "25.72",
        "201804": "24.19",
        "201805": "22.75",
        "201806": "21.12",
        "201807": "19.74",
        "201808": "18.57",
        "201809": "17.71",
        "201810": "16.65",
        "201811": "15.86",
        "201812": "15.40",
        "201901": "15.69",
        "201902": "17.18",
        "201903": "16.25",
        "201904": "15.47",
        "201905": "15.17",
        "201906": "14.46",
        "201907": "14.33",
        "201908": "13.91",
        "201909": "13.82",
        "201910": "13.50",
        "201911": "13.20",
        "201912": "13.81",
        "202001": "13.80",
        "202002": "13.83",
        "202003": "12.55",
        "202004": "12.12",
        "202005": "12.82",
        "202006": "12.72",
        "202007": "14.12",
        "202008": "14.37",
        "202009": "16.70",
        "202010": "20.30",
        "202011": "18.50",
        "202012": "17.46",
        "202101": "16.02",
        "202102": "15.58",
        "202103": "16.26",
        "202104": "19.12",
        "202105": "18.95",
        "202106": "19.53",
        "202107": "19.76",
        "202108": "18.53",
        "202109": "18.44",
        "202110": "17.86",
        "202111": "19.18",
        "202112": "20.72",
        "202201": "27.89",
        "202202": "39.10",
        "202203": "58.03",
        "202204": "80.82",
        "202205": "70.48",
        "202206": "64.52",
        "202207": "56.77",
        "202208": "51.74",
        "202209": "45.61",
        "202210": "35.56",
        "202211": "42.15",
        "202212": "46.11",
        "202301": "45.34",
        "202302": "45.73",
        "202303": "46.22",
        "202304": "48.26",
        "202305": "43.61",
        "202306": "43.60",
        "202307": "39.83",
        "202308": "37.63",
        "202309": "36.95",
        "202310": "34.72",
        "202311": "33.90",
        "202312": "36.13"
    },
    "quarters": {
        "20011": {
            "year_quarter": 20011,
            "year": 2001,
            "quarter": 1,
            "eps": null,
            "eps_growth_year": null,
            "eps_4q": null,
            "eps_4q_growth_year": null,
            "roe": null,
            "roe_4q": 0,
            "gross_profit": null,
            "gross_margin": null,
            "gross_margin_4q_avg": 0,
            "net_income": null,
            "net_income_4q": null,
            "revenue": null,
            "revenue_4q": null,
            "common_shares": null,
            "book_valuer_per_share": null,
            "book_valuer_per_share_4q_avg": 0,
            "equity": null,
            "current_ratio": null,
            "debt_ratio": null,
            "inventory_turnover_ratio": null,
            "account_receivable_turnover_ratio": null,
            "reinvestment_rate": null,
            "research_to_sale_ratio": null,
            "price_fair": 0,
            "eps_avg_yearly": 0,
            "eps_latest_yearly": 0,
            "eps_growth_yearly": 0
        },
        "20012": {
            "year_quarter": 20012,
            "year": 2001,
            "quarter": 2,
            "eps": null,
            "eps_growth_year": null,
            "eps_4q": null,
            "eps_4q_growth_year": null,
            "roe": null,
            "roe_4q": 0,
            "gross_profit": null,
            "gross_margin": null,
            "gross_margin_4q_avg": 0,
            "net_income": null,
            "net_income_4q": null,
            "revenue": null,
            "revenue_4q": null,
            "common_shares": null,
            "book_valuer_per_share": null,
            "book_valuer_per_share_4q_avg": 0,
            "equity": null,
            "current_ratio": null,
            "debt_ratio": null,
            "inventory_turnover_ratio": null,
            "account_receivable_turnover_ratio": null,
            "reinvestment_rate": null,
            "research_to_sale_ratio": null,
            "price_fair": 0,
            "eps_avg_yearly": 0,
            "eps_latest_yearly": 0,
            "eps_growth_yearly": 0
        },
        "20013": {
            "year_quarter": 20013,
            "year": 2001,
            "quarter": 3,
            "eps": null,
            "eps_growth_year": null,
            "eps_4q": null,
            "eps_4q_growth_year": null,
            "roe": null,
            "roe_4q": 0,
            "gross_profit": null,
            "gross_margin": null,
            "gross_margin_4q_avg": 0,
            "net_income": null,
            "net_income_4q": null,
            "revenue": null,
            "revenue_4q": null,
            "common_shares": null,
            "book_valuer_per_share": null,
            "book_valuer_per_share_4q_avg": 0,
            "equity": null,
            "current_ratio": null,
            "debt_ratio": null,
            "inventory_turnover_ratio": null,
            "account_receivable_turnover_ratio": null,
            "reinvestment_rate": null,
            "research_to_sale_ratio": null,
            "price_fair": 0,
            "eps_avg_yearly": 0,
            "eps_latest_yearly": 0,
            "eps_growth_yearly": 0
        },
        "20014": {
            "year_quarter": 20014,
            "year": 2001,
            "quarter": 4,
            "eps": null,
            "eps_growth_year": null,
            "eps_4q": null,
            "eps_4q_growth_year": null,
            "roe": null,
            "roe_4q": 0,
            "gross_profit": null,
            "gross_margin": null,
            "gross_margin_4q_avg": 0,
            "net_income": null,
            "net_income_4q": null,
            "revenue": null,
            "revenue_4q": null,
            "common_shares": null,
            "book_valuer_per_share": null,
            "book_valuer_per_share_4q_avg": 0,
            "equity": null,
            "current_ratio": null,
            "debt_ratio": null,
            "inventory_turnover_ratio": null,
            "account_receivable_turnover_ratio": null,
            "reinvestment_rate": null,
            "research_to_sale_ratio": null,
            "price_fair": 0,
            "eps_avg_yearly": 0,
            "eps_latest_yearly": 0,
            "eps_growth_yearly": 0
        },
        "20021": {
            "year_quarter": 20021,
            "year": 2002,
            "quarter": 1,
            "eps": null,
            "eps_growth_year": null,
            "eps_4q": null,
            "eps_4q_growth_year": null,
            "roe": null,
            "roe_4q": 0,
            "gross_profit": null,
            "gross_margin": null,
            "gross_margin_4q_avg": 0,
            "net_income": null,
            "net_income_4q": null,
            "revenue": null,
            "revenue_4q": null,
            "common_shares": null,
            "book_valuer_per_share": null,
            "book_valuer_per_share_4q_avg": 0,
            "equity": null,
            "current_ratio": null,
            "debt_ratio": null,
            "inventory_turnover_ratio": null,
            "account_receivable_turnover_ratio": null,
            "reinvestment_rate": null,
            "research_to_sale_ratio": null,
            "price_fair": 0,
            "eps_avg_yearly": 0,
            "eps_latest_yearly": 0,
            "eps_growth_yearly": 0
        },
        "20022": {
            "year_quarter": 20022,
            "year": 2002,
            "quarter": 2,
            "eps": null,
            "eps_growth_year": null,
            "eps_4q": null,
            "eps_4q_growth_year": null,
            "roe": null,
            "roe_4q": 0,
            "gross_profit": null,
            "gross_margin": null,
            "gross_margin_4q_avg": 0,
            "net_income": null,
            "net_income_4q": null,
            "revenue": null,
            "revenue_4q": null,
            "common_shares": null,
            "book_valuer_per_share": null,
            "book_valuer_per_share_4q_avg": 0,
            "equity": null,
            "current_ratio": null,
            "debt_ratio": null,
            "inventory_turnover_ratio": null,
            "account_receivable_turnover_ratio": null,
            "reinvestment_rate": null,
            "research_to_sale_ratio": null,
            "price_fair": 0,
            "eps_avg_yearly": 0,
            "eps_latest_yearly": 0,
            "eps_growth_yearly": 0
        },
        "20023": {
            "year_quarter": 20023,
            "year": 2002,
            "quarter": 3,
            "eps": null,
            "eps_growth_year": null,
            "eps_4q": null,
            "eps_4q_growth_year": null,
            "roe": null,
            "roe_4q": 0,
            "gross_profit": null,
            "gross_margin": null,
            "gross_margin_4q_avg": 0,
            "net_income": null,
            "net_income_4q": null,
            "revenue": null,
            "revenue_4q": null,
            "common_shares": null,
            "book_valuer_per_share": null,
            "book_valuer_per_share_4q_avg": 0,
            "equity": null,
            "current_ratio": null,
            "debt_ratio": null,
            "inventory_turnover_ratio": null,
            "account_receivable_turnover_ratio": null,
            "reinvestment_rate": null,
            "research_to_sale_ratio": null,
            "price_fair": 0,
            "eps_avg_yearly": 0,
            "eps_latest_yearly": 0,
            "eps_growth_yearly": 0
        },
        "20024": {
            "year_quarter": 20024,
            "year": 2002,
            "quarter": 4,
            "eps": null,
            "eps_growth_year": null,
            "eps_4q": null,
            "eps_4q_growth_year": null,
            "roe": null,
            "roe_4q": 0,
            "gross_profit": null,
            "gross_margin": null,
            "gross_margin_4q_avg": 0,
            "net_income": null,
            "net_income_4q": null,
            "revenue": null,
            "revenue_4q": null,
            "common_shares": null,
            "book_valuer_per_share": null,
            "book_valuer_per_share_4q_avg": 0,
            "equity": null,
            "current_ratio": null,
            "debt_ratio": null,
            "inventory_turnover_ratio": null,
            "account_receivable_turnover_ratio": null,
            "reinvestment_rate": null,
            "research_to_sale_ratio": null,
            "price_fair": 0,
            "eps_avg_yearly": 0,
            "eps_latest_yearly": 0,
            "eps_growth_yearly": 0
        },
        "20031": {
            "year_quarter": 20031,
            "year": 2003,
            "quarter": 1,
            "eps": null,
            "eps_growth_year": null,
            "eps_4q": null,
            "eps_4q_growth_year": null,
            "roe": null,
            "roe_4q": 0,
            "gross_profit": null,
            "gross_margin": null,
            "gross_margin_4q_avg": 0,
            "net_income": null,
            "net_income_4q": null,
            "revenue": null,
            "revenue_4q": null,
            "common_shares": null,
            "book_valuer_per_share": null,
            "book_valuer_per_share_4q_avg": 0,
            "equity": null,
            "current_ratio": null,
            "debt_ratio": null,
            "inventory_turnover_ratio": null,
            "account_receivable_turnover_ratio": null,
            "reinvestment_rate": null,
            "research_to_sale_ratio": null,
            "price_fair": 0,
            "eps_avg_yearly": 0,
            "eps_latest_yearly": 0,
            "eps_growth_yearly": 0
        },
        "20032": {
            "year_quarter": 20032,
            "year": 2003,
            "quarter": 2,
            "eps": null,
            "eps_growth_year": null,
            "eps_4q": null,
            "eps_4q_growth_year": null,
            "roe": null,
            "roe_4q": 0,
            "gross_profit": null,
            "gross_margin": null,
            "gross_margin_4q_avg": 0,
            "net_income": null,
            "net_income_4q": null,
            "revenue": null,
            "revenue_4q": null,
            "common_shares": null,
            "book_valuer_per_share": null,
            "book_valuer_per_share_4q_avg": 0,
            "equity": null,
            "current_ratio": null,
            "debt_ratio": null,
            "inventory_turnover_ratio": null,
            "account_receivable_turnover_ratio": null,
            "reinvestment_rate": null,
            "research_to_sale_ratio": null,
            "price_fair": 0,
            "eps_avg_yearly": 0,
            "eps_latest_yearly": 0,
            "eps_growth_yearly": 0
        },
        "20033": {
            "year_quarter": 20033,
            "year": 2003,
            "quarter": 3,
            "eps": null,
            "eps_growth_year": null,
            "eps_4q": null,
            "eps_4q_growth_year": null,
            "roe": null,
            "roe_4q": 0,
            "gross_profit": null,
            "gross_margin": null,
            "gross_margin_4q_avg": 0,
            "net_income": null,
            "net_income_4q": null,
            "revenue": null,
            "revenue_4q": null,
            "common_shares": null,
            "book_valuer_per_share": null,
            "book_valuer_per_share_4q_avg": 0,
            "equity": null,
            "current_ratio": null,
            "debt_ratio": null,
            "inventory_turnover_ratio": null,
            "account_receivable_turnover_ratio": null,
            "reinvestment_rate": null,
            "research_to_sale_ratio": null,
            "price_fair": 0,
            "eps_avg_yearly": 0,
            "eps_latest_yearly": 0,
            "eps_growth_yearly": 0
        },
        "20034": {
            "year_quarter": 20034,
            "year": 2003,
            "quarter": 4,
            "eps": null,
            "eps_growth_year": null,
            "eps_4q": null,
            "eps_4q_growth_year": null,
            "roe": null,
            "roe_4q": 0,
            "gross_profit": null,
            "gross_margin": null,
            "gross_margin_4q_avg": 0,
            "net_income": null,
            "net_income_4q": null,
            "revenue": null,
            "revenue_4q": null,
            "common_shares": null,
            "book_valuer_per_share": null,
            "book_valuer_per_share_4q_avg": 0,
            "equity": null,
            "current_ratio": null,
            "debt_ratio": null,
            "inventory_turnover_ratio": null,
            "account_receivable_turnover_ratio": null,
            "reinvestment_rate": null,
            "research_to_sale_ratio": null,
            "price_fair": 0,
            "eps_avg_yearly": 0,
            "eps_latest_yearly": 0,
            "eps_growth_yearly": 0
        },
        "20041": {
            "year_quarter": 20041,
            "year": 2004,
            "quarter": 1,
            "eps": null,
            "eps_growth_year": null,
            "eps_4q": null,
            "eps_4q_growth_year": null,
            "roe": null,
            "roe_4q": 0,
            "gross_profit": null,
            "gross_margin": null,
            "gross_margin_4q_avg": 0,
            "net_income": null,
            "net_income_4q": null,
            "revenue": null,
            "revenue_4q": null,
            "common_shares": null,
            "book_valuer_per_share": null,
            "book_valuer_per_share_4q_avg": 0,
            "equity": null,
            "current_ratio": null,
            "debt_ratio": null,
            "inventory_turnover_ratio": null,
            "account_receivable_turnover_ratio": null,
            "reinvestment_rate": null,
            "research_to_sale_ratio": null,
            "price_fair": 0,
            "eps_avg_yearly": 0,
            "eps_latest_yearly": 0,
            "eps_growth_yearly": 0
        },
        "20042": {
            "year_quarter": 20042,
            "year": 2004,
            "quarter": 2,
            "eps": null,
            "eps_growth_year": null,
            "eps_4q": null,
            "eps_4q_growth_year": null,
            "roe": null,
            "roe_4q": 0,
            "gross_profit": null,
            "gross_margin": null,
            "gross_margin_4q_avg": 0,
            "net_income": null,
            "net_income_4q": null,
            "revenue": null,
            "revenue_4q": null,
            "common_shares": null,
            "book_valuer_per_share": null,
            "book_valuer_per_share_4q_avg": 0,
            "equity": null,
            "current_ratio": null,
            "debt_ratio": null,
            "inventory_turnover_ratio": null,
            "account_receivable_turnover_ratio": null,
            "reinvestment_rate": null,
            "research_to_sale_ratio": null,
            "price_fair": 0,
            "eps_avg_yearly": 0,
            "eps_latest_yearly": 0,
            "eps_growth_yearly": 0
        },
        "20043": {
            "year_quarter": 20043,
            "year": 2004,
            "quarter": 3,
            "eps": null,
            "eps_growth_year": null,
            "eps_4q": null,
            "eps_4q_growth_year": null,
            "roe": null,
            "roe_4q": 0,
            "gross_profit": null,
            "gross_margin": null,
            "gross_margin_4q_avg": 0,
            "net_income": null,
            "net_income_4q": null,
            "revenue": null,
            "revenue_4q": null,
            "common_shares": null,
            "book_valuer_per_share": null,
            "book_valuer_per_share_4q_avg": 0,
            "equity": null,
            "current_ratio": null,
            "debt_ratio": null,
            "inventory_turnover_ratio": null,
            "account_receivable_turnover_ratio": null,
            "reinvestment_rate": null,
            "research_to_sale_ratio": null,
            "price_fair": 0,
            "eps_avg_yearly": 0,
            "eps_latest_yearly": 0,
            "eps_growth_yearly": 0
        },
        "20044": {
            "year_quarter": 20044,
            "year": 2004,
            "quarter": 4,
            "eps": null,
            "eps_growth_year": null,
            "eps_4q": null,
            "eps_4q_growth_year": null,
            "roe": null,
            "roe_4q": 0,
            "gross_profit": null,
            "gross_margin": null,
            "gross_margin_4q_avg": 0,
            "net_income": null,
            "net_income_4q": null,
            "revenue": null,
            "revenue_4q": null,
            "common_shares": null,
            "book_valuer_per_share": null,
            "book_valuer_per_share_4q_avg": 0,
            "equity": null,
            "current_ratio": null,
            "debt_ratio": null,
            "inventory_turnover_ratio": null,
            "account_receivable_turnover_ratio": null,
            "reinvestment_rate": null,
            "research_to_sale_ratio": null,
            "price_fair": 0,
            "eps_avg_yearly": 0,
            "eps_latest_yearly": 0,
            "eps_growth_yearly": 0
        },
        "20051": {
            "year_quarter": 20051,
            "year": 2005,
            "quarter": 1,
            "eps": null,
            "eps_growth_year": null,
            "eps_4q": null,
            "eps_4q_growth_year": null,
            "roe": null,
            "roe_4q": 0,
            "gross_profit": null,
            "gross_margin": null,
            "gross_margin_4q_avg": 0,
            "net_income": null,
            "net_income_4q": null,
            "revenue": null,
            "revenue_4q": null,
            "common_shares": null,
            "book_valuer_per_share": null,
            "book_valuer_per_share_4q_avg": 0,
            "equity": null,
            "current_ratio": null,
            "debt_ratio": null,
            "inventory_turnover_ratio": null,
            "account_receivable_turnover_ratio": null,
            "reinvestment_rate": null,
            "research_to_sale_ratio": null,
            "price_fair": 0,
            "eps_avg_yearly": 0,
            "eps_latest_yearly": 0,
            "eps_growth_yearly": 0
        },
        "20052": {
            "year_quarter": 20052,
            "year": 2005,
            "quarter": 2,
            "eps": null,
            "eps_growth_year": null,
            "eps_4q": null,
            "eps_4q_growth_year": null,
            "roe": null,
            "roe_4q": 0,
            "gross_profit": null,
            "gross_margin": null,
            "gross_margin_4q_avg": 0,
            "net_income": null,
            "net_income_4q": null,
            "revenue": null,
            "revenue_4q": null,
            "common_shares": null,
            "book_valuer_per_share": null,
            "book_valuer_per_share_4q_avg": 0,
            "equity": null,
            "current_ratio": null,
            "debt_ratio": null,
            "inventory_turnover_ratio": null,
            "account_receivable_turnover_ratio": null,
            "reinvestment_rate": null,
            "research_to_sale_ratio": null,
            "price_fair": 0,
            "eps_avg_yearly": 0,
            "eps_latest_yearly": 0,
            "eps_growth_yearly": 0
        },
        "20053": {
            "year_quarter": 20053,
            "year": 2005,
            "quarter": 3,
            "eps": null,
            "eps_growth_year": null,
            "eps_4q": null,
            "eps_4q_growth_year": null,
            "roe": null,
            "roe_4q": 0,
            "gross_profit": null,
            "gross_margin": null,
            "gross_margin_4q_avg": 0,
            "net_income": null,
            "net_income_4q": null,
            "revenue": null,
            "revenue_4q": null,
            "common_shares": null,
            "book_valuer_per_share": null,
            "book_valuer_per_share_4q_avg": 0,
            "equity": null,
            "current_ratio": null,
            "debt_ratio": null,
            "inventory_turnover_ratio": null,
            "account_receivable_turnover_ratio": null,
            "reinvestment_rate": null,
            "research_to_sale_ratio": null,
            "price_fair": 0,
            "eps_avg_yearly": 0,
            "eps_latest_yearly": 0,
            "eps_growth_yearly": 0
        },
        "20054": {
            "year_quarter": 20054,
            "year": 2005,
            "quarter": 4,
            "eps": null,
            "eps_growth_year": null,
            "eps_4q": null,
            "eps_4q_growth_year": null,
            "roe": null,
            "roe_4q": 0,
            "gross_profit": null,
            "gross_margin": null,
            "gross_margin_4q_avg": 0,
            "net_income": null,
            "net_income_4q": null,
            "revenue": null,
            "revenue_4q": null,
            "common_shares": null,
            "book_valuer_per_share": null,
            "book_valuer_per_share_4q_avg": 0,
            "equity": null,
            "current_ratio": null,
            "debt_ratio": null,
            "inventory_turnover_ratio": null,
            "account_receivable_turnover_ratio": null,
            "reinvestment_rate": null,
            "research_to_sale_ratio": null,
            "price_fair": 0,
            "eps_avg_yearly": 0,
            "eps_latest_yearly": 0,
            "eps_growth_yearly": 0
        },
        "20061": {
            "year_quarter": 20061,
            "year": 2006,
            "quarter": 1,
            "eps": null,
            "eps_growth_year": null,
            "eps_4q": null,
            "eps_4q_growth_year": null,
            "roe": null,
            "roe_4q": 0,
            "gross_profit": null,
            "gross_margin": null,
            "gross_margin_4q_avg": 0,
            "net_income": null,
            "net_income_4q": null,
            "revenue": null,
            "revenue_4q": null,
            "common_shares": null,
            "book_valuer_per_share": null,
            "book_valuer_per_share_4q_avg": 0,
            "equity": null,
            "current_ratio": null,
            "debt_ratio": null,
            "inventory_turnover_ratio": null,
            "account_receivable_turnover_ratio": null,
            "reinvestment_rate": null,
            "research_to_sale_ratio": null,
            "price_fair": 0,
            "eps_avg_yearly": 0,
            "eps_latest_yearly": 0,
            "eps_growth_yearly": 0
        },
        "20062": {
            "year_quarter": 20062,
            "year": 2006,
            "quarter": 2,
            "eps": null,
            "eps_growth_year": null,
            "eps_4q": null,
            "eps_4q_growth_year": null,
            "roe": null,
            "roe_4q": 0,
            "gross_profit": null,
            "gross_margin": null,
            "gross_margin_4q_avg": 0,
            "net_income": null,
            "net_income_4q": null,
            "revenue": null,
            "revenue_4q": null,
            "common_shares": null,
            "book_valuer_per_share": null,
            "book_valuer_per_share_4q_avg": 0,
            "equity": null,
            "current_ratio": null,
            "debt_ratio": null,
            "inventory_turnover_ratio": null,
            "account_receivable_turnover_ratio": null,
            "reinvestment_rate": null,
            "research_to_sale_ratio": null,
            "price_fair": 0,
            "eps_avg_yearly": 0,
            "eps_latest_yearly": 0,
            "eps_growth_yearly": 0
        },
        "20063": {
            "year_quarter": 20063,
            "year": 2006,
            "quarter": 3,
            "eps": null,
            "eps_growth_year": null,
            "eps_4q": null,
            "eps_4q_growth_year": null,
            "roe": null,
            "roe_4q": 0,
            "gross_profit": null,
            "gross_margin": null,
            "gross_margin_4q_avg": 0,
            "net_income": null,
            "net_income_4q": null,
            "revenue": null,
            "revenue_4q": null,
            "common_shares": null,
            "book_valuer_per_share": null,
            "book_valuer_per_share_4q_avg": 0,
            "equity": null,
            "current_ratio": null,
            "debt_ratio": null,
            "inventory_turnover_ratio": null,
            "account_receivable_turnover_ratio": null,
            "reinvestment_rate": null,
            "research_to_sale_ratio": null,
            "price_fair": 0,
            "eps_avg_yearly": 0,
            "eps_latest_yearly": 0,
            "eps_growth_yearly": 0
        },
        "20064": {
            "year_quarter": 20064,
            "year": 2006,
            "quarter": 4,
            "eps": null,
            "eps_growth_year": null,
            "eps_4q": null,
            "eps_4q_growth_year": null,
            "roe": null,
            "roe_4q": 0,
            "gross_profit": null,
            "gross_margin": null,
            "gross_margin_4q_avg": 0,
            "net_income": null,
            "net_income_4q": null,
            "revenue": null,
            "revenue_4q": null,
            "common_shares": null,
            "book_valuer_per_share": null,
            "book_valuer_per_share_4q_avg": 0,
            "equity": null,
            "current_ratio": null,
            "debt_ratio": null,
            "inventory_turnover_ratio": null,
            "account_receivable_turnover_ratio": null,
            "reinvestment_rate": null,
            "research_to_sale_ratio": null,
            "price_fair": 0,
            "eps_avg_yearly": 0,
            "eps_latest_yearly": 0,
            "eps_growth_yearly": 0
        },
        "20071": {
            "year_quarter": 20071,
            "year": 2007,
            "quarter": 1,
            "eps": null,
            "eps_growth_year": null,
            "eps_4q": null,
            "eps_4q_growth_year": null,
            "roe": null,
            "roe_4q": 0,
            "gross_profit": null,
            "gross_margin": null,
            "gross_margin_4q_avg": 0,
            "net_income": null,
            "net_income_4q": null,
            "revenue": null,
            "revenue_4q": null,
            "common_shares": null,
            "book_valuer_per_share": null,
            "book_valuer_per_share_4q_avg": 0,
            "equity": null,
            "current_ratio": null,
            "debt_ratio": null,
            "inventory_turnover_ratio": null,
            "account_receivable_turnover_ratio": null,
            "reinvestment_rate": null,
            "research_to_sale_ratio": null,
            "price_fair": 0,
            "eps_avg_yearly": 0,
            "eps_latest_yearly": 0,
            "eps_growth_yearly": 0
        },
        "20072": {
            "year_quarter": 20072,
            "year": 2007,
            "quarter": 2,
            "eps": null,
            "eps_growth_year": null,
            "eps_4q": null,
            "eps_4q_growth_year": null,
            "roe": null,
            "roe_4q": 0,
            "gross_profit": null,
            "gross_margin": null,
            "gross_margin_4q_avg": 0,
            "net_income": null,
            "net_income_4q": null,
            "revenue": null,
            "revenue_4q": null,
            "common_shares": null,
            "book_valuer_per_share": null,
            "book_valuer_per_share_4q_avg": 0,
            "equity": null,
            "current_ratio": null,
            "debt_ratio": null,
            "inventory_turnover_ratio": null,
            "account_receivable_turnover_ratio": null,
            "reinvestment_rate": null,
            "research_to_sale_ratio": null,
            "price_fair": 0,
            "eps_avg_yearly": 0,
            "eps_latest_yearly": 0,
            "eps_growth_yearly": 0
        },
        "20073": {
            "year_quarter": 20073,
            "year": 2007,
            "quarter": 3,
            "eps": null,
            "eps_growth_year": null,
            "eps_4q": null,
            "eps_4q_growth_year": null,
            "roe": null,
            "roe_4q": 0,
            "gross_profit": null,
            "gross_margin": null,
            "gross_margin_4q_avg": 0,
            "net_income": null,
            "net_income_4q": null,
            "revenue": null,
            "revenue_4q": null,
            "common_shares": null,
            "book_valuer_per_share": null,
            "book_valuer_per_share_4q_avg": 0,
            "equity": null,
            "current_ratio": null,
            "debt_ratio": null,
            "inventory_turnover_ratio": null,
            "account_receivable_turnover_ratio": null,
            "reinvestment_rate": null,
            "research_to_sale_ratio": null,
            "price_fair": 0,
            "eps_avg_yearly": 0,
            "eps_latest_yearly": 0,
            "eps_growth_yearly": 0
        },
        "20074": {
            "year_quarter": 20074,
            "year": 2007,
            "quarter": 4,
            "eps": null,
            "eps_growth_year": null,
            "eps_4q": null,
            "eps_4q_growth_year": null,
            "roe": null,
            "roe_4q": 0,
            "gross_profit": null,
            "gross_margin": null,
            "gross_margin_4q_avg": 0,
            "net_income": null,
            "net_income_4q": null,
            "revenue": null,
            "revenue_4q": null,
            "common_shares": null,
            "book_valuer_per_share": null,
            "book_valuer_per_share_4q_avg": 0,
            "equity": null,
            "current_ratio": null,
            "debt_ratio": null,
            "inventory_turnover_ratio": null,
            "account_receivable_turnover_ratio": null,
            "reinvestment_rate": null,
            "research_to_sale_ratio": null,
            "price_fair": 0,
            "eps_avg_yearly": 0,
            "eps_latest_yearly": 0,
            "eps_growth_yearly": 0
        },
        "20081": {
            "year_quarter": 20081,
            "year": 2008,
            "quarter": 1,
            "eps": null,
            "eps_growth_year": null,
            "eps_4q": null,
            "eps_4q_growth_year": null,
            "roe": null,
            "roe_4q": 0,
            "gross_profit": null,
            "gross_margin": null,
            "gross_margin_4q_avg": 0,
            "net_income": null,
            "net_income_4q": null,
            "revenue": null,
            "revenue_4q": null,
            "common_shares": null,
            "book_valuer_per_share": null,
            "book_valuer_per_share_4q_avg": 0,
            "equity": null,
            "current_ratio": null,
            "debt_ratio": null,
            "inventory_turnover_ratio": null,
            "account_receivable_turnover_ratio": null,
            "reinvestment_rate": null,
            "research_to_sale_ratio": null,
            "price_fair": 0,
            "eps_avg_yearly": 0,
            "eps_latest_yearly": 0,
            "eps_growth_yearly": 0
        },
        "20082": {
            "year_quarter": 20082,
            "year": 2008,
            "quarter": 2,
            "eps": null,
            "eps_growth_year": null,
            "eps_4q": null,
            "eps_4q_growth_year": null,
            "roe": null,
            "roe_4q": 0,
            "gross_profit": null,
            "gross_margin": null,
            "gross_margin_4q_avg": 0,
            "net_income": null,
            "net_income_4q": null,
            "revenue": null,
            "revenue_4q": null,
            "common_shares": null,
            "book_valuer_per_share": null,
            "book_valuer_per_share_4q_avg": 0,
            "equity": null,
            "current_ratio": null,
            "debt_ratio": null,
            "inventory_turnover_ratio": null,
            "account_receivable_turnover_ratio": null,
            "reinvestment_rate": null,
            "research_to_sale_ratio": null,
            "price_fair": 0,
            "eps_avg_yearly": 0,
            "eps_latest_yearly": 0,
            "eps_growth_yearly": 0
        },
        "20083": {
            "year_quarter": 20083,
            "year": 2008,
            "quarter": 3,
            "eps": null,
            "eps_growth_year": null,
            "eps_4q": null,
            "eps_4q_growth_year": null,
            "roe": null,
            "roe_4q": 0,
            "gross_profit": null,
            "gross_margin": null,
            "gross_margin_4q_avg": 0,
            "net_income": null,
            "net_income_4q": null,
            "revenue": null,
            "revenue_4q": null,
            "common_shares": null,
            "book_valuer_per_share": null,
            "book_valuer_per_share_4q_avg": 0,
            "equity": null,
            "current_ratio": null,
            "debt_ratio": null,
            "inventory_turnover_ratio": null,
            "account_receivable_turnover_ratio": null,
            "reinvestment_rate": null,
            "research_to_sale_ratio": null,
            "price_fair": 0,
            "eps_avg_yearly": 0,
            "eps_latest_yearly": 0,
            "eps_growth_yearly": 0
        },
        "20084": {
            "year_quarter": 20084,
            "year": 2008,
            "quarter": 4,
            "eps": null,
            "eps_growth_year": null,
            "eps_4q": null,
            "eps_4q_growth_year": null,
            "roe": null,
            "roe_4q": 0,
            "gross_profit": null,
            "gross_margin": null,
            "gross_margin_4q_avg": 0,
            "net_income": null,
            "net_income_4q": null,
            "revenue": null,
            "revenue_4q": null,
            "common_shares": null,
            "book_valuer_per_share": null,
            "book_valuer_per_share_4q_avg": 0,
            "equity": null,
            "current_ratio": null,
            "debt_ratio": null,
            "inventory_turnover_ratio": null,
            "account_receivable_turnover_ratio": null,
            "reinvestment_rate": null,
            "research_to_sale_ratio": null,
            "price_fair": 0,
            "eps_avg_yearly": 0,
            "eps_latest_yearly": 0,
            "eps_growth_yearly": 0
        },
        "20091": {
            "year_quarter": 20091,
            "year": 2009,
            "quarter": 1,
            "eps": null,
            "eps_growth_year": null,
            "eps_4q": null,
            "eps_4q_growth_year": null,
            "roe": null,
            "roe_4q": 0,
            "gross_profit": null,
            "gross_margin": null,
            "gross_margin_4q_avg": 0,
            "net_income": null,
            "net_income_4q": null,
            "revenue": null,
            "revenue_4q": null,
            "common_shares": null,
            "book_valuer_per_share": null,
            "book_valuer_per_share_4q_avg": 0,
            "equity": null,
            "current_ratio": null,
            "debt_ratio": null,
            "inventory_turnover_ratio": null,
            "account_receivable_turnover_ratio": null,
            "reinvestment_rate": null,
            "research_to_sale_ratio": null,
            "price_fair": 0,
            "eps_avg_yearly": 0,
            "eps_latest_yearly": 0,
            "eps_growth_yearly": 0
        },
        "20092": {
            "year_quarter": 20092,
            "year": 2009,
            "quarter": 2,
            "eps": null,
            "eps_growth_year": null,
            "eps_4q": null,
            "eps_4q_growth_year": null,
            "roe": null,
            "roe_4q": 0,
            "gross_profit": null,
            "gross_margin": null,
            "gross_margin_4q_avg": 0,
            "net_income": null,
            "net_income_4q": null,
            "revenue": null,
            "revenue_4q": null,
            "common_shares": null,
            "book_valuer_per_share": null,
            "book_valuer_per_share_4q_avg": 0,
            "equity": null,
            "current_ratio": null,
            "debt_ratio": null,
            "inventory_turnover_ratio": null,
            "account_receivable_turnover_ratio": null,
            "reinvestment_rate": null,
            "research_to_sale_ratio": null,
            "price_fair": 0,
            "eps_avg_yearly": 0,
            "eps_latest_yearly": 0,
            "eps_growth_yearly": 0
        },
        "20093": {
            "year_quarter": 20093,
            "year": 2009,
            "quarter": 3,
            "eps": null,
            "eps_growth_year": null,
            "eps_4q": null,
            "eps_4q_growth_year": null,
            "roe": null,
            "roe_4q": 0,
            "gross_profit": null,
            "gross_margin": null,
            "gross_margin_4q_avg": 0,
            "net_income": null,
            "net_income_4q": null,
            "revenue": null,
            "revenue_4q": null,
            "common_shares": null,
            "book_valuer_per_share": null,
            "book_valuer_per_share_4q_avg": 0,
            "equity": null,
            "current_ratio": null,
            "debt_ratio": null,
            "inventory_turnover_ratio": null,
            "account_receivable_turnover_ratio": null,
            "reinvestment_rate": null,
            "research_to_sale_ratio": null,
            "price_fair": 0,
            "eps_avg_yearly": 0,
            "eps_latest_yearly": 0,
            "eps_growth_yearly": 0
        },
        "20094": {
            "year_quarter": 20094,
            "year": 2009,
            "quarter": 4,
            "eps": null,
            "eps_growth_year": null,
            "eps_4q": null,
            "eps_4q_growth_year": null,
            "roe": null,
            "roe_4q": 0,
            "gross_profit": null,
            "gross_margin": null,
            "gross_margin_4q_avg": 0,
            "net_income": null,
            "net_income_4q": null,
            "revenue": null,
            "revenue_4q": null,
            "common_shares": null,
            "book_valuer_per_share": null,
            "book_valuer_per_share_4q_avg": 0,
            "equity": null,
            "current_ratio": null,
            "debt_ratio": null,
            "inventory_turnover_ratio": null,
            "account_receivable_turnover_ratio": null,
            "reinvestment_rate": null,
            "research_to_sale_ratio": null,
            "price_fair": 0,
            "eps_avg_yearly": 0,
            "eps_latest_yearly": 0,
            "eps_growth_yearly": 0
        },
        "20101": {
            "year_quarter": 20101,
            "year": 2010,
            "quarter": 1,
            "eps": null,
            "eps_growth_year": null,
            "eps_4q": null,
            "eps_4q_growth_year": null,
            "roe": null,
            "roe_4q": 0,
            "gross_profit": null,
            "gross_margin": null,
            "gross_margin_4q_avg": 0,
            "net_income": null,
            "net_income_4q": null,
            "revenue": null,
            "revenue_4q": null,
            "common_shares": null,
            "book_valuer_per_share": null,
            "book_valuer_per_share_4q_avg": 0,
            "equity": null,
            "current_ratio": null,
            "debt_ratio": null,
            "inventory_turnover_ratio": null,
            "account_receivable_turnover_ratio": null,
            "reinvestment_rate": null,
            "research_to_sale_ratio": null,
            "price_fair": 0,
            "eps_avg_yearly": 0,
            "eps_latest_yearly": 0,
            "eps_growth_yearly": 0
        },
        "20102": {
            "year_quarter": 20102,
            "year": 2010,
            "quarter": 2,
            "eps": null,
            "eps_growth_year": null,
            "eps_4q": null,
            "eps_4q_growth_year": null,
            "roe": null,
            "roe_4q": 0,
            "gross_profit": null,
            "gross_margin": null,
            "gross_margin_4q_avg": 0,
            "net_income": null,
            "net_income_4q": null,
            "revenue": null,
            "revenue_4q": null,
            "common_shares": null,
            "book_valuer_per_share": null,
            "book_valuer_per_share_4q_avg": 0,
            "equity": null,
            "current_ratio": null,
            "debt_ratio": null,
            "inventory_turnover_ratio": null,
            "account_receivable_turnover_ratio": null,
            "reinvestment_rate": null,
            "research_to_sale_ratio": null,
            "price_fair": 0,
            "eps_avg_yearly": 0,
            "eps_latest_yearly": 0,
            "eps_growth_yearly": 0
        },
        "20103": {
            "year_quarter": 20103,
            "year": 2010,
            "quarter": 3,
            "eps": null,
            "eps_growth_year": null,
            "eps_4q": null,
            "eps_4q_growth_year": null,
            "roe": null,
            "roe_4q": 0,
            "gross_profit": null,
            "gross_margin": null,
            "gross_margin_4q_avg": 0,
            "net_income": null,
            "net_income_4q": null,
            "revenue": null,
            "revenue_4q": null,
            "common_shares": null,
            "book_valuer_per_share": null,
            "book_valuer_per_share_4q_avg": 0,
            "equity": null,
            "current_ratio": null,
            "debt_ratio": null,
            "inventory_turnover_ratio": null,
            "account_receivable_turnover_ratio": null,
            "reinvestment_rate": null,
            "research_to_sale_ratio": null,
            "price_fair": 0,
            "eps_avg_yearly": 0,
            "eps_latest_yearly": 0,
            "eps_growth_yearly": 0
        },
        "20104": {
            "year_quarter": 20104,
            "year": 2010,
            "quarter": 4,
            "eps": null,
            "eps_growth_year": null,
            "eps_4q": null,
            "eps_4q_growth_year": null,
            "roe": null,
            "roe_4q": 0,
            "gross_profit": null,
            "gross_margin": null,
            "gross_margin_4q_avg": 0,
            "net_income": null,
            "net_income_4q": null,
            "revenue": null,
            "revenue_4q": null,
            "common_shares": 201500,
            "book_valuer_per_share": null,
            "book_valuer_per_share_4q_avg": 0,
            "equity": 291885,
            "current_ratio": null,
            "debt_ratio": null,
            "inventory_turnover_ratio": null,
            "account_receivable_turnover_ratio": null,
            "reinvestment_rate": null,
            "research_to_sale_ratio": null,
            "price_fair": 0,
            "eps_avg_yearly": 0,
            "eps_latest_yearly": 0,
            "eps_growth_yearly": 0
        },
        "20111": {
            "year_quarter": 20111,
            "year": 2011,
            "quarter": 1,
            "eps": null,
            "eps_growth_year": null,
            "eps_4q": null,
            "eps_4q_growth_year": null,
            "roe": null,
            "roe_4q": 0,
            "gross_profit": null,
            "gross_margin": null,
            "gross_margin_4q_avg": 0,
            "net_income": null,
            "net_income_4q": null,
            "revenue": null,
            "revenue_4q": null,
            "common_shares": null,
            "book_valuer_per_share": null,
            "book_valuer_per_share_4q_avg": 0,
            "equity": null,
            "current_ratio": null,
            "debt_ratio": null,
            "inventory_turnover_ratio": null,
            "account_receivable_turnover_ratio": null,
            "reinvestment_rate": null,
            "research_to_sale_ratio": null,
            "price_fair": 0,
            "eps_avg_yearly": 0,
            "eps_latest_yearly": 0,
            "eps_growth_yearly": 0
        },
        "20112": {
            "year_quarter": 20112,
            "year": 2011,
            "quarter": 2,
            "eps": null,
            "eps_growth_year": null,
            "eps_4q": null,
            "eps_4q_growth_year": null,
            "roe": null,
            "roe_4q": 0,
            "gross_profit": null,
            "gross_margin": null,
            "gross_margin_4q_avg": 0,
            "net_income": null,
            "net_income_4q": null,
            "revenue": null,
            "revenue_4q": null,
            "common_shares": 0,
            "book_valuer_per_share": null,
            "book_valuer_per_share_4q_avg": 0,
            "equity": 0,
            "current_ratio": null,
            "debt_ratio": null,
            "inventory_turnover_ratio": null,
            "account_receivable_turnover_ratio": null,
            "reinvestment_rate": null,
            "research_to_sale_ratio": null,
            "price_fair": 0,
            "eps_avg_yearly": 0,
            "eps_latest_yearly": 0,
            "eps_growth_yearly": 0
        },
        "20113": {
            "year_quarter": 20113,
            "year": 2011,
            "quarter": 3,
            "eps": null,
            "eps_growth_year": null,
            "eps_4q": null,
            "eps_4q_growth_year": null,
            "roe": null,
            "roe_4q": 0,
            "gross_profit": null,
            "gross_margin": null,
            "gross_margin_4q_avg": 0,
            "net_income": null,
            "net_income_4q": null,
            "revenue": null,
            "revenue_4q": null,
            "common_shares": null,
            "book_valuer_per_share": null,
            "book_valuer_per_share_4q_avg": 0,
            "equity": null,
            "current_ratio": null,
            "debt_ratio": null,
            "inventory_turnover_ratio": null,
            "account_receivable_turnover_ratio": null,
            "reinvestment_rate": null,
            "research_to_sale_ratio": null,
            "price_fair": 0,
            "eps_avg_yearly": 0,
            "eps_latest_yearly": 0,
            "eps_growth_yearly": 0
        },
        "20114": {
            "year_quarter": 20114,
            "year": 2011,
            "quarter": 4,
            "eps": null,
            "eps_growth_year": null,
            "eps_4q": null,
            "eps_4q_growth_year": null,
            "roe": null,
            "roe_4q": 0,
            "gross_profit": null,
            "gross_margin": null,
            "gross_margin_4q_avg": 0,
            "net_income": null,
            "net_income_4q": null,
            "revenue": null,
            "revenue_4q": null,
            "common_shares": 201500,
            "book_valuer_per_share": 15.95,
            "book_valuer_per_share_4q_avg": 3.99,
            "equity": 321376,
            "current_ratio": 247.26,
            "debt_ratio": 32.83,
            "inventory_turnover_ratio": null,
            "account_receivable_turnover_ratio": null,
            "reinvestment_rate": null,
            "research_to_sale_ratio": null,
            "price_fair": 0,
            "eps_avg_yearly": 0,
            "eps_latest_yearly": 0,
            "eps_growth_yearly": 0
        },
        "20121": {
            "year_quarter": 20121,
            "year": 2012,
            "quarter": 1,
            "eps": null,
            "eps_growth_year": null,
            "eps_4q": null,
            "eps_4q_growth_year": null,
            "roe": null,
            "roe_4q": 0,
            "gross_profit": null,
            "gross_margin": null,
            "gross_margin_4q_avg": 0,
            "net_income": null,
            "net_income_4q": null,
            "revenue": null,
            "revenue_4q": null,
            "common_shares": null,
            "book_valuer_per_share": null,
            "book_valuer_per_share_4q_avg": 3.99,
            "equity": null,
            "current_ratio": null,
            "debt_ratio": null,
            "inventory_turnover_ratio": null,
            "account_receivable_turnover_ratio": null,
            "reinvestment_rate": null,
            "research_to_sale_ratio": null,
            "price_fair": 0,
            "eps_avg_yearly": 0,
            "eps_latest_yearly": 0,
            "eps_growth_yearly": 0
        },
        "20122": {
            "year_quarter": 20122,
            "year": 2012,
            "quarter": 2,
            "eps": null,
            "eps_growth_year": null,
            "eps_4q": null,
            "eps_4q_growth_year": null,
            "roe": null,
            "roe_4q": 0,
            "gross_profit": null,
            "gross_margin": null,
            "gross_margin_4q_avg": 0,
            "net_income": null,
            "net_income_4q": null,
            "revenue": null,
            "revenue_4q": null,
            "common_shares": 281950,
            "book_valuer_per_share": 5.96,
            "book_valuer_per_share_4q_avg": 5.48,
            "equity": 335838,
            "current_ratio": 400.46,
            "debt_ratio": 22.31,
            "inventory_turnover_ratio": null,
            "account_receivable_turnover_ratio": null,
            "reinvestment_rate": null,
            "research_to_sale_ratio": null,
            "price_fair": 0,
            "eps_avg_yearly": 0,
            "eps_latest_yearly": 0,
            "eps_growth_yearly": 0
        },
        "20123": {
            "year_quarter": 20123,
            "year": 2012,
            "quarter": 3,
            "eps": null,
            "eps_growth_year": null,
            "eps_4q": null,
            "eps_4q_growth_year": null,
            "roe": null,
            "roe_4q": 0,
            "gross_profit": null,
            "gross_margin": null,
            "gross_margin_4q_avg": 0,
            "net_income": null,
            "net_income_4q": null,
            "revenue": null,
            "revenue_4q": null,
            "common_shares": null,
            "book_valuer_per_share": null,
            "book_valuer_per_share_4q_avg": 5.48,
            "equity": null,
            "current_ratio": null,
            "debt_ratio": null,
            "inventory_turnover_ratio": null,
            "account_receivable_turnover_ratio": null,
            "reinvestment_rate": null,
            "research_to_sale_ratio": null,
            "price_fair": 0,
            "eps_avg_yearly": 0,
            "eps_latest_yearly": 0,
            "eps_growth_yearly": 0
        },
        "20124": {
            "year_quarter": 20124,
            "year": 2012,
            "quarter": 4,
            "eps": null,
            "eps_growth_year": null,
            "eps_4q": null,
            "eps_4q_growth_year": null,
            "roe": null,
            "roe_4q": 0,
            "gross_profit": null,
            "gross_margin": null,
            "gross_margin_4q_avg": 0,
            "net_income": null,
            "net_income_4q": null,
            "revenue": null,
            "revenue_4q": null,
            "common_shares": 281950,
            "book_valuer_per_share": 13.29,
            "book_valuer_per_share_4q_avg": 4.81,
            "equity": 374724,
            "current_ratio": 793.17,
            "debt_ratio": 16.48,
            "inventory_turnover_ratio": null,
            "account_receivable_turnover_ratio": null,
            "reinvestment_rate": null,
            "research_to_sale_ratio": null,
            "price_fair": 0,
            "eps_avg_yearly": 0,
            "eps_latest_yearly": 0,
            "eps_growth_yearly": 0
        },
        "20131": {
            "year_quarter": 20131,
            "year": 2013,
            "quarter": 1,
            "eps": null,
            "eps_growth_year": null,
            "eps_4q": null,
            "eps_4q_growth_year": null,
            "roe": null,
            "roe_4q": 0,
            "gross_profit": null,
            "gross_margin": null,
            "gross_margin_4q_avg": 0,
            "net_income": null,
            "net_income_4q": null,
            "revenue": null,
            "revenue_4q": null,
            "common_shares": null,
            "book_valuer_per_share": null,
            "book_valuer_per_share_4q_avg": 4.81,
            "equity": null,
            "current_ratio": null,
            "debt_ratio": null,
            "inventory_turnover_ratio": null,
            "account_receivable_turnover_ratio": null,
            "reinvestment_rate": null,
            "research_to_sale_ratio": null,
            "price_fair": 0,
            "eps_avg_yearly": 0,
            "eps_latest_yearly": 0,
            "eps_growth_yearly": 0
        },
        "20132": {
            "year_quarter": 20132,
            "year": 2013,
            "quarter": 2,
            "eps": null,
            "eps_growth_year": null,
            "eps_4q": null,
            "eps_4q_growth_year": null,
            "roe": null,
            "roe_4q": 0,
            "gross_profit": null,
            "gross_margin": null,
            "gross_margin_4q_avg": 0,
            "net_income": null,
            "net_income_4q": null,
            "revenue": null,
            "revenue_4q": null,
            "common_shares": 310145,
            "book_valuer_per_share": 12.11,
            "book_valuer_per_share_4q_avg": 6.35,
            "equity": 375726,
            "current_ratio": 581.56,
            "debt_ratio": 17.36,
            "inventory_turnover_ratio": null,
            "account_receivable_turnover_ratio": null,
            "reinvestment_rate": null,
            "research_to_sale_ratio": null,
            "price_fair": 0,
            "eps_avg_yearly": 0,
            "eps_latest_yearly": 0,
            "eps_growth_yearly": 0
        },
        "20133": {
            "year_quarter": 20133,
            "year": 2013,
            "quarter": 3,
            "eps": null,
            "eps_growth_year": null,
            "eps_4q": null,
            "eps_4q_growth_year": null,
            "roe": null,
            "roe_4q": 0,
            "gross_profit": null,
            "gross_margin": null,
            "gross_margin_4q_avg": 0,
            "net_income": null,
            "net_income_4q": null,
            "revenue": null,
            "revenue_4q": null,
            "common_shares": null,
            "book_valuer_per_share": null,
            "book_valuer_per_share_4q_avg": 6.35,
            "equity": null,
            "current_ratio": null,
            "debt_ratio": null,
            "inventory_turnover_ratio": null,
            "account_receivable_turnover_ratio": null,
            "reinvestment_rate": null,
            "research_to_sale_ratio": null,
            "price_fair": 0,
            "eps_avg_yearly": 0,
            "eps_latest_yearly": 0,
            "eps_growth_yearly": 0
        },
        "20134": {
            "year_quarter": 20134,
            "year": 2013,
            "quarter": 4,
            "eps": null,
            "eps_growth_year": null,
            "eps_4q": null,
            "eps_4q_growth_year": null,
            "roe": null,
            "roe_4q": 0,
            "gross_profit": null,
            "gross_margin": null,
            "gross_margin_4q_avg": 0,
            "net_income": null,
            "net_income_4q": null,
            "revenue": null,
            "revenue_4q": null,
            "common_shares": 310145,
            "book_valuer_per_share": 12.32,
            "book_valuer_per_share_4q_avg": 6.11,
            "equity": 382073,
            "current_ratio": 752.85,
            "debt_ratio": 16.83,
            "inventory_turnover_ratio": null,
            "account_receivable_turnover_ratio": null,
            "reinvestment_rate": null,
            "research_to_sale_ratio": null,
            "price_fair": 0,
            "eps_avg_yearly": 0,
            "eps_latest_yearly": 0,
            "eps_growth_yearly": 0
        },
        "20141": {
            "year_quarter": 20141,
            "year": 2014,
            "quarter": 1,
            "eps": null,
            "eps_growth_year": null,
            "eps_4q": null,
            "eps_4q_growth_year": null,
            "roe": null,
            "roe_4q": 0,
            "gross_profit": null,
            "gross_margin": null,
            "gross_margin_4q_avg": 0,
            "net_income": null,
            "net_income_4q": null,
            "revenue": null,
            "revenue_4q": null,
            "common_shares": null,
            "book_valuer_per_share": null,
            "book_valuer_per_share_4q_avg": 6.11,
            "equity": null,
            "current_ratio": null,
            "debt_ratio": null,
            "inventory_turnover_ratio": null,
            "account_receivable_turnover_ratio": null,
            "reinvestment_rate": null,
            "research_to_sale_ratio": null,
            "price_fair": 0,
            "eps_avg_yearly": 0,
            "eps_latest_yearly": 0,
            "eps_growth_yearly": 0
        },
        "20142": {
            "year_quarter": 20142,
            "year": 2014,
            "quarter": 2,
            "eps": null,
            "eps_growth_year": null,
            "eps_4q": null,
            "eps_4q_growth_year": null,
            "roe": null,
            "roe_4q": 0,
            "gross_profit": null,
            "gross_margin": null,
            "gross_margin_4q_avg": 0,
            "net_income": null,
            "net_income_4q": null,
            "revenue": null,
            "revenue_4q": null,
            "common_shares": 310145,
            "book_valuer_per_share": 12.42,
            "book_valuer_per_share_4q_avg": 6.19,
            "equity": 385261,
            "current_ratio": 884.46,
            "debt_ratio": 14.79,
            "inventory_turnover_ratio": null,
            "account_receivable_turnover_ratio": null,
            "reinvestment_rate": null,
            "research_to_sale_ratio": null,
            "price_fair": 0,
            "eps_avg_yearly": 0,
            "eps_latest_yearly": 0,
            "eps_growth_yearly": 0
        },
        "20143": {
            "year_quarter": 20143,
            "year": 2014,
            "quarter": 3,
            "eps": null,
            "eps_growth_year": null,
            "eps_4q": null,
            "eps_4q_growth_year": null,
            "roe": null,
            "roe_4q": 0,
            "gross_profit": null,
            "gross_margin": null,
            "gross_margin_4q_avg": 0,
            "net_income": null,
            "net_income_4q": null,
            "revenue": null,
            "revenue_4q": null,
            "common_shares": null,
            "book_valuer_per_share": null,
            "book_valuer_per_share_4q_avg": 6.19,
            "equity": null,
            "current_ratio": null,
            "debt_ratio": null,
            "inventory_turnover_ratio": null,
            "account_receivable_turnover_ratio": null,
            "reinvestment_rate": null,
            "research_to_sale_ratio": null,
            "price_fair": 0,
            "eps_avg_yearly": 0,
            "eps_latest_yearly": 0,
            "eps_growth_yearly": 0
        },
        "20144": {
            "year_quarter": 20144,
            "year": 2014,
            "quarter": 4,
            "eps": null,
            "eps_growth_year": null,
            "eps_4q": null,
            "eps_4q_growth_year": null,
            "roe": null,
            "roe_4q": 0,
            "gross_profit": null,
            "gross_margin": null,
            "gross_margin_4q_avg": 0,
            "net_income": null,
            "net_income_4q": null,
            "revenue": null,
            "revenue_4q": null,
            "common_shares": 310145,
            "book_valuer_per_share": 13.2,
            "book_valuer_per_share_4q_avg": 6.41,
            "equity": 409348,
            "current_ratio": 655.23,
            "debt_ratio": 15.82,
            "inventory_turnover_ratio": null,
            "account_receivable_turnover_ratio": null,
            "reinvestment_rate": null,
            "research_to_sale_ratio": null,
            "price_fair": 0,
            "eps_avg_yearly": 0,
            "eps_latest_yearly": 0,
            "eps_growth_yearly": 0
        },
        "20151": {
            "year_quarter": 20151,
            "year": 2015,
            "quarter": 1,
            "eps": null,
            "eps_growth_year": null,
            "eps_4q": null,
            "eps_4q_growth_year": null,
            "roe": null,
            "roe_4q": 0,
            "gross_profit": null,
            "gross_margin": null,
            "gross_margin_4q_avg": 0,
            "net_income": null,
            "net_income_4q": null,
            "revenue": null,
            "revenue_4q": null,
            "common_shares": null,
            "book_valuer_per_share": null,
            "book_valuer_per_share_4q_avg": 6.41,
            "equity": null,
            "current_ratio": null,
            "debt_ratio": null,
            "inventory_turnover_ratio": null,
            "account_receivable_turnover_ratio": null,
            "reinvestment_rate": null,
            "research_to_sale_ratio": null,
            "price_fair": 0,
            "eps_avg_yearly": 0,
            "eps_latest_yearly": 0,
            "eps_growth_yearly": 0
        },
        "20152": {
            "year_quarter": 20152,
            "year": 2015,
            "quarter": 2,
            "eps": null,
            "eps_growth_year": null,
            "eps_4q": null,
            "eps_4q_growth_year": null,
            "roe": null,
            "roe_4q": 0,
            "gross_profit": null,
            "gross_margin": null,
            "gross_margin_4q_avg": 0,
            "net_income": null,
            "net_income_4q": null,
            "revenue": null,
            "revenue_4q": null,
            "common_shares": 310145,
            "book_valuer_per_share": 12.37,
            "book_valuer_per_share_4q_avg": 6.39,
            "equity": 383718,
            "current_ratio": 792.01,
            "debt_ratio": 13.71,
            "inventory_turnover_ratio": null,
            "account_receivable_turnover_ratio": null,
            "reinvestment_rate": null,
            "research_to_sale_ratio": null,
            "price_fair": 0,
            "eps_avg_yearly": 0,
            "eps_latest_yearly": 0,
            "eps_growth_yearly": 0
        },
        "20153": {
            "year_quarter": 20153,
            "year": 2015,
            "quarter": 3,
            "eps": null,
            "eps_growth_year": null,
            "eps_4q": null,
            "eps_4q_growth_year": null,
            "roe": null,
            "roe_4q": 0,
            "gross_profit": null,
            "gross_margin": null,
            "gross_margin_4q_avg": 0,
            "net_income": null,
            "net_income_4q": null,
            "revenue": null,
            "revenue_4q": null,
            "common_shares": null,
            "book_valuer_per_share": null,
            "book_valuer_per_share_4q_avg": 6.39,
            "equity": null,
            "current_ratio": null,
            "debt_ratio": null,
            "inventory_turnover_ratio": null,
            "account_receivable_turnover_ratio": null,
            "reinvestment_rate": null,
            "research_to_sale_ratio": null,
            "price_fair": 0,
            "eps_avg_yearly": 0,
            "eps_latest_yearly": 0,
            "eps_growth_yearly": 0
        },
        "20154": {
            "year_quarter": 20154,
            "year": 2015,
            "quarter": 4,
            "eps": null,
            "eps_growth_year": null,
            "eps_4q": null,
            "eps_4q_growth_year": null,
            "roe": null,
            "roe_4q": 0,
            "gross_profit": null,
            "gross_margin": null,
            "gross_margin_4q_avg": 0,
            "net_income": null,
            "net_income_4q": null,
            "revenue": null,
            "revenue_4q": null,
            "common_shares": 310145,
            "book_valuer_per_share": 13.14,
            "book_valuer_per_share_4q_avg": 6.38,
            "equity": 407423,
            "current_ratio": 674.75,
            "debt_ratio": 14.71,
            "inventory_turnover_ratio": null,
            "account_receivable_turnover_ratio": null,
            "reinvestment_rate": null,
            "research_to_sale_ratio": null,
            "price_fair": 0,
            "eps_avg_yearly": 0,
            "eps_latest_yearly": 0,
            "eps_growth_yearly": 0
        },
        "20161": {
            "year_quarter": 20161,
            "year": 2016,
            "quarter": 1,
            "eps": null,
            "eps_growth_year": null,
            "eps_4q": null,
            "eps_4q_growth_year": null,
            "roe": null,
            "roe_4q": 0,
            "gross_profit": null,
            "gross_margin": null,
            "gross_margin_4q_avg": 0,
            "net_income": null,
            "net_income_4q": null,
            "revenue": null,
            "revenue_4q": null,
            "common_shares": null,
            "book_valuer_per_share": null,
            "book_valuer_per_share_4q_avg": 6.38,
            "equity": null,
            "current_ratio": null,
            "debt_ratio": null,
            "inventory_turnover_ratio": null,
            "account_receivable_turnover_ratio": null,
            "reinvestment_rate": null,
            "research_to_sale_ratio": null,
            "price_fair": 0,
            "eps_avg_yearly": 0,
            "eps_latest_yearly": 0,
            "eps_growth_yearly": 0
        },
        "20162": {
            "year_quarter": 20162,
            "year": 2016,
            "quarter": 2,
            "eps": null,
            "eps_growth_year": null,
            "eps_4q": null,
            "eps_4q_growth_year": null,
            "roe": null,
            "roe_4q": 0,
            "gross_profit": null,
            "gross_margin": null,
            "gross_margin_4q_avg": 0,
            "net_income": null,
            "net_income_4q": null,
            "revenue": null,
            "revenue_4q": null,
            "common_shares": 325652,
            "book_valuer_per_share": 12.38,
            "book_valuer_per_share_4q_avg": 6.38,
            "equity": 403030,
            "current_ratio": 725.37,
            "debt_ratio": 14.27,
            "inventory_turnover_ratio": null,
            "account_receivable_turnover_ratio": null,
            "reinvestment_rate": null,
            "research_to_sale_ratio": null,
            "price_fair": 0,
            "eps_avg_yearly": 0,
            "eps_latest_yearly": 0,
            "eps_growth_yearly": 0
        },
        "20163": {
            "year_quarter": 20163,
            "year": 2016,
            "quarter": 3,
            "eps": null,
            "eps_growth_year": null,
            "eps_4q": null,
            "eps_4q_growth_year": null,
            "roe": null,
            "roe_4q": 0,
            "gross_profit": null,
            "gross_margin": null,
            "gross_margin_4q_avg": 0,
            "net_income": null,
            "net_income_4q": null,
            "revenue": null,
            "revenue_4q": null,
            "common_shares": null,
            "book_valuer_per_share": null,
            "book_valuer_per_share_4q_avg": 6.38,
            "equity": null,
            "current_ratio": null,
            "debt_ratio": null,
            "inventory_turnover_ratio": null,
            "account_receivable_turnover_ratio": null,
            "reinvestment_rate": null,
            "research_to_sale_ratio": null,
            "price_fair": 0,
            "eps_avg_yearly": 0,
            "eps_latest_yearly": 0,
            "eps_growth_yearly": 0
        },
        "20164": {
            "year_quarter": 20164,
            "year": 2016,
            "quarter": 4,
            "eps": null,
            "eps_growth_year": null,
            "eps_4q": null,
            "eps_4q_growth_year": null,
            "roe": null,
            "roe_4q": 0,
            "gross_profit": null,
            "gross_margin": null,
            "gross_margin_4q_avg": 0,
            "net_income": null,
            "net_income_4q": null,
            "revenue": null,
            "revenue_4q": null,
            "common_shares": null,
            "book_valuer_per_share": null,
            "book_valuer_per_share_4q_avg": 3.1,
            "equity": null,
            "current_ratio": null,
            "debt_ratio": null,
            "inventory_turnover_ratio": null,
            "account_receivable_turnover_ratio": null,
            "reinvestment_rate": null,
            "research_to_sale_ratio": null,
            "price_fair": 0,
            "eps_avg_yearly": 0,
            "eps_latest_yearly": 0,
            "eps_growth_yearly": 0
        },
        "20171": {
            "year_quarter": 20171,
            "year": 2017,
            "quarter": 1,
            "eps": null,
            "eps_growth_year": null,
            "eps_4q": null,
            "eps_4q_growth_year": null,
            "roe": null,
            "roe_4q": 0,
            "gross_profit": null,
            "gross_margin": null,
            "gross_margin_4q_avg": 0,
            "net_income": null,
            "net_income_4q": null,
            "revenue": null,
            "revenue_4q": null,
            "common_shares": null,
            "book_valuer_per_share": null,
            "book_valuer_per_share_4q_avg": 3.1,
            "equity": null,
            "current_ratio": null,
            "debt_ratio": null,
            "inventory_turnover_ratio": null,
            "account_receivable_turnover_ratio": null,
            "reinvestment_rate": null,
            "research_to_sale_ratio": null,
            "price_fair": 0,
            "eps_avg_yearly": 0,
            "eps_latest_yearly": 0,
            "eps_growth_yearly": 0
        },
        "20172": {
            "year_quarter": 20172,
            "year": 2017,
            "quarter": 2,
            "eps": null,
            "eps_growth_year": null,
            "eps_4q": null,
            "eps_4q_growth_year": null,
            "roe": null,
            "roe_4q": 0,
            "gross_profit": null,
            "gross_margin": null,
            "gross_margin_4q_avg": 0,
            "net_income": null,
            "net_income_4q": null,
            "revenue": null,
            "revenue_4q": null,
            "common_shares": 325652,
            "book_valuer_per_share": 12.45,
            "book_valuer_per_share_4q_avg": 3.11,
            "equity": 405354,
            "current_ratio": 735.51,
            "debt_ratio": 24.44,
            "inventory_turnover_ratio": null,
            "account_receivable_turnover_ratio": null,
            "reinvestment_rate": null,
            "research_to_sale_ratio": null,
            "price_fair": 0,
            "eps_avg_yearly": 0,
            "eps_latest_yearly": 0,
            "eps_growth_yearly": 0
        },
        "20173": {
            "year_quarter": 20173,
            "year": 2017,
            "quarter": 3,
            "eps": 0.36,
            "eps_growth_year": null,
            "eps_4q": null,
            "eps_4q_growth_year": null,
            "roe": 2.85,
            "roe_4q": 2.85,
            "gross_profit": 26324,
            "gross_margin": 17.11,
            "gross_margin_4q_avg": 4.28,
            "net_income": 11731,
            "net_income_4q": null,
            "revenue": 153886,
            "revenue_4q": null,
            "common_shares": 325652,
            "book_valuer_per_share": 12.81,
            "book_valuer_per_share_4q_avg": 6.32,
            "equity": 417085,
            "current_ratio": 707.39,
            "debt_ratio": 24.12,
            "inventory_turnover_ratio": 2,
            "account_receivable_turnover_ratio": 2.81,
            "reinvestment_rate": null,
            "research_to_sale_ratio": 0.45,
            "price_fair": 0,
            "eps_avg_yearly": 0,
            "eps_latest_yearly": 0,
            "eps_growth_yearly": 0
        },
        "20174": {
            "year_quarter": 20174,
            "year": 2017,
            "quarter": 4,
            "eps": 0.32,
            "eps_growth_year": null,
            "eps_4q": null,
            "eps_4q_growth_year": null,
            "roe": 2.5,
            "roe_4q": 5.35,
            "gross_profit": 27839,
            "gross_margin": 16.58,
            "gross_margin_4q_avg": 8.42,
            "net_income": 10546,
            "net_income_4q": null,
            "revenue": 167926,
            "revenue_4q": null,
            "common_shares": 325652,
            "book_valuer_per_share": 13.15,
            "book_valuer_per_share_4q_avg": 9.6,
            "equity": 428144,
            "current_ratio": 433.56,
            "debt_ratio": 23.21,
            "inventory_turnover_ratio": 1.94,
            "account_receivable_turnover_ratio": 2.83,
            "reinvestment_rate": null,
            "research_to_sale_ratio": 0.39,
            "price_fair": 3.84,
            "eps_avg_yearly": 1.28,
            "eps_latest_yearly": 1.28,
            "eps_growth_yearly": -44.44
        },
        "20181": {
            "year_quarter": 20181,
            "year": 2018,
            "quarter": 1,
            "eps": 0.27,
            "eps_growth_year": null,
            "eps_4q": null,
            "eps_4q_growth_year": null,
            "roe": 1.79,
            "roe_4q": 7.140000000000001,
            "gross_profit": 20481,
            "gross_margin": 11.65,
            "gross_margin_4q_avg": 11.34,
            "net_income": 8728,
            "net_income_4q": null,
            "revenue": 175868,
            "revenue_4q": null,
            "common_shares": 380002,
            "book_valuer_per_share": 14.34,
            "book_valuer_per_share_4q_avg": 13.19,
            "equity": 545417,
            "current_ratio": 689.98,
            "debt_ratio": 14.12,
            "inventory_turnover_ratio": 2.25,
            "account_receivable_turnover_ratio": 2.73,
            "reinvestment_rate": null,
            "research_to_sale_ratio": 0.41,
            "price_fair": 3.54,
            "eps_avg_yearly": 1.18,
            "eps_latest_yearly": 1.08,
            "eps_growth_yearly": -53.47
        },
        "20182": {
            "year_quarter": 20182,
            "year": 2018,
            "quarter": 2,
            "eps": 0.1,
            "eps_growth_year": null,
            "eps_4q": 0.92,
            "eps_4q_growth_year": null,
            "roe": 0.72,
            "roe_4q": 7.859999999999999,
            "gross_profit": 15186,
            "gross_margin": 8.16,
            "gross_margin_4q_avg": 13.38,
            "net_income": 3841,
            "net_income_4q": null,
            "revenue": 186058,
            "revenue_4q": null,
            "common_shares": 380002,
            "book_valuer_per_share": 13.65,
            "book_valuer_per_share_4q_avg": 13.49,
            "equity": 518583,
            "current_ratio": 833.39,
            "debt_ratio": 9.2,
            "inventory_turnover_ratio": 2.3,
            "account_receivable_turnover_ratio": 2.78,
            "reinvestment_rate": null,
            "research_to_sale_ratio": 0.91,
            "price_fair": 2.76,
            "eps_avg_yearly": 0.92,
            "eps_latest_yearly": 0.4,
            "eps_growth_yearly": -119.6
        },
        "20183": {
            "year_quarter": 20183,
            "year": 2018,
            "quarter": 3,
            "eps": 0.05,
            "eps_growth_year": -86.11,
            "eps_4q": 0.66,
            "eps_4q_growth_year": null,
            "roe": 0.38,
            "roe_4q": 5.390000000000001,
            "gross_profit": 12399,
            "gross_margin": 6.5,
            "gross_margin_4q_avg": 10.72,
            "net_income": 1967,
            "net_income_4q": null,
            "revenue": 190784,
            "revenue_4q": null,
            "common_shares": 380002,
            "book_valuer_per_share": 13.7,
            "book_valuer_per_share_4q_avg": 13.71,
            "equity": 520550,
            "current_ratio": 870.28,
            "debt_ratio": 8.97,
            "inventory_turnover_ratio": 2.2,
            "account_receivable_turnover_ratio": 2.7,
            "reinvestment_rate": null,
            "research_to_sale_ratio": 0.74,
            "price_fair": 2.22,
            "eps_avg_yearly": 0.74,
            "eps_latest_yearly": 0.2,
            "eps_growth_yearly": -139.7
        },
        "20184": {
            "year_quarter": 20184,
            "year": 2018,
            "quarter": 4,
            "eps": 0.11,
            "eps_growth_year": -65.91,
            "eps_4q": 0.49,
            "eps_4q_growth_year": null,
            "roe": 0.8,
            "roe_4q": 3.6900000000000004,
            "gross_profit": 15057,
            "gross_margin": 7.69,
            "gross_margin_4q_avg": 8.5,
            "net_income": 4195,
            "net_income_4q": null,
            "revenue": 195773,
            "revenue_4q": null,
            "common_shares": 380002,
            "book_valuer_per_share": 13.8,
            "book_valuer_per_share_4q_avg": 13.87,
            "equity": 524251,
            "current_ratio": 490.7,
            "debt_ratio": 13.77,
            "inventory_turnover_ratio": 2.56,
            "account_receivable_turnover_ratio": 2.75,
            "reinvestment_rate": null,
            "research_to_sale_ratio": 0.45,
            "price_fair": 2.04,
            "eps_avg_yearly": 0.68,
            "eps_latest_yearly": 0.44,
            "eps_growth_yearly": -15.76
        },
        "20191": {
            "year_quarter": 20191,
            "year": 2019,
            "quarter": 1,
            "eps": -0.05,
            "eps_growth_year": -118.52,
            "eps_4q": 0.22,
            "eps_4q_growth_year": null,
            "roe": -0.34,
            "roe_4q": 1.56,
            "gross_profit": 5820,
            "gross_margin": 3.57,
            "gross_margin_4q_avg": 6.48,
            "net_income": -1798,
            "net_income_4q": null,
            "revenue": 163221,
            "revenue_4q": null,
            "common_shares": 380002,
            "book_valuer_per_share": 13.72,
            "book_valuer_per_share_4q_avg": 13.72,
            "equity": 521470,
            "current_ratio": 795.19,
            "debt_ratio": 14.07,
            "inventory_turnover_ratio": 2.79,
            "account_receivable_turnover_ratio": 2.49,
            "reinvestment_rate": null,
            "research_to_sale_ratio": 0.17,
            "price_fair": 2.04,
            "eps_avg_yearly": 0.68,
            "eps_latest_yearly": 0.44,
            "eps_growth_yearly": -15.76
        },
        "20192": {
            "year_quarter": 20192,
            "year": 2019,
            "quarter": 2,
            "eps": 0.11,
            "eps_growth_year": 10,
            "eps_4q": 0.23,
            "eps_4q_growth_year": -75.33,
            "roe": 0.82,
            "roe_4q": 1.6600000000000001,
            "gross_profit": 13294,
            "gross_margin": 7.61,
            "gross_margin_4q_avg": 6.34,
            "net_income": 4234,
            "net_income_4q": null,
            "revenue": 174744,
            "revenue_4q": null,
            "common_shares": 380002,
            "book_valuer_per_share": 13.33,
            "book_valuer_per_share_4q_avg": 13.64,
            "equity": 506704,
            "current_ratio": 720.65,
            "debt_ratio": 14.28,
            "inventory_turnover_ratio": 2.28,
            "account_receivable_turnover_ratio": 2.77,
            "reinvestment_rate": null,
            "research_to_sale_ratio": 0.26,
            "price_fair": 2.04,
            "eps_avg_yearly": 0.68,
            "eps_latest_yearly": 0.44,
            "eps_growth_yearly": -15.76
        },
        "20193": {
            "year_quarter": 20193,
            "year": 2019,
            "quarter": 3,
            "eps": 0.18,
            "eps_growth_year": 260,
            "eps_4q": 0.35,
            "eps_4q_growth_year": -46.71,
            "roe": 1.32,
            "roe_4q": 2.6,
            "gross_profit": 17844,
            "gross_margin": 9.8,
            "gross_margin_4q_avg": 7.17,
            "net_income": 6736,
            "net_income_4q": null,
            "revenue": 182114,
            "revenue_4q": null,
            "common_shares": 380002,
            "book_valuer_per_share": 13.51,
            "book_valuer_per_share_4q_avg": 13.59,
            "equity": 513440,
            "current_ratio": 675.15,
            "debt_ratio": 13.79,
            "inventory_turnover_ratio": 1.85,
            "account_receivable_turnover_ratio": 2.68,
            "reinvestment_rate": null,
            "research_to_sale_ratio": 0.22,
            "price_fair": 24.03,
            "eps_avg_yearly": 0.69,
            "eps_latest_yearly": 0.72,
            "eps_growth_yearly": 29.29
        },
        "20194": {
            "year_quarter": 20194,
            "year": 2019,
            "quarter": 4,
            "eps": 0.24,
            "eps_growth_year": 121.88,
            "eps_4q": 0.49,
            "eps_4q_growth_year": -1.34,
            "roe": 1.8,
            "roe_4q": 3.6,
            "gross_profit": 21733,
            "gross_margin": 12.01,
            "gross_margin_4q_avg": 8.25,
            "net_income": 9308,
            "net_income_4q": null,
            "revenue": 181029,
            "revenue_4q": null,
            "common_shares": 380002,
            "book_valuer_per_share": 13.75,
            "book_valuer_per_share_4q_avg": 13.58,
            "equity": 522650,
            "current_ratio": 629.85,
            "debt_ratio": 14.02,
            "inventory_turnover_ratio": 1.86,
            "account_receivable_turnover_ratio": 2.62,
            "reinvestment_rate": null,
            "research_to_sale_ratio": 0.56,
            "price_fair": 25.4,
            "eps_avg_yearly": 0.73,
            "eps_latest_yearly": 0.96,
            "eps_growth_yearly": 44.15
        },
        "20201": {
            "year_quarter": 20201,
            "year": 2020,
            "quarter": 1,
            "eps": 0.11,
            "eps_growth_year": null,
            "eps_4q": 0.64,
            "eps_4q_growth_year": 198.72,
            "roe": 0.81,
            "roe_4q": 4.750000000000001,
            "gross_profit": 14381,
            "gross_margin": 8.92,
            "gross_margin_4q_avg": 9.59,
            "net_income": 4232,
            "net_income_4q": null,
            "revenue": 161278,
            "revenue_4q": null,
            "common_shares": 380002,
            "book_valuer_per_share": 13.87,
            "book_valuer_per_share_4q_avg": 13.62,
            "equity": 526882,
            "current_ratio": 731.21,
            "debt_ratio": 12.53,
            "inventory_turnover_ratio": 1.9,
            "account_receivable_turnover_ratio": 2.39,
            "reinvestment_rate": null,
            "research_to_sale_ratio": 0.78,
            "price_fair": 14.87,
            "eps_avg_yearly": 0.69,
            "eps_latest_yearly": 0.44,
            "eps_growth_yearly": 11.55
        },
        "20202": {
            "year_quarter": 20202,
            "year": 2020,
            "quarter": 2,
            "eps": 0.02,
            "eps_growth_year": -81.82,
            "eps_4q": 0.56,
            "eps_4q_growth_year": 146,
            "roe": 0.17,
            "roe_4q": 4.1000000000000005,
            "gross_profit": 8358,
            "gross_margin": 5.29,
            "gross_margin_4q_avg": 9.01,
            "net_income": 875,
            "net_income_4q": null,
            "revenue": 158116,
            "revenue_4q": null,
            "common_shares": 380002,
            "book_valuer_per_share": 13.49,
            "book_valuer_per_share_4q_avg": 13.66,
            "equity": 512557,
            "current_ratio": 728.33,
            "debt_ratio": 12.07,
            "inventory_turnover_ratio": 1.75,
            "account_receivable_turnover_ratio": 2.4,
            "reinvestment_rate": null,
            "research_to_sale_ratio": 0.14,
            "price_fair": 1.87,
            "eps_avg_yearly": 0.62,
            "eps_latest_yearly": 0.08,
            "eps_growth_yearly": -26.1
        },
        "20203": {
            "year_quarter": 20203,
            "year": 2020,
            "quarter": 3,
            "eps": 0.12,
            "eps_growth_year": -33.33,
            "eps_4q": 0.5,
            "eps_4q_growth_year": 42.95,
            "roe": 0.91,
            "roe_4q": 3.6900000000000004,
            "gross_profit": 15008,
            "gross_margin": 7.94,
            "gross_margin_4q_avg": 8.54,
            "net_income": 4693,
            "net_income_4q": null,
            "revenue": 188922,
            "revenue_4q": null,
            "common_shares": 380002,
            "book_valuer_per_share": 13.61,
            "book_valuer_per_share_4q_avg": 13.68,
            "equity": 517250,
            "current_ratio": 696.76,
            "debt_ratio": 11.78,
            "inventory_turnover_ratio": 1.81,
            "account_receivable_turnover_ratio": 2.84,
            "reinvestment_rate": null,
            "research_to_sale_ratio": 0.54,
            "price_fair": 21.28,
            "eps_avg_yearly": 0.61,
            "eps_latest_yearly": 0.48,
            "eps_growth_yearly": 176.51
        },
        "20204": {
            "year_quarter": 20204,
            "year": 2020,
            "quarter": 4,
            "eps": 0.34,
            "eps_growth_year": 40.85,
            "eps_4q": 0.6,
            "eps_4q_growth_year": 23.97,
            "roe": 2.5,
            "roe_4q": 4.390000000000001,
            "gross_profit": 18733,
            "gross_margin": 9.52,
            "gross_margin_4q_avg": 7.92,
            "net_income": 13110,
            "net_income_4q": null,
            "revenue": 196853,
            "revenue_4q": null,
            "common_shares": 380002,
            "book_valuer_per_share": 13.98,
            "book_valuer_per_share_4q_avg": 13.74,
            "equity": 531062,
            "current_ratio": 563.9,
            "debt_ratio": 12.36,
            "inventory_turnover_ratio": 2.09,
            "account_receivable_turnover_ratio": 2.8,
            "reinvestment_rate": null,
            "research_to_sale_ratio": 0.26,
            "price_fair": 23.67,
            "eps_avg_yearly": 0.68,
            "eps_latest_yearly": 1.36,
            "eps_growth_yearly": 227.13
        },
        "20211": {
            "year_quarter": 20211,
            "year": 2021,
            "quarter": 1,
            "eps": 0.23,
            "eps_growth_year": 109.09,
            "eps_4q": 0.73,
            "eps_4q_growth_year": 12.43,
            "roe": 1.66,
            "roe_4q": 5.24,
            "gross_profit": 22944,
            "gross_margin": 12.19,
            "gross_margin_4q_avg": 8.74,
            "net_income": 8878,
            "net_income_4q": null,
            "revenue": 188276,
            "revenue_4q": null,
            "common_shares": 380002,
            "book_valuer_per_share": 14.21,
            "book_valuer_per_share_4q_avg": 13.82,
            "equity": 539940,
            "current_ratio": 461.77,
            "debt_ratio": 13.85,
            "inventory_turnover_ratio": 2.07,
            "account_receivable_turnover_ratio": 2.78,
            "reinvestment_rate": null,
            "research_to_sale_ratio": 0.06,
            "price_fair": 24.38,
            "eps_avg_yearly": 0.7,
            "eps_latest_yearly": 0.92,
            "eps_growth_yearly": 197.42
        },
        "20212": {
            "year_quarter": 20212,
            "year": 2021,
            "quarter": 2,
            "eps": 0.35,
            "eps_growth_year": 1650,
            "eps_4q": 1.05,
            "eps_4q_growth_year": 89.23,
            "roe": 2.47,
            "roe_4q": 7.54,
            "gross_profit": 25851,
            "gross_margin": 11.74,
            "gross_margin_4q_avg": 10.35,
            "net_income": 13343,
            "net_income_4q": null,
            "revenue": 220222,
            "revenue_4q": null,
            "common_shares": 380002,
            "book_valuer_per_share": 14.26,
            "book_valuer_per_share_4q_avg": 14.02,
            "equity": 541883,
            "current_ratio": 400.82,
            "debt_ratio": 15.28,
            "inventory_turnover_ratio": 2.14,
            "account_receivable_turnover_ratio": 3.36,
            "reinvestment_rate": 10.13,
            "research_to_sale_ratio": 0.03,
            "price_fair": 26.28,
            "eps_avg_yearly": 0.75,
            "eps_latest_yearly": 1.4,
            "eps_growth_yearly": 198.29
        },
        "20213": {
            "year_quarter": 20213,
            "year": 2021,
            "quarter": 3,
            "eps": 0.35,
            "eps_growth_year": 191.67,
            "eps_4q": 1.28,
            "eps_4q_growth_year": 154.62,
            "roe": 2.43,
            "roe_4q": 9.06,
            "gross_profit": 28776,
            "gross_margin": 12.74,
            "gross_margin_4q_avg": 11.55,
            "net_income": 13321,
            "net_income_4q": null,
            "revenue": 225856,
            "revenue_4q": null,
            "common_shares": 380002,
            "book_valuer_per_share": 14.61,
            "book_valuer_per_share_4q_avg": 14.27,
            "equity": 555204,
            "current_ratio": 339.84,
            "debt_ratio": 17.69,
            "inventory_turnover_ratio": 2.13,
            "account_receivable_turnover_ratio": 3.44,
            "reinvestment_rate": 15.8,
            "research_to_sale_ratio": 0.82,
            "price_fair": 27.9,
            "eps_avg_yearly": 0.8,
            "eps_latest_yearly": 1.4,
            "eps_growth_yearly": 184.13
        },
        "20214": {
            "year_quarter": 20214,
            "year": 2021,
            "quarter": 4,
            "eps": 0.44,
            "eps_growth_year": 26.99,
            "eps_4q": 1.37,
            "eps_4q_growth_year": 127.81,
            "roe": 2.96,
            "roe_4q": 9.520000000000001,
            "gross_profit": 31601,
            "gross_margin": 13.53,
            "gross_margin_4q_avg": 12.55,
            "net_income": 16649,
            "net_income_4q": null,
            "revenue": 233479,
            "revenue_4q": null,
            "common_shares": 380002,
            "book_valuer_per_share": 15.02,
            "book_valuer_per_share_4q_avg": 14.53,
            "equity": 570893,
            "current_ratio": 342.78,
            "debt_ratio": 17.84,
            "inventory_turnover_ratio": 2.5,
            "account_receivable_turnover_ratio": 3.53,
            "reinvestment_rate": 19.46,
            "research_to_sale_ratio": 1.54,
            "price_fair": 29.1,
            "eps_avg_yearly": 0.83,
            "eps_latest_yearly": 1.76,
            "eps_growth_yearly": 194.65
        },
        "20221": {
            "year_quarter": 20221,
            "year": 2022,
            "quarter": 1,
            "eps": 0.31,
            "eps_growth_year": 34.78,
            "eps_4q": 1.45,
            "eps_4q_growth_year": 100.01,
            "roe": 2.05,
            "roe_4q": 9.91,
            "gross_profit": 28706,
            "gross_margin": 13.66,
            "gross_margin_4q_avg": 12.92,
            "net_income": 11801,
            "net_income_4q": null,
            "revenue": 210122,
            "revenue_4q": null,
            "common_shares": 380002,
            "book_valuer_per_share": 15.33,
            "book_valuer_per_share_4q_avg": 14.81,
            "equity": 582694,
            "current_ratio": 425.42,
            "debt_ratio": 14.45,
            "inventory_turnover_ratio": 2.55,
            "account_receivable_turnover_ratio": 3.18,
            "reinvestment_rate": 20.04,
            "research_to_sale_ratio": 0.03,
            "price_fair": 29.5,
            "eps_avg_yearly": 0.84,
            "eps_latest_yearly": 1.24,
            "eps_growth_yearly": 190.67
        },
        "20222": {
            "year_quarter": 20222,
            "year": 2022,
            "quarter": 2,
            "eps": -0.05,
            "eps_growth_year": -114.29,
            "eps_4q": 1.05,
            "eps_4q_growth_year": -0.58,
            "roe": -0.35,
            "roe_4q": 7.09,
            "gross_profit": 30644,
            "gross_margin": 14.09,
            "gross_margin_4q_avg": 13.51,
            "net_income": -1980,
            "net_income_4q": null,
            "revenue": 217526,
            "revenue_4q": null,
            "common_shares": 380002,
            "book_valuer_per_share": 14.68,
            "book_valuer_per_share_4q_avg": 14.91,
            "equity": 557914,
            "current_ratio": 393.7,
            "debt_ratio": 15.38,
            "inventory_turnover_ratio": 2.19,
            "account_receivable_turnover_ratio": 3.62,
            "reinvestment_rate": 18.88,
            "research_to_sale_ratio": 0,
            "price_fair": 30.69,
            "eps_avg_yearly": 0.88,
            "eps_latest_yearly": 1.24,
            "eps_growth_yearly": 224.71
        },
        "20223": {
            "year_quarter": 20223,
            "year": 2022,
            "quarter": 3,
            "eps": 0.06,
            "eps_growth_year": -82.86,
            "eps_4q": 0.76,
            "eps_4q_growth_year": -40.52,
            "roe": 0.44,
            "roe_4q": 5.1,
            "gross_profit": 23955,
            "gross_margin": 10.92,
            "gross_margin_4q_avg": 13.05,
            "net_income": 2466,
            "net_income_4q": null,
            "revenue": 219412,
            "revenue_4q": null,
            "common_shares": 380002,
            "book_valuer_per_share": 14.75,
            "book_valuer_per_share_4q_avg": 14.95,
            "equity": 560380,
            "current_ratio": 407.83,
            "debt_ratio": 14.55,
            "inventory_turnover_ratio": 2.06,
            "account_receivable_turnover_ratio": 3.34,
            "reinvestment_rate": 19.8,
            "research_to_sale_ratio": 0.03,
            "price_fair": 32.67,
            "eps_avg_yearly": 0.93,
            "eps_latest_yearly": 1.24,
            "eps_growth_yearly": 260.1
        },
        "20224": {
            "year_quarter": 20224,
            "year": 2022,
            "quarter": 4,
            "eps": 0.58,
            "eps_growth_year": 31.46,
            "eps_4q": 0.9,
            "eps_4q_growth_year": -34.52,
            "roe": 3.83,
            "roe_4q": 5.970000000000001,
            "gross_profit": 38015,
            "gross_margin": 16.54,
            "gross_margin_4q_avg": 13.8,
            "net_income": 21887,
            "net_income_4q": null,
            "revenue": 229769,
            "revenue_4q": null,
            "common_shares": 380002,
            "book_valuer_per_share": 15.35,
            "book_valuer_per_share_4q_avg": 15.03,
            "equity": 583114,
            "current_ratio": 384.85,
            "debt_ratio": 15.45,
            "inventory_turnover_ratio": 2.56,
            "account_receivable_turnover_ratio": 3.1,
            "reinvestment_rate": 17.51,
            "research_to_sale_ratio": 0,
            "price_fair": 38.15,
            "eps_avg_yearly": 1.09,
            "eps_latest_yearly": 2.32,
            "eps_growth_yearly": 508.99
        },
        "20231": {
            "year_quarter": 20231,
            "year": 2023,
            "quarter": 1,
            "eps": 0.6,
            "eps_growth_year": 93.55,
            "eps_4q": 1.18,
            "eps_4q_growth_year": -18.33,
            "roe": 3.81,
            "roe_4q": 7.73,
            "gross_profit": 30550,
            "gross_margin": 14.25,
            "gross_margin_4q_avg": 13.95,
            "net_income": 22641,
            "net_income_4q": null,
            "revenue": 214402,
            "revenue_4q": null,
            "common_shares": 380002,
            "book_valuer_per_share": 15.94,
            "book_valuer_per_share_4q_avg": 15.18,
            "equity": 605755,
            "current_ratio": 476.97,
            "debt_ratio": 12.9,
            "inventory_turnover_ratio": 3.12,
            "account_receivable_turnover_ratio": 2.96,
            "reinvestment_rate": 12.73,
            "research_to_sale_ratio": 0,
            "price_fair": 41.68,
            "eps_avg_yearly": 1.19,
            "eps_latest_yearly": 2.4,
            "eps_growth_yearly": 470.9
        },
        "20232": {
            "year_quarter": 20232,
            "year": 2023,
            "quarter": 2,
            "eps": 0.22,
            "eps_growth_year": null,
            "eps_4q": 1.46,
            "eps_4q_growth_year": 39.11,
            "roe": 1.39,
            "roe_4q": 9.47,
            "gross_profit": 21270,
            "gross_margin": 9.67,
            "gross_margin_4q_avg": 12.85,
            "net_income": 8359,
            "net_income_4q": null,
            "revenue": 220055,
            "revenue_4q": null,
            "common_shares": 380002,
            "book_valuer_per_share": 15.76,
            "book_valuer_per_share_4q_avg": 15.45,
            "equity": 598914,
            "current_ratio": 487.8,
            "debt_ratio": 12.42,
            "inventory_turnover_ratio": 2.23,
            "account_receivable_turnover_ratio": 3.02,
            "reinvestment_rate": 17.68,
            "research_to_sale_ratio": 0,
            "price_fair": 40.9,
            "eps_avg_yearly": 1.17,
            "eps_latest_yearly": 0.88,
            "eps_growth_yearly": 419.17
        },
        "20233": {
            "year_quarter": 20233,
            "year": 2023,
            "quarter": 3,
            "eps": 0.27,
            "eps_growth_year": 350,
            "eps_4q": 1.66,
            "eps_4q_growth_year": 117.7,
            "roe": 1.67,
            "roe_4q": 10.7,
            "gross_profit": 27361,
            "gross_margin": 11.54,
            "gross_margin_4q_avg": 13,
            "net_income": 10106,
            "net_income_4q": null,
            "revenue": 237142,
            "revenue_4q": null,
            "common_shares": 380002,
            "book_valuer_per_share": 16.03,
            "book_valuer_per_share_4q_avg": 15.77,
            "equity": 609020,
            "current_ratio": 490.04,
            "debt_ratio": 12.49,
            "inventory_turnover_ratio": 1.72,
            "account_receivable_turnover_ratio": 3.15,
            "reinvestment_rate": 18.11,
            "research_to_sale_ratio": 0.01,
            "price_fair": 41.8,
            "eps_avg_yearly": 1.19,
            "eps_latest_yearly": 1.08,
            "eps_growth_yearly": 407.48
        },
        "20234": {
            "year_quarter": 20234,
            "year": 2023,
            "quarter": 4,
            "eps": 0.24,
            "eps_growth_year": -59.12,
            "eps_4q": 1.32,
            "eps_4q_growth_year": 46.47,
            "roe": 1.46,
            "roe_4q": 8.33,
            "gross_profit": 22563,
            "gross_margin": 9.45,
            "gross_margin_4q_avg": 11.23,
            "net_income": 8948,
            "net_income_4q": null,
            "revenue": 238733,
            "revenue_4q": null,
            "common_shares": 380002,
            "book_valuer_per_share": 16.23,
            "book_valuer_per_share_4q_avg": 15.99,
            "equity": 616575,
            "current_ratio": 484.53,
            "debt_ratio": 20.71,
            "inventory_turnover_ratio": 1.97,
            "account_receivable_turnover_ratio": 3.26,
            "reinvestment_rate": 17.99,
            "research_to_sale_ratio": 0.13,
            "price_fair": 41.8,
            "eps_avg_yearly": 1.19,
            "eps_latest_yearly": 0.96,
            "eps_growth_yearly": 394.78
        }
    },
    "months": {
        "2012-06": {
            "month": "2012-06",
            "price": "40.26",
            "revenue": 110275
        },
        "2012-07": {
            "month": "2012-07",
            "price": "39.95",
            "revenue": 78047
        },
        "2012-08": {
            "month": "2012-08",
            "price": "39.34",
            "revenue": 78575
        },
        "2012-09": {
            "month": "2012-09",
            "price": "36.83",
            "revenue": 72447
        },
        "2012-10": {
            "month": "2012-10",
            "price": "37.12",
            "revenue": 71965
        },
        "2012-11": {
            "month": "2012-11",
            "price": "37.83",
            "revenue": 76192
        },
        "2012-12": {
            "month": "2012-12",
            "price": "38.48",
            "revenue": 73023
        },
        "2013-01": {
            "month": "2013-01",
            "price": "36.72",
            "revenue": 73920
        },
        "2013-02": {
            "month": "2013-02",
            "price": "36.24",
            "revenue": 48688
        },
        "2013-03": {
            "month": "2013-03",
            "price": "31.52",
            "revenue": 71112
        },
        "2013-04": {
            "month": "2013-04",
            "price": "22.10",
            "revenue": 67483
        },
        "2013-05": {
            "month": "2013-05",
            "price": "19.54",
            "revenue": 64235
        },
        "2013-06": {
            "month": "2013-06",
            "price": "19.61",
            "revenue": 60581
        },
        "2013-07": {
            "month": "2013-07",
            "price": "18.19",
            "revenue": 75215
        },
        "2013-08": {
            "month": "2013-08",
            "price": "17.75",
            "revenue": 68484
        },
        "2013-09": {
            "month": "2013-09",
            "price": "16.28",
            "revenue": 42291
        },
        "2013-10": {
            "month": "2013-10",
            "price": "18.15",
            "revenue": 58532
        },
        "2013-11": {
            "month": "2013-11",
            "price": "17.78",
            "revenue": 53521
        },
        "2013-12": {
            "month": "2013-12",
            "price": "18.04",
            "revenue": 55760
        },
        "2014-01": {
            "month": "2014-01",
            "price": "17.93",
            "revenue": 55380
        },
        "2014-02": {
            "month": "2014-02",
            "price": "18.05",
            "revenue": 49904
        },
        "2014-03": {
            "month": "2014-03",
            "price": "17.45",
            "revenue": 53631
        },
        "2014-04": {
            "month": "2014-04",
            "price": "16.89",
            "revenue": 52510
        },
        "2014-05": {
            "month": "2014-05",
            "price": "16.07",
            "revenue": 59799
        },
        "2014-06": {
            "month": "2014-06",
            "price": "16.05",
            "revenue": 61030
        },
        "2014-07": {
            "month": "2014-07",
            "price": "16.43",
            "revenue": 68619
        },
        "2014-08": {
            "month": "2014-08",
            "price": "16.49",
            "revenue": 69400
        },
        "2014-09": {
            "month": "2014-09",
            "price": "18.57",
            "revenue": 69827
        },
        "2014-10": {
            "month": "2014-10",
            "price": "19.17",
            "revenue": 70262
        },
        "2014-11": {
            "month": "2014-11",
            "price": "19.03",
            "revenue": 59676
        },
        "2014-12": {
            "month": "2014-12",
            "price": "18.44",
            "revenue": 76964
        },
        "2015-01": {
            "month": "2015-01",
            "price": "18.24",
            "revenue": 59544
        },
        "2015-02": {
            "month": "2015-02",
            "price": "18.71",
            "revenue": 41473
        },
        "2015-03": {
            "month": "2015-03",
            "price": "18.51",
            "revenue": 59316
        },
        "2015-04": {
            "month": "2015-04",
            "price": "18.58",
            "revenue": 56877
        },
        "2015-05": {
            "month": "2015-05",
            "price": "18.27",
            "revenue": 61189
        },
        "2015-06": {
            "month": "2015-06",
            "price": "17.36",
            "revenue": 61665
        },
        "2015-07": {
            "month": "2015-07",
            "price": "17.20",
            "revenue": 60863
        },
        "2015-08": {
            "month": "2015-08",
            "price": "14.02",
            "revenue": 54629
        },
        "2015-09": {
            "month": "2015-09",
            "price": "12.46",
            "revenue": 63988
        },
        "2015-10": {
            "month": "2015-10",
            "price": "13.27",
            "revenue": 59869
        },
        "2015-11": {
            "month": "2015-11",
            "price": "13.55",
            "revenue": 55730
        },
        "2015-12": {
            "month": "2015-12",
            "price": "12.78",
            "revenue": 58681
        },
        "2016-01": {
            "month": "2016-01",
            "price": "12.14",
            "revenue": 53095
        },
        "2016-02": {
            "month": "2016-02",
            "price": "12.10",
            "revenue": 38011
        },
        "2016-03": {
            "month": "2016-03",
            "price": "12.68",
            "revenue": 53818
        },
        "2016-04": {
            "month": "2016-04",
            "price": "12.45",
            "revenue": 46963
        },
        "2016-05": {
            "month": "2016-05",
            "price": "12.39",
            "revenue": 50456
        },
        "2016-06": {
            "month": "2016-06",
            "price": "14.13",
            "revenue": 47573
        },
        "2016-07": {
            "month": "2016-07",
            "price": "13.64",
            "revenue": 46768
        },
        "2016-08": {
            "month": "2016-08",
            "price": "13.04",
            "revenue": 52598
        },
        "2016-09": {
            "month": "2016-09",
            "price": "13.44",
            "revenue": 46212
        },
        "2016-10": {
            "month": "2016-10",
            "price": "13.51",
            "revenue": 44255
        },
        "2016-11": {
            "month": "2016-11",
            "price": "13.20",
            "revenue": 51989
        },
        "2016-12": {
            "month": "2016-12",
            "price": "13.09",
            "revenue": 53377
        },
        "2017-01": {
            "month": "2017-01",
            "price": "14.70",
            "revenue": 42926
        },
        "2017-02": {
            "month": "2017-02",
            "price": "14.71",
            "revenue": 43606
        },
        "2017-03": {
            "month": "2017-03",
            "price": "18.10",
            "revenue": 55916
        },
        "2017-04": {
            "month": "2017-04",
            "price": "20.95",
            "revenue": 49080
        },
        "2017-05": {
            "month": "2017-05",
            "price": "19.16",
            "revenue": 48973
        },
        "2017-06": {
            "month": "2017-06",
            "price": "20.01",
            "revenue": 53761
        },
        "2017-07": {
            "month": "2017-07",
            "price": "18.95",
            "revenue": 46896
        },
        "2017-08": {
            "month": "2017-08",
            "price": "18.44",
            "revenue": 51742
        },
        "2017-09": {
            "month": "2017-09",
            "price": "19.03",
            "revenue": 49283
        },
        "2017-10": {
            "month": "2017-10",
            "price": "20.09",
            "revenue": 50438
        },
        "2017-11": {
            "month": "2017-11",
            "price": "20.83",
            "revenue": 55540
        },
        "2017-12": {
            "month": "2017-12",
            "price": "22.25",
            "revenue": 62453
        },
        "2018-01": {
            "month": "2018-01",
            "price": "22.33",
            "revenue": 64828
        },
        "2018-02": {
            "month": "2018-02",
            "price": "23.00",
            "revenue": 47348
        },
        "2018-03": {
            "month": "2018-03",
            "price": "25.72",
            "revenue": 63692
        },
        "2018-04": {
            "month": "2018-04",
            "price": "24.19",
            "revenue": 54798
        },
        "2018-05": {
            "month": "2018-05",
            "price": "22.75",
            "revenue": 68562
        },
        "2018-06": {
            "month": "2018-06",
            "price": "21.12",
            "revenue": 62697
        },
        "2018-07": {
            "month": "2018-07",
            "price": "19.74",
            "revenue": 63312
        },
        "2018-08": {
            "month": "2018-08",
            "price": "18.57",
            "revenue": 67798
        },
        "2018-09": {
            "month": "2018-09",
            "price": "17.71",
            "revenue": 59674
        },
        "2018-10": {
            "month": "2018-10",
            "price": "16.65",
            "revenue": 67460
        },
        "2018-11": {
            "month": "2018-11",
            "price": "15.86",
            "revenue": 66482
        },
        "2018-12": {
            "month": "2018-12",
            "price": "15.40",
            "revenue": 61832
        },
        "2019-01": {
            "month": "2019-01",
            "price": "15.69",
            "revenue": 63702
        },
        "2019-02": {
            "month": "2019-02",
            "price": "17.18",
            "revenue": 43238
        },
        "2019-03": {
            "month": "2019-03",
            "price": "16.25",
            "revenue": 56279
        },
        "2019-04": {
            "month": "2019-04",
            "price": "15.47",
            "revenue": 56318
        },
        "2019-05": {
            "month": "2019-05",
            "price": "15.17",
            "revenue": 59962
        },
        "2019-06": {
            "month": "2019-06",
            "price": "14.46",
            "revenue": 58357
        },
        "2019-07": {
            "month": "2019-07",
            "price": "14.33",
            "revenue": 66702
        },
        "2019-08": {
            "month": "2019-08",
            "price": "13.91",
            "revenue": 59419
        },
        "2019-09": {
            "month": "2019-09",
            "price": "13.82",
            "revenue": 55993
        },
        "2019-10": {
            "month": "2019-10",
            "price": "13.50",
            "revenue": 60576
        },
        "2019-11": {
            "month": "2019-11",
            "price": "13.20",
            "revenue": 58910
        },
        "2019-12": {
            "month": "2019-12",
            "price": "13.81",
            "revenue": 61543
        },
        "2020-01": {
            "month": "2020-01",
            "price": "13.80",
            "revenue": 48113
        },
        "2020-02": {
            "month": "2020-02",
            "price": "13.83",
            "revenue": 53192
        },
        "2020-03": {
            "month": "2020-03",
            "price": "12.55",
            "revenue": 59971
        },
        "2020-04": {
            "month": "2020-04",
            "price": "12.12",
            "revenue": 50135
        },
        "2020-05": {
            "month": "2020-05",
            "price": "12.82",
            "revenue": 53480
        },
        "2020-06": {
            "month": "2020-06",
            "price": "12.72",
            "revenue": 54500
        },
        "2020-07": {
            "month": "2020-07",
            "price": "14.12",
            "revenue": 61471
        },
        "2020-08": {
            "month": "2020-08",
            "price": "14.37",
            "revenue": 60649
        },
        "2020-09": {
            "month": "2020-09",
            "price": "16.70",
            "revenue": 66789
        },
        "2020-10": {
            "month": "2020-10",
            "price": "20.30",
            "revenue": 58262
        },
        "2020-11": {
            "month": "2020-11",
            "price": "18.50",
            "revenue": 64923
        },
        "2020-12": {
            "month": "2020-12",
            "price": "17.46",
            "revenue": 73665
        },
        "2021-01": {
            "month": "2021-01",
            "price": "16.02",
            "revenue": 62691
        },
        "2021-02": {
            "month": "2021-02",
            "price": "15.58",
            "revenue": 52452
        },
        "2021-03": {
            "month": "2021-03",
            "price": "16.26",
            "revenue": 73132
        },
        "2021-04": {
            "month": "2021-04",
            "price": "19.12",
            "revenue": 67083
        },
        "2021-05": {
            "month": "2021-05",
            "price": "18.95",
            "revenue": 76035
        },
        "2021-06": {
            "month": "2021-06",
            "price": "19.53",
            "revenue": 77104
        },
        "2021-07": {
            "month": "2021-07",
            "price": "19.76",
            "revenue": 80342
        },
        "2021-08": {
            "month": "2021-08",
            "price": "18.53",
            "revenue": 79581
        },
        "2021-09": {
            "month": "2021-09",
            "price": "18.44",
            "revenue": 65933
        },
        "2021-10": {
            "month": "2021-10",
            "price": "17.86",
            "revenue": 74035
        },
        "2021-11": {
            "month": "2021-11",
            "price": "19.18",
            "revenue": 79104
        },
        "2021-12": {
            "month": "2021-12",
            "price": "20.72",
            "revenue": 80343
        },
        "2022-01": {
            "month": "2022-01",
            "price": "27.89",
            "revenue": 70555
        },
        "2022-02": {
            "month": "2022-02",
            "price": "39.10",
            "revenue": 55837
        },
        "2022-03": {
            "month": "2022-03",
            "price": "58.03",
            "revenue": 83730
        },
        "2022-04": {
            "month": "2022-04",
            "price": "80.82",
            "revenue": 75280
        },
        "2022-05": {
            "month": "2022-05",
            "price": "70.48",
            "revenue": 80608
        },
        "2022-06": {
            "month": "2022-06",
            "price": "64.52",
            "revenue": 61638
        },
        "2022-07": {
            "month": "2022-07",
            "price": "56.77",
            "revenue": 70245
        },
        "2022-08": {
            "month": "2022-08",
            "price": "51.74",
            "revenue": 76172
        },
        "2022-09": {
            "month": "2022-09",
            "price": "45.61",
            "revenue": 72993
        },
        "2022-10": {
            "month": "2022-10",
            "price": "35.56",
            "revenue": 71665
        },
        "2022-11": {
            "month": "2022-11",
            "price": "42.15",
            "revenue": 76256
        },
        "2022-12": {
            "month": "2022-12",
            "price": "46.11",
            "revenue": 81849
        },
        "2023-01": {
            "month": "2023-01",
            "price": "45.34",
            "revenue": 56961
        },
        "2023-02": {
            "month": "2023-02",
            "price": "45.73",
            "revenue": 70181
        },
        "2023-03": {
            "month": "2023-03",
            "price": "46.22",
            "revenue": 87260
        },
        "2023-04": {
            "month": "2023-04",
            "price": "48.26",
            "revenue": 63526
        },
        "2023-05": {
            "month": "2023-05",
            "price": "43.61",
            "revenue": 81119
        },
        "2023-06": {
            "month": "2023-06",
            "price": "43.60",
            "revenue": 75411
        },
        "2023-07": {
            "month": "2023-07",
            "price": "39.83",
            "revenue": 74159
        },
        "2023-08": {
            "month": "2023-08",
            "price": "37.63",
            "revenue": 84101
        },
        "2023-09": {
            "month": "2023-09",
            "price": "36.95",
            "revenue": 78880
        },
        "2023-10": {
            "month": "2023-10",
            "price": "34.72",
            "revenue": 77037
        },
        "2023-11": {
            "month": "2023-11",
            "price": "33.90",
            "revenue": 82579
        },
        "2023-12": {
            "month": "2023-12",
            "price": "36.13",
            "revenue": 79118
        }
    }
}
