{
    "summary": {
        "stock_name": "威宏-KY",
        "stock_id": "8442",
        "category": "其他",
        "main_business": "生產各類型運動用手套、護具等專業運動醫療防護用品<br>專業生產精品手袋、錢包、拉杆箱及休閒袋等各類箱包",
        "website_url": "http://www.ww-holding.com.tw/",
        "ceo": "許新居",
        "pe_ratio": 11,
        "report_year_from": 2016,
        "report_year_to": 2023,
        "age": 8,
        "eps_negative_percentage": 25,
        "eps_growth_avg": {
            "last_all": -4.81,
            "last_2y": 37.97,
            "last_4y": 18.99,
            "last_8y": null,
            "last_12y": null,
            "last_16y": null,
            "last_20y": null,
            "at_2006_last_3y": null,
            "at_2007_last_3y": null,
            "at_2008_last_3y": null,
            "at_2009_last_3y": null,
            "at_2010_last_3y": null,
            "at_2011_last_3y": null,
            "at_2012_last_3y": null,
            "at_2013_last_3y": null,
            "at_2014_last_3y": null,
            "at_2015_last_3y": null,
            "at_2016_last_3y": null,
            "at_2017_last_3y": null,
            "at_2018_last_3y": null,
            "at_2019_last_3y": null,
            "at_2020_last_3y": -33.33,
            "at_2021_last_3y": 0,
            "at_2022_last_3y": 33.33,
            "at_2023_last_3y": -8.02,
            "at_2024_last_3y": -8.02,
            "at_2006_last_all": null,
            "at_2007_last_all": null,
            "at_2008_last_all": null,
            "at_2009_last_all": null,
            "at_2010_last_all": null,
            "at_2011_last_all": null,
            "at_2012_last_all": null,
            "at_2013_last_all": null,
            "at_2014_last_all": null,
            "at_2015_last_all": null,
            "at_2016_last_all": null,
            "at_2017_last_all": null,
            "at_2018_last_all": -100,
            "at_2019_last_all": 0,
            "at_2020_last_all": -33.33,
            "at_2021_last_all": -33.33,
            "at_2022_last_all": 0,
            "at_2023_last_all": -4.81,
            "at_2024_last_all": -4.81
        },
        "latest_eps": 10.49,
        "latest_price": 117,
        "latest_roe": 25.86,
        "latest_gross_margin": 20.96,
        "latest_equity": 2704817,
        "latest_revenue": 2106697,
        "latest_gross_profit": 441581,
        "latest_net_income": 226461,
        "latest_debt_ratio": 55.91,
        "latest_current_ratio": 167.25,
        "latest_account_receivable_turnover_ratio": 1.13,
        "latest_inventory_turnover_ratio": 1.72,
        "latest_reinvestment_rate": -11.73,
        "latest_research_to_sale_ratio": 1.96
    },
    "eps_dividends": {
        "2001": {
            "cash": 0,
            "stock": 0,
            "eps": 0
        },
        "2002": {
            "cash": 0,
            "stock": 0,
            "eps": 0
        },
        "2003": {
            "cash": 0,
            "stock": 0,
            "eps": 0
        },
        "2004": {
            "cash": 0,
            "stock": 0,
            "eps": 0
        },
        "2005": {
            "cash": 0,
            "stock": 0,
            "eps": 0
        },
        "2006": {
            "cash": 0,
            "stock": 0,
            "eps": 0
        },
        "2007": {
            "cash": 0,
            "stock": 0,
            "eps": 0
        },
        "2008": {
            "cash": 0,
            "stock": 0,
            "eps": 0
        },
        "2009": {
            "cash": 0,
            "stock": 0,
            "eps": 0
        },
        "2010": {
            "cash": 0,
            "stock": 0,
            "eps": 0
        },
        "2011": {
            "cash": 0,
            "stock": 0,
            "eps": 0
        },
        "2012": {
            "cash": 0,
            "stock": 0,
            "eps": 0
        },
        "2013": {
            "cash": 0,
            "stock": 0,
            "eps": 0
        },
        "2014": {
            "cash": 0,
            "stock": 0,
            "eps": 0
        },
        "2015": {
            "cash": 0,
            "stock": 0,
            "eps": 0
        },
        "2016": {
            "cash": 3,
            "stock": 0,
            "eps": 0.39
        },
        "2017": {
            "cash": 2.2,
            "stock": 0,
            "eps": -0.78
        },
        "2018": {
            "cash": 0,
            "stock": 0,
            "eps": 1.83
        },
        "2019": {
            "cash": 1.5,
            "stock": 0,
            "eps": 4.02
        },
        "2020": {
            "cash": 0.3,
            "stock": 0,
            "eps": -2.55
        },
        "2021": {
            "cash": 0,
            "stock": 0,
            "eps": 1.26
        },
        "2022": {
            "cash": 1,
            "stock": 0,
            "eps": 10.6
        },
        "2023": {
            "cash": 5,
            "stock": 0,
            "eps": 8.05
        }
    },
    "dividends": {
        "2016-03-21": {
            "cash": 3,
            "stock": 0
        },
        "2017-08-11": {
            "cash": 2.2,
            "stock": 0
        },
        "2019-09-30": {
            "cash": 1.5,
            "stock": 0
        },
        "2020-12-24": {
            "cash": 0.3,
            "stock": 0
        },
        "2022-12-27": {
            "cash": 1,
            "stock": 0
        },
        "2023-09-05": {
            "cash": 5,
            "stock": 0
        }
    },
    "prices": {
        "200101": "無",
        "200102": "無",
        "200103": "無",
        "200104": "無",
        "200105": "無",
        "200106": "無",
        "200107": "無",
        "200108": "無",
        "200109": "無",
        "200110": "無",
        "200111": "無",
        "200112": "無",
        "200201": "無",
        "200202": "無",
        "200203": "無",
        "200204": "無",
        "200205": "無",
        "200206": "無",
        "200207": "無",
        "200208": "無",
        "200209": "無",
        "200210": "無",
        "200211": "無",
        "200212": "無",
        "200301": "無",
        "200302": "無",
        "200303": "無",
        "200304": "無",
        "200305": "無",
        "200306": "無",
        "200307": "無",
        "200308": "無",
        "200309": "無",
        "200310": "無",
        "200311": "無",
        "200312": "無",
        "200401": "無",
        "200402": "無",
        "200403": "無",
        "200404": "無",
        "200405": "無",
        "200406": "無",
        "200407": "無",
        "200408": "無",
        "200409": "無",
        "200410": "無",
        "200411": "無",
        "200412": "無",
        "200501": "無",
        "200502": "無",
        "200503": "無",
        "200504": "無",
        "200505": "無",
        "200506": "無",
        "200507": "無",
        "200508": "無",
        "200509": "無",
        "200510": "無",
        "200511": "無",
        "200512": "無",
        "200601": "無",
        "200602": "無",
        "200603": "無",
        "200604": "無",
        "200605": "無",
        "200606": "無",
        "200607": "無",
        "200608": "無",
        "200609": "無",
        "200610": "無",
        "200611": "無",
        "200612": "無",
        "200701": "無",
        "200702": "無",
        "200703": "無",
        "200704": "無",
        "200705": "無",
        "200706": "無",
        "200707": "無",
        "200708": "無",
        "200709": "無",
        "200710": "無",
        "200711": "無",
        "200712": "無",
        "200801": "無",
        "200802": "無",
        "200803": "無",
        "200804": "無",
        "200805": "無",
        "200806": "無",
        "200807": "無",
        "200808": "無",
        "200809": "無",
        "200810": "無",
        "200811": "無",
        "200812": "無",
        "200901": "無",
        "200902": "無",
        "200903": "無",
        "200904": "無",
        "200905": "無",
        "200906": "無",
        "200907": "無",
        "200908": "無",
        "200909": "無",
        "200910": "無",
        "200911": "無",
        "200912": "無",
        "201001": "無",
        "201002": "無",
        "201003": "無",
        "201004": "無",
        "201005": "無",
        "201006": "無",
        "201007": "無",
        "201008": "無",
        "201009": "無",
        "201010": "無",
        "201011": "無",
        "201012": "無",
        "201101": "無",
        "201102": "無",
        "201103": "無",
        "201104": "無",
        "201105": "無",
        "201106": "無",
        "201107": "無",
        "201108": "無",
        "201109": "無",
        "201110": "無",
        "201111": "無",
        "201112": "無",
        "201201": "無",
        "201202": "無",
        "201203": "無",
        "201204": "無",
        "201205": "無",
        "201206": "無",
        "201207": "無",
        "201208": "無",
        "201209": "無",
        "201210": "無",
        "201211": "無",
        "201212": "無",
        "201301": "無",
        "201302": "無",
        "201303": "無",
        "201304": "無",
        "201305": "無",
        "201306": "無",
        "201307": "無",
        "201308": "無",
        "201309": "無",
        "201310": "無",
        "201311": "無",
        "201312": "無",
        "201401": "無",
        "201402": "無",
        "201403": "無",
        "201404": "無",
        "201405": "無",
        "201406": "無",
        "201407": "無",
        "201408": "無",
        "201409": "無",
        "201410": "無",
        "201411": "無",
        "201412": "無",
        "201501": "無",
        "201502": "無",
        "201503": "無",
        "201504": "無",
        "201505": "無",
        "201506": "無",
        "201507": "無",
        "201508": "無",
        "201509": "無",
        "201510": "無",
        "201511": "無",
        "201512": "無",
        "201601": "無",
        "201602": "無",
        "201603": "無",
        "201604": "無",
        "201605": "無",
        "201606": "無",
        "201607": "無",
        "201608": "無",
        "201609": "無",
        "201610": "無",
        "201611": "44.60",
        "201612": "47.60",
        "201701": "48.05",
        "201702": "52.68",
        "201703": "56.59",
        "201704": "54.27",
        "201705": "54.22",
        "201706": "55.90",
        "201707": "54.40",
        "201708": "52.90",
        "201709": "56.00",
        "201710": "59.30",
        "201711": "68.38",
        "201712": "69.51",
        "201801": "68.99",
        "201802": "69.35",
        "201803": "65.70",
        "201804": "59.14",
        "201805": "58.10",
        "201806": "58.00",
        "201807": "57.44",
        "201808": "58.08",
        "201809": "57.85",
        "201810": "57.95",
        "201811": "57.59",
        "201812": "60.07",
        "201901": "59.55",
        "201902": "59.88",
        "201903": "64.19",
        "201904": "67.98",
        "201905": "62.93",
        "201906": "58.32",
        "201907": "58.08",
        "201908": "57.76",
        "201909": "57.01",
        "201910": "56.63",
        "201911": "56.75",
        "201912": "54.78",
        "202001": "53.81",
        "202002": "52.76",
        "202003": "47.86",
        "202004": "44.19",
        "202005": "41.76",
        "202006": "40.45",
        "202007": "40.13",
        "202008": "44.16",
        "202009": "46.96",
        "202010": "46.32",
        "202011": "46.12",
        "202012": "47.38",
        "202101": "46.52",
        "202102": "44.51",
        "202103": "42.40",
        "202104": "40.28",
        "202105": "38.90",
        "202106": "39.17",
        "202107": "41.60",
        "202108": "39.67",
        "202109": "38.41",
        "202110": "37.99",
        "202111": "40.42",
        "202112": "43.68",
        "202201": "42.81",
        "202202": "45.91",
        "202203": "49.89",
        "202204": "50.84",
        "202205": "57.14",
        "202206": "59.57",
        "202207": "58.62",
        "202208": "68.97",
        "202209": "70.87",
        "202210": "74.68",
        "202211": "76.20",
        "202212": "77.12",
        "202301": "77.45",
        "202302": "73.78",
        "202303": "86.28",
        "202304": "80.12",
        "202305": "82.60",
        "202306": "80.94",
        "202307": "82.02",
        "202308": "79.49",
        "202309": "83.24",
        "202310": "84.05",
        "202311": "92.61",
        "202312": "104.68"
    },
    "quarters": {
        "20011": {
            "year_quarter": 20011,
            "year": 2001,
            "quarter": 1,
            "eps": null,
            "eps_growth_year": null,
            "eps_4q": null,
            "eps_4q_growth_year": null,
            "roe": null,
            "roe_4q": 0,
            "gross_profit": null,
            "gross_margin": null,
            "gross_margin_4q_avg": 0,
            "net_income": null,
            "net_income_4q": null,
            "revenue": null,
            "revenue_4q": null,
            "common_shares": null,
            "book_valuer_per_share": null,
            "book_valuer_per_share_4q_avg": 0,
            "equity": null,
            "current_ratio": null,
            "debt_ratio": null,
            "inventory_turnover_ratio": null,
            "account_receivable_turnover_ratio": null,
            "reinvestment_rate": null,
            "research_to_sale_ratio": null,
            "price_fair": 0,
            "eps_avg_yearly": 0,
            "eps_latest_yearly": 0,
            "eps_growth_yearly": 0
        },
        "20012": {
            "year_quarter": 20012,
            "year": 2001,
            "quarter": 2,
            "eps": null,
            "eps_growth_year": null,
            "eps_4q": null,
            "eps_4q_growth_year": null,
            "roe": null,
            "roe_4q": 0,
            "gross_profit": null,
            "gross_margin": null,
            "gross_margin_4q_avg": 0,
            "net_income": null,
            "net_income_4q": null,
            "revenue": null,
            "revenue_4q": null,
            "common_shares": null,
            "book_valuer_per_share": null,
            "book_valuer_per_share_4q_avg": 0,
            "equity": null,
            "current_ratio": null,
            "debt_ratio": null,
            "inventory_turnover_ratio": null,
            "account_receivable_turnover_ratio": null,
            "reinvestment_rate": null,
            "research_to_sale_ratio": null,
            "price_fair": 0,
            "eps_avg_yearly": 0,
            "eps_latest_yearly": 0,
            "eps_growth_yearly": 0
        },
        "20013": {
            "year_quarter": 20013,
            "year": 2001,
            "quarter": 3,
            "eps": null,
            "eps_growth_year": null,
            "eps_4q": null,
            "eps_4q_growth_year": null,
            "roe": null,
            "roe_4q": 0,
            "gross_profit": null,
            "gross_margin": null,
            "gross_margin_4q_avg": 0,
            "net_income": null,
            "net_income_4q": null,
            "revenue": null,
            "revenue_4q": null,
            "common_shares": null,
            "book_valuer_per_share": null,
            "book_valuer_per_share_4q_avg": 0,
            "equity": null,
            "current_ratio": null,
            "debt_ratio": null,
            "inventory_turnover_ratio": null,
            "account_receivable_turnover_ratio": null,
            "reinvestment_rate": null,
            "research_to_sale_ratio": null,
            "price_fair": 0,
            "eps_avg_yearly": 0,
            "eps_latest_yearly": 0,
            "eps_growth_yearly": 0
        },
        "20014": {
            "year_quarter": 20014,
            "year": 2001,
            "quarter": 4,
            "eps": null,
            "eps_growth_year": null,
            "eps_4q": null,
            "eps_4q_growth_year": null,
            "roe": null,
            "roe_4q": 0,
            "gross_profit": null,
            "gross_margin": null,
            "gross_margin_4q_avg": 0,
            "net_income": null,
            "net_income_4q": null,
            "revenue": null,
            "revenue_4q": null,
            "common_shares": null,
            "book_valuer_per_share": null,
            "book_valuer_per_share_4q_avg": 0,
            "equity": null,
            "current_ratio": null,
            "debt_ratio": null,
            "inventory_turnover_ratio": null,
            "account_receivable_turnover_ratio": null,
            "reinvestment_rate": null,
            "research_to_sale_ratio": null,
            "price_fair": 0,
            "eps_avg_yearly": 0,
            "eps_latest_yearly": 0,
            "eps_growth_yearly": 0
        },
        "20021": {
            "year_quarter": 20021,
            "year": 2002,
            "quarter": 1,
            "eps": null,
            "eps_growth_year": null,
            "eps_4q": null,
            "eps_4q_growth_year": null,
            "roe": null,
            "roe_4q": 0,
            "gross_profit": null,
            "gross_margin": null,
            "gross_margin_4q_avg": 0,
            "net_income": null,
            "net_income_4q": null,
            "revenue": null,
            "revenue_4q": null,
            "common_shares": null,
            "book_valuer_per_share": null,
            "book_valuer_per_share_4q_avg": 0,
            "equity": null,
            "current_ratio": null,
            "debt_ratio": null,
            "inventory_turnover_ratio": null,
            "account_receivable_turnover_ratio": null,
            "reinvestment_rate": null,
            "research_to_sale_ratio": null,
            "price_fair": 0,
            "eps_avg_yearly": 0,
            "eps_latest_yearly": 0,
            "eps_growth_yearly": 0
        },
        "20022": {
            "year_quarter": 20022,
            "year": 2002,
            "quarter": 2,
            "eps": null,
            "eps_growth_year": null,
            "eps_4q": null,
            "eps_4q_growth_year": null,
            "roe": null,
            "roe_4q": 0,
            "gross_profit": null,
            "gross_margin": null,
            "gross_margin_4q_avg": 0,
            "net_income": null,
            "net_income_4q": null,
            "revenue": null,
            "revenue_4q": null,
            "common_shares": null,
            "book_valuer_per_share": null,
            "book_valuer_per_share_4q_avg": 0,
            "equity": null,
            "current_ratio": null,
            "debt_ratio": null,
            "inventory_turnover_ratio": null,
            "account_receivable_turnover_ratio": null,
            "reinvestment_rate": null,
            "research_to_sale_ratio": null,
            "price_fair": 0,
            "eps_avg_yearly": 0,
            "eps_latest_yearly": 0,
            "eps_growth_yearly": 0
        },
        "20023": {
            "year_quarter": 20023,
            "year": 2002,
            "quarter": 3,
            "eps": null,
            "eps_growth_year": null,
            "eps_4q": null,
            "eps_4q_growth_year": null,
            "roe": null,
            "roe_4q": 0,
            "gross_profit": null,
            "gross_margin": null,
            "gross_margin_4q_avg": 0,
            "net_income": null,
            "net_income_4q": null,
            "revenue": null,
            "revenue_4q": null,
            "common_shares": null,
            "book_valuer_per_share": null,
            "book_valuer_per_share_4q_avg": 0,
            "equity": null,
            "current_ratio": null,
            "debt_ratio": null,
            "inventory_turnover_ratio": null,
            "account_receivable_turnover_ratio": null,
            "reinvestment_rate": null,
            "research_to_sale_ratio": null,
            "price_fair": 0,
            "eps_avg_yearly": 0,
            "eps_latest_yearly": 0,
            "eps_growth_yearly": 0
        },
        "20024": {
            "year_quarter": 20024,
            "year": 2002,
            "quarter": 4,
            "eps": null,
            "eps_growth_year": null,
            "eps_4q": null,
            "eps_4q_growth_year": null,
            "roe": null,
            "roe_4q": 0,
            "gross_profit": null,
            "gross_margin": null,
            "gross_margin_4q_avg": 0,
            "net_income": null,
            "net_income_4q": null,
            "revenue": null,
            "revenue_4q": null,
            "common_shares": null,
            "book_valuer_per_share": null,
            "book_valuer_per_share_4q_avg": 0,
            "equity": null,
            "current_ratio": null,
            "debt_ratio": null,
            "inventory_turnover_ratio": null,
            "account_receivable_turnover_ratio": null,
            "reinvestment_rate": null,
            "research_to_sale_ratio": null,
            "price_fair": 0,
            "eps_avg_yearly": 0,
            "eps_latest_yearly": 0,
            "eps_growth_yearly": 0
        },
        "20031": {
            "year_quarter": 20031,
            "year": 2003,
            "quarter": 1,
            "eps": null,
            "eps_growth_year": null,
            "eps_4q": null,
            "eps_4q_growth_year": null,
            "roe": null,
            "roe_4q": 0,
            "gross_profit": null,
            "gross_margin": null,
            "gross_margin_4q_avg": 0,
            "net_income": null,
            "net_income_4q": null,
            "revenue": null,
            "revenue_4q": null,
            "common_shares": null,
            "book_valuer_per_share": null,
            "book_valuer_per_share_4q_avg": 0,
            "equity": null,
            "current_ratio": null,
            "debt_ratio": null,
            "inventory_turnover_ratio": null,
            "account_receivable_turnover_ratio": null,
            "reinvestment_rate": null,
            "research_to_sale_ratio": null,
            "price_fair": 0,
            "eps_avg_yearly": 0,
            "eps_latest_yearly": 0,
            "eps_growth_yearly": 0
        },
        "20032": {
            "year_quarter": 20032,
            "year": 2003,
            "quarter": 2,
            "eps": null,
            "eps_growth_year": null,
            "eps_4q": null,
            "eps_4q_growth_year": null,
            "roe": null,
            "roe_4q": 0,
            "gross_profit": null,
            "gross_margin": null,
            "gross_margin_4q_avg": 0,
            "net_income": null,
            "net_income_4q": null,
            "revenue": null,
            "revenue_4q": null,
            "common_shares": null,
            "book_valuer_per_share": null,
            "book_valuer_per_share_4q_avg": 0,
            "equity": null,
            "current_ratio": null,
            "debt_ratio": null,
            "inventory_turnover_ratio": null,
            "account_receivable_turnover_ratio": null,
            "reinvestment_rate": null,
            "research_to_sale_ratio": null,
            "price_fair": 0,
            "eps_avg_yearly": 0,
            "eps_latest_yearly": 0,
            "eps_growth_yearly": 0
        },
        "20033": {
            "year_quarter": 20033,
            "year": 2003,
            "quarter": 3,
            "eps": null,
            "eps_growth_year": null,
            "eps_4q": null,
            "eps_4q_growth_year": null,
            "roe": null,
            "roe_4q": 0,
            "gross_profit": null,
            "gross_margin": null,
            "gross_margin_4q_avg": 0,
            "net_income": null,
            "net_income_4q": null,
            "revenue": null,
            "revenue_4q": null,
            "common_shares": null,
            "book_valuer_per_share": null,
            "book_valuer_per_share_4q_avg": 0,
            "equity": null,
            "current_ratio": null,
            "debt_ratio": null,
            "inventory_turnover_ratio": null,
            "account_receivable_turnover_ratio": null,
            "reinvestment_rate": null,
            "research_to_sale_ratio": null,
            "price_fair": 0,
            "eps_avg_yearly": 0,
            "eps_latest_yearly": 0,
            "eps_growth_yearly": 0
        },
        "20034": {
            "year_quarter": 20034,
            "year": 2003,
            "quarter": 4,
            "eps": null,
            "eps_growth_year": null,
            "eps_4q": null,
            "eps_4q_growth_year": null,
            "roe": null,
            "roe_4q": 0,
            "gross_profit": null,
            "gross_margin": null,
            "gross_margin_4q_avg": 0,
            "net_income": null,
            "net_income_4q": null,
            "revenue": null,
            "revenue_4q": null,
            "common_shares": null,
            "book_valuer_per_share": null,
            "book_valuer_per_share_4q_avg": 0,
            "equity": null,
            "current_ratio": null,
            "debt_ratio": null,
            "inventory_turnover_ratio": null,
            "account_receivable_turnover_ratio": null,
            "reinvestment_rate": null,
            "research_to_sale_ratio": null,
            "price_fair": 0,
            "eps_avg_yearly": 0,
            "eps_latest_yearly": 0,
            "eps_growth_yearly": 0
        },
        "20041": {
            "year_quarter": 20041,
            "year": 2004,
            "quarter": 1,
            "eps": null,
            "eps_growth_year": null,
            "eps_4q": null,
            "eps_4q_growth_year": null,
            "roe": null,
            "roe_4q": 0,
            "gross_profit": null,
            "gross_margin": null,
            "gross_margin_4q_avg": 0,
            "net_income": null,
            "net_income_4q": null,
            "revenue": null,
            "revenue_4q": null,
            "common_shares": null,
            "book_valuer_per_share": null,
            "book_valuer_per_share_4q_avg": 0,
            "equity": null,
            "current_ratio": null,
            "debt_ratio": null,
            "inventory_turnover_ratio": null,
            "account_receivable_turnover_ratio": null,
            "reinvestment_rate": null,
            "research_to_sale_ratio": null,
            "price_fair": 0,
            "eps_avg_yearly": 0,
            "eps_latest_yearly": 0,
            "eps_growth_yearly": 0
        },
        "20042": {
            "year_quarter": 20042,
            "year": 2004,
            "quarter": 2,
            "eps": null,
            "eps_growth_year": null,
            "eps_4q": null,
            "eps_4q_growth_year": null,
            "roe": null,
            "roe_4q": 0,
            "gross_profit": null,
            "gross_margin": null,
            "gross_margin_4q_avg": 0,
            "net_income": null,
            "net_income_4q": null,
            "revenue": null,
            "revenue_4q": null,
            "common_shares": null,
            "book_valuer_per_share": null,
            "book_valuer_per_share_4q_avg": 0,
            "equity": null,
            "current_ratio": null,
            "debt_ratio": null,
            "inventory_turnover_ratio": null,
            "account_receivable_turnover_ratio": null,
            "reinvestment_rate": null,
            "research_to_sale_ratio": null,
            "price_fair": 0,
            "eps_avg_yearly": 0,
            "eps_latest_yearly": 0,
            "eps_growth_yearly": 0
        },
        "20043": {
            "year_quarter": 20043,
            "year": 2004,
            "quarter": 3,
            "eps": null,
            "eps_growth_year": null,
            "eps_4q": null,
            "eps_4q_growth_year": null,
            "roe": null,
            "roe_4q": 0,
            "gross_profit": null,
            "gross_margin": null,
            "gross_margin_4q_avg": 0,
            "net_income": null,
            "net_income_4q": null,
            "revenue": null,
            "revenue_4q": null,
            "common_shares": null,
            "book_valuer_per_share": null,
            "book_valuer_per_share_4q_avg": 0,
            "equity": null,
            "current_ratio": null,
            "debt_ratio": null,
            "inventory_turnover_ratio": null,
            "account_receivable_turnover_ratio": null,
            "reinvestment_rate": null,
            "research_to_sale_ratio": null,
            "price_fair": 0,
            "eps_avg_yearly": 0,
            "eps_latest_yearly": 0,
            "eps_growth_yearly": 0
        },
        "20044": {
            "year_quarter": 20044,
            "year": 2004,
            "quarter": 4,
            "eps": null,
            "eps_growth_year": null,
            "eps_4q": null,
            "eps_4q_growth_year": null,
            "roe": null,
            "roe_4q": 0,
            "gross_profit": null,
            "gross_margin": null,
            "gross_margin_4q_avg": 0,
            "net_income": null,
            "net_income_4q": null,
            "revenue": null,
            "revenue_4q": null,
            "common_shares": null,
            "book_valuer_per_share": null,
            "book_valuer_per_share_4q_avg": 0,
            "equity": null,
            "current_ratio": null,
            "debt_ratio": null,
            "inventory_turnover_ratio": null,
            "account_receivable_turnover_ratio": null,
            "reinvestment_rate": null,
            "research_to_sale_ratio": null,
            "price_fair": 0,
            "eps_avg_yearly": 0,
            "eps_latest_yearly": 0,
            "eps_growth_yearly": 0
        },
        "20051": {
            "year_quarter": 20051,
            "year": 2005,
            "quarter": 1,
            "eps": null,
            "eps_growth_year": null,
            "eps_4q": null,
            "eps_4q_growth_year": null,
            "roe": null,
            "roe_4q": 0,
            "gross_profit": null,
            "gross_margin": null,
            "gross_margin_4q_avg": 0,
            "net_income": null,
            "net_income_4q": null,
            "revenue": null,
            "revenue_4q": null,
            "common_shares": null,
            "book_valuer_per_share": null,
            "book_valuer_per_share_4q_avg": 0,
            "equity": null,
            "current_ratio": null,
            "debt_ratio": null,
            "inventory_turnover_ratio": null,
            "account_receivable_turnover_ratio": null,
            "reinvestment_rate": null,
            "research_to_sale_ratio": null,
            "price_fair": 0,
            "eps_avg_yearly": 0,
            "eps_latest_yearly": 0,
            "eps_growth_yearly": 0
        },
        "20052": {
            "year_quarter": 20052,
            "year": 2005,
            "quarter": 2,
            "eps": null,
            "eps_growth_year": null,
            "eps_4q": null,
            "eps_4q_growth_year": null,
            "roe": null,
            "roe_4q": 0,
            "gross_profit": null,
            "gross_margin": null,
            "gross_margin_4q_avg": 0,
            "net_income": null,
            "net_income_4q": null,
            "revenue": null,
            "revenue_4q": null,
            "common_shares": null,
            "book_valuer_per_share": null,
            "book_valuer_per_share_4q_avg": 0,
            "equity": null,
            "current_ratio": null,
            "debt_ratio": null,
            "inventory_turnover_ratio": null,
            "account_receivable_turnover_ratio": null,
            "reinvestment_rate": null,
            "research_to_sale_ratio": null,
            "price_fair": 0,
            "eps_avg_yearly": 0,
            "eps_latest_yearly": 0,
            "eps_growth_yearly": 0
        },
        "20053": {
            "year_quarter": 20053,
            "year": 2005,
            "quarter": 3,
            "eps": null,
            "eps_growth_year": null,
            "eps_4q": null,
            "eps_4q_growth_year": null,
            "roe": null,
            "roe_4q": 0,
            "gross_profit": null,
            "gross_margin": null,
            "gross_margin_4q_avg": 0,
            "net_income": null,
            "net_income_4q": null,
            "revenue": null,
            "revenue_4q": null,
            "common_shares": null,
            "book_valuer_per_share": null,
            "book_valuer_per_share_4q_avg": 0,
            "equity": null,
            "current_ratio": null,
            "debt_ratio": null,
            "inventory_turnover_ratio": null,
            "account_receivable_turnover_ratio": null,
            "reinvestment_rate": null,
            "research_to_sale_ratio": null,
            "price_fair": 0,
            "eps_avg_yearly": 0,
            "eps_latest_yearly": 0,
            "eps_growth_yearly": 0
        },
        "20054": {
            "year_quarter": 20054,
            "year": 2005,
            "quarter": 4,
            "eps": null,
            "eps_growth_year": null,
            "eps_4q": null,
            "eps_4q_growth_year": null,
            "roe": null,
            "roe_4q": 0,
            "gross_profit": null,
            "gross_margin": null,
            "gross_margin_4q_avg": 0,
            "net_income": null,
            "net_income_4q": null,
            "revenue": null,
            "revenue_4q": null,
            "common_shares": null,
            "book_valuer_per_share": null,
            "book_valuer_per_share_4q_avg": 0,
            "equity": null,
            "current_ratio": null,
            "debt_ratio": null,
            "inventory_turnover_ratio": null,
            "account_receivable_turnover_ratio": null,
            "reinvestment_rate": null,
            "research_to_sale_ratio": null,
            "price_fair": 0,
            "eps_avg_yearly": 0,
            "eps_latest_yearly": 0,
            "eps_growth_yearly": 0
        },
        "20061": {
            "year_quarter": 20061,
            "year": 2006,
            "quarter": 1,
            "eps": null,
            "eps_growth_year": null,
            "eps_4q": null,
            "eps_4q_growth_year": null,
            "roe": null,
            "roe_4q": 0,
            "gross_profit": null,
            "gross_margin": null,
            "gross_margin_4q_avg": 0,
            "net_income": null,
            "net_income_4q": null,
            "revenue": null,
            "revenue_4q": null,
            "common_shares": null,
            "book_valuer_per_share": null,
            "book_valuer_per_share_4q_avg": 0,
            "equity": null,
            "current_ratio": null,
            "debt_ratio": null,
            "inventory_turnover_ratio": null,
            "account_receivable_turnover_ratio": null,
            "reinvestment_rate": null,
            "research_to_sale_ratio": null,
            "price_fair": 0,
            "eps_avg_yearly": 0,
            "eps_latest_yearly": 0,
            "eps_growth_yearly": 0
        },
        "20062": {
            "year_quarter": 20062,
            "year": 2006,
            "quarter": 2,
            "eps": null,
            "eps_growth_year": null,
            "eps_4q": null,
            "eps_4q_growth_year": null,
            "roe": null,
            "roe_4q": 0,
            "gross_profit": null,
            "gross_margin": null,
            "gross_margin_4q_avg": 0,
            "net_income": null,
            "net_income_4q": null,
            "revenue": null,
            "revenue_4q": null,
            "common_shares": null,
            "book_valuer_per_share": null,
            "book_valuer_per_share_4q_avg": 0,
            "equity": null,
            "current_ratio": null,
            "debt_ratio": null,
            "inventory_turnover_ratio": null,
            "account_receivable_turnover_ratio": null,
            "reinvestment_rate": null,
            "research_to_sale_ratio": null,
            "price_fair": 0,
            "eps_avg_yearly": 0,
            "eps_latest_yearly": 0,
            "eps_growth_yearly": 0
        },
        "20063": {
            "year_quarter": 20063,
            "year": 2006,
            "quarter": 3,
            "eps": null,
            "eps_growth_year": null,
            "eps_4q": null,
            "eps_4q_growth_year": null,
            "roe": null,
            "roe_4q": 0,
            "gross_profit": null,
            "gross_margin": null,
            "gross_margin_4q_avg": 0,
            "net_income": null,
            "net_income_4q": null,
            "revenue": null,
            "revenue_4q": null,
            "common_shares": null,
            "book_valuer_per_share": null,
            "book_valuer_per_share_4q_avg": 0,
            "equity": null,
            "current_ratio": null,
            "debt_ratio": null,
            "inventory_turnover_ratio": null,
            "account_receivable_turnover_ratio": null,
            "reinvestment_rate": null,
            "research_to_sale_ratio": null,
            "price_fair": 0,
            "eps_avg_yearly": 0,
            "eps_latest_yearly": 0,
            "eps_growth_yearly": 0
        },
        "20064": {
            "year_quarter": 20064,
            "year": 2006,
            "quarter": 4,
            "eps": null,
            "eps_growth_year": null,
            "eps_4q": null,
            "eps_4q_growth_year": null,
            "roe": null,
            "roe_4q": 0,
            "gross_profit": null,
            "gross_margin": null,
            "gross_margin_4q_avg": 0,
            "net_income": null,
            "net_income_4q": null,
            "revenue": null,
            "revenue_4q": null,
            "common_shares": null,
            "book_valuer_per_share": null,
            "book_valuer_per_share_4q_avg": 0,
            "equity": null,
            "current_ratio": null,
            "debt_ratio": null,
            "inventory_turnover_ratio": null,
            "account_receivable_turnover_ratio": null,
            "reinvestment_rate": null,
            "research_to_sale_ratio": null,
            "price_fair": 0,
            "eps_avg_yearly": 0,
            "eps_latest_yearly": 0,
            "eps_growth_yearly": 0
        },
        "20071": {
            "year_quarter": 20071,
            "year": 2007,
            "quarter": 1,
            "eps": null,
            "eps_growth_year": null,
            "eps_4q": null,
            "eps_4q_growth_year": null,
            "roe": null,
            "roe_4q": 0,
            "gross_profit": null,
            "gross_margin": null,
            "gross_margin_4q_avg": 0,
            "net_income": null,
            "net_income_4q": null,
            "revenue": null,
            "revenue_4q": null,
            "common_shares": null,
            "book_valuer_per_share": null,
            "book_valuer_per_share_4q_avg": 0,
            "equity": null,
            "current_ratio": null,
            "debt_ratio": null,
            "inventory_turnover_ratio": null,
            "account_receivable_turnover_ratio": null,
            "reinvestment_rate": null,
            "research_to_sale_ratio": null,
            "price_fair": 0,
            "eps_avg_yearly": 0,
            "eps_latest_yearly": 0,
            "eps_growth_yearly": 0
        },
        "20072": {
            "year_quarter": 20072,
            "year": 2007,
            "quarter": 2,
            "eps": null,
            "eps_growth_year": null,
            "eps_4q": null,
            "eps_4q_growth_year": null,
            "roe": null,
            "roe_4q": 0,
            "gross_profit": null,
            "gross_margin": null,
            "gross_margin_4q_avg": 0,
            "net_income": null,
            "net_income_4q": null,
            "revenue": null,
            "revenue_4q": null,
            "common_shares": null,
            "book_valuer_per_share": null,
            "book_valuer_per_share_4q_avg": 0,
            "equity": null,
            "current_ratio": null,
            "debt_ratio": null,
            "inventory_turnover_ratio": null,
            "account_receivable_turnover_ratio": null,
            "reinvestment_rate": null,
            "research_to_sale_ratio": null,
            "price_fair": 0,
            "eps_avg_yearly": 0,
            "eps_latest_yearly": 0,
            "eps_growth_yearly": 0
        },
        "20073": {
            "year_quarter": 20073,
            "year": 2007,
            "quarter": 3,
            "eps": null,
            "eps_growth_year": null,
            "eps_4q": null,
            "eps_4q_growth_year": null,
            "roe": null,
            "roe_4q": 0,
            "gross_profit": null,
            "gross_margin": null,
            "gross_margin_4q_avg": 0,
            "net_income": null,
            "net_income_4q": null,
            "revenue": null,
            "revenue_4q": null,
            "common_shares": null,
            "book_valuer_per_share": null,
            "book_valuer_per_share_4q_avg": 0,
            "equity": null,
            "current_ratio": null,
            "debt_ratio": null,
            "inventory_turnover_ratio": null,
            "account_receivable_turnover_ratio": null,
            "reinvestment_rate": null,
            "research_to_sale_ratio": null,
            "price_fair": 0,
            "eps_avg_yearly": 0,
            "eps_latest_yearly": 0,
            "eps_growth_yearly": 0
        },
        "20074": {
            "year_quarter": 20074,
            "year": 2007,
            "quarter": 4,
            "eps": null,
            "eps_growth_year": null,
            "eps_4q": null,
            "eps_4q_growth_year": null,
            "roe": null,
            "roe_4q": 0,
            "gross_profit": null,
            "gross_margin": null,
            "gross_margin_4q_avg": 0,
            "net_income": null,
            "net_income_4q": null,
            "revenue": null,
            "revenue_4q": null,
            "common_shares": null,
            "book_valuer_per_share": null,
            "book_valuer_per_share_4q_avg": 0,
            "equity": null,
            "current_ratio": null,
            "debt_ratio": null,
            "inventory_turnover_ratio": null,
            "account_receivable_turnover_ratio": null,
            "reinvestment_rate": null,
            "research_to_sale_ratio": null,
            "price_fair": 0,
            "eps_avg_yearly": 0,
            "eps_latest_yearly": 0,
            "eps_growth_yearly": 0
        },
        "20081": {
            "year_quarter": 20081,
            "year": 2008,
            "quarter": 1,
            "eps": null,
            "eps_growth_year": null,
            "eps_4q": null,
            "eps_4q_growth_year": null,
            "roe": null,
            "roe_4q": 0,
            "gross_profit": null,
            "gross_margin": null,
            "gross_margin_4q_avg": 0,
            "net_income": null,
            "net_income_4q": null,
            "revenue": null,
            "revenue_4q": null,
            "common_shares": null,
            "book_valuer_per_share": null,
            "book_valuer_per_share_4q_avg": 0,
            "equity": null,
            "current_ratio": null,
            "debt_ratio": null,
            "inventory_turnover_ratio": null,
            "account_receivable_turnover_ratio": null,
            "reinvestment_rate": null,
            "research_to_sale_ratio": null,
            "price_fair": 0,
            "eps_avg_yearly": 0,
            "eps_latest_yearly": 0,
            "eps_growth_yearly": 0
        },
        "20082": {
            "year_quarter": 20082,
            "year": 2008,
            "quarter": 2,
            "eps": null,
            "eps_growth_year": null,
            "eps_4q": null,
            "eps_4q_growth_year": null,
            "roe": null,
            "roe_4q": 0,
            "gross_profit": null,
            "gross_margin": null,
            "gross_margin_4q_avg": 0,
            "net_income": null,
            "net_income_4q": null,
            "revenue": null,
            "revenue_4q": null,
            "common_shares": null,
            "book_valuer_per_share": null,
            "book_valuer_per_share_4q_avg": 0,
            "equity": null,
            "current_ratio": null,
            "debt_ratio": null,
            "inventory_turnover_ratio": null,
            "account_receivable_turnover_ratio": null,
            "reinvestment_rate": null,
            "research_to_sale_ratio": null,
            "price_fair": 0,
            "eps_avg_yearly": 0,
            "eps_latest_yearly": 0,
            "eps_growth_yearly": 0
        },
        "20083": {
            "year_quarter": 20083,
            "year": 2008,
            "quarter": 3,
            "eps": null,
            "eps_growth_year": null,
            "eps_4q": null,
            "eps_4q_growth_year": null,
            "roe": null,
            "roe_4q": 0,
            "gross_profit": null,
            "gross_margin": null,
            "gross_margin_4q_avg": 0,
            "net_income": null,
            "net_income_4q": null,
            "revenue": null,
            "revenue_4q": null,
            "common_shares": null,
            "book_valuer_per_share": null,
            "book_valuer_per_share_4q_avg": 0,
            "equity": null,
            "current_ratio": null,
            "debt_ratio": null,
            "inventory_turnover_ratio": null,
            "account_receivable_turnover_ratio": null,
            "reinvestment_rate": null,
            "research_to_sale_ratio": null,
            "price_fair": 0,
            "eps_avg_yearly": 0,
            "eps_latest_yearly": 0,
            "eps_growth_yearly": 0
        },
        "20084": {
            "year_quarter": 20084,
            "year": 2008,
            "quarter": 4,
            "eps": null,
            "eps_growth_year": null,
            "eps_4q": null,
            "eps_4q_growth_year": null,
            "roe": null,
            "roe_4q": 0,
            "gross_profit": null,
            "gross_margin": null,
            "gross_margin_4q_avg": 0,
            "net_income": null,
            "net_income_4q": null,
            "revenue": null,
            "revenue_4q": null,
            "common_shares": null,
            "book_valuer_per_share": null,
            "book_valuer_per_share_4q_avg": 0,
            "equity": null,
            "current_ratio": null,
            "debt_ratio": null,
            "inventory_turnover_ratio": null,
            "account_receivable_turnover_ratio": null,
            "reinvestment_rate": null,
            "research_to_sale_ratio": null,
            "price_fair": 0,
            "eps_avg_yearly": 0,
            "eps_latest_yearly": 0,
            "eps_growth_yearly": 0
        },
        "20091": {
            "year_quarter": 20091,
            "year": 2009,
            "quarter": 1,
            "eps": null,
            "eps_growth_year": null,
            "eps_4q": null,
            "eps_4q_growth_year": null,
            "roe": null,
            "roe_4q": 0,
            "gross_profit": null,
            "gross_margin": null,
            "gross_margin_4q_avg": 0,
            "net_income": null,
            "net_income_4q": null,
            "revenue": null,
            "revenue_4q": null,
            "common_shares": null,
            "book_valuer_per_share": null,
            "book_valuer_per_share_4q_avg": 0,
            "equity": null,
            "current_ratio": null,
            "debt_ratio": null,
            "inventory_turnover_ratio": null,
            "account_receivable_turnover_ratio": null,
            "reinvestment_rate": null,
            "research_to_sale_ratio": null,
            "price_fair": 0,
            "eps_avg_yearly": 0,
            "eps_latest_yearly": 0,
            "eps_growth_yearly": 0
        },
        "20092": {
            "year_quarter": 20092,
            "year": 2009,
            "quarter": 2,
            "eps": null,
            "eps_growth_year": null,
            "eps_4q": null,
            "eps_4q_growth_year": null,
            "roe": null,
            "roe_4q": 0,
            "gross_profit": null,
            "gross_margin": null,
            "gross_margin_4q_avg": 0,
            "net_income": null,
            "net_income_4q": null,
            "revenue": null,
            "revenue_4q": null,
            "common_shares": null,
            "book_valuer_per_share": null,
            "book_valuer_per_share_4q_avg": 0,
            "equity": null,
            "current_ratio": null,
            "debt_ratio": null,
            "inventory_turnover_ratio": null,
            "account_receivable_turnover_ratio": null,
            "reinvestment_rate": null,
            "research_to_sale_ratio": null,
            "price_fair": 0,
            "eps_avg_yearly": 0,
            "eps_latest_yearly": 0,
            "eps_growth_yearly": 0
        },
        "20093": {
            "year_quarter": 20093,
            "year": 2009,
            "quarter": 3,
            "eps": null,
            "eps_growth_year": null,
            "eps_4q": null,
            "eps_4q_growth_year": null,
            "roe": null,
            "roe_4q": 0,
            "gross_profit": null,
            "gross_margin": null,
            "gross_margin_4q_avg": 0,
            "net_income": null,
            "net_income_4q": null,
            "revenue": null,
            "revenue_4q": null,
            "common_shares": null,
            "book_valuer_per_share": null,
            "book_valuer_per_share_4q_avg": 0,
            "equity": null,
            "current_ratio": null,
            "debt_ratio": null,
            "inventory_turnover_ratio": null,
            "account_receivable_turnover_ratio": null,
            "reinvestment_rate": null,
            "research_to_sale_ratio": null,
            "price_fair": 0,
            "eps_avg_yearly": 0,
            "eps_latest_yearly": 0,
            "eps_growth_yearly": 0
        },
        "20094": {
            "year_quarter": 20094,
            "year": 2009,
            "quarter": 4,
            "eps": null,
            "eps_growth_year": null,
            "eps_4q": null,
            "eps_4q_growth_year": null,
            "roe": null,
            "roe_4q": 0,
            "gross_profit": null,
            "gross_margin": null,
            "gross_margin_4q_avg": 0,
            "net_income": null,
            "net_income_4q": null,
            "revenue": null,
            "revenue_4q": null,
            "common_shares": null,
            "book_valuer_per_share": null,
            "book_valuer_per_share_4q_avg": 0,
            "equity": null,
            "current_ratio": null,
            "debt_ratio": null,
            "inventory_turnover_ratio": null,
            "account_receivable_turnover_ratio": null,
            "reinvestment_rate": null,
            "research_to_sale_ratio": null,
            "price_fair": 0,
            "eps_avg_yearly": 0,
            "eps_latest_yearly": 0,
            "eps_growth_yearly": 0
        },
        "20101": {
            "year_quarter": 20101,
            "year": 2010,
            "quarter": 1,
            "eps": null,
            "eps_growth_year": null,
            "eps_4q": null,
            "eps_4q_growth_year": null,
            "roe": null,
            "roe_4q": 0,
            "gross_profit": null,
            "gross_margin": null,
            "gross_margin_4q_avg": 0,
            "net_income": null,
            "net_income_4q": null,
            "revenue": null,
            "revenue_4q": null,
            "common_shares": null,
            "book_valuer_per_share": null,
            "book_valuer_per_share_4q_avg": 0,
            "equity": null,
            "current_ratio": null,
            "debt_ratio": null,
            "inventory_turnover_ratio": null,
            "account_receivable_turnover_ratio": null,
            "reinvestment_rate": null,
            "research_to_sale_ratio": null,
            "price_fair": 0,
            "eps_avg_yearly": 0,
            "eps_latest_yearly": 0,
            "eps_growth_yearly": 0
        },
        "20102": {
            "year_quarter": 20102,
            "year": 2010,
            "quarter": 2,
            "eps": null,
            "eps_growth_year": null,
            "eps_4q": null,
            "eps_4q_growth_year": null,
            "roe": null,
            "roe_4q": 0,
            "gross_profit": null,
            "gross_margin": null,
            "gross_margin_4q_avg": 0,
            "net_income": null,
            "net_income_4q": null,
            "revenue": null,
            "revenue_4q": null,
            "common_shares": null,
            "book_valuer_per_share": null,
            "book_valuer_per_share_4q_avg": 0,
            "equity": null,
            "current_ratio": null,
            "debt_ratio": null,
            "inventory_turnover_ratio": null,
            "account_receivable_turnover_ratio": null,
            "reinvestment_rate": null,
            "research_to_sale_ratio": null,
            "price_fair": 0,
            "eps_avg_yearly": 0,
            "eps_latest_yearly": 0,
            "eps_growth_yearly": 0
        },
        "20103": {
            "year_quarter": 20103,
            "year": 2010,
            "quarter": 3,
            "eps": null,
            "eps_growth_year": null,
            "eps_4q": null,
            "eps_4q_growth_year": null,
            "roe": null,
            "roe_4q": 0,
            "gross_profit": null,
            "gross_margin": null,
            "gross_margin_4q_avg": 0,
            "net_income": null,
            "net_income_4q": null,
            "revenue": null,
            "revenue_4q": null,
            "common_shares": null,
            "book_valuer_per_share": null,
            "book_valuer_per_share_4q_avg": 0,
            "equity": null,
            "current_ratio": null,
            "debt_ratio": null,
            "inventory_turnover_ratio": null,
            "account_receivable_turnover_ratio": null,
            "reinvestment_rate": null,
            "research_to_sale_ratio": null,
            "price_fair": 0,
            "eps_avg_yearly": 0,
            "eps_latest_yearly": 0,
            "eps_growth_yearly": 0
        },
        "20104": {
            "year_quarter": 20104,
            "year": 2010,
            "quarter": 4,
            "eps": null,
            "eps_growth_year": null,
            "eps_4q": null,
            "eps_4q_growth_year": null,
            "roe": null,
            "roe_4q": 0,
            "gross_profit": null,
            "gross_margin": null,
            "gross_margin_4q_avg": 0,
            "net_income": null,
            "net_income_4q": null,
            "revenue": null,
            "revenue_4q": null,
            "common_shares": null,
            "book_valuer_per_share": null,
            "book_valuer_per_share_4q_avg": 0,
            "equity": null,
            "current_ratio": null,
            "debt_ratio": null,
            "inventory_turnover_ratio": null,
            "account_receivable_turnover_ratio": null,
            "reinvestment_rate": null,
            "research_to_sale_ratio": null,
            "price_fair": 0,
            "eps_avg_yearly": 0,
            "eps_latest_yearly": 0,
            "eps_growth_yearly": 0
        },
        "20111": {
            "year_quarter": 20111,
            "year": 2011,
            "quarter": 1,
            "eps": null,
            "eps_growth_year": null,
            "eps_4q": null,
            "eps_4q_growth_year": null,
            "roe": null,
            "roe_4q": 0,
            "gross_profit": null,
            "gross_margin": null,
            "gross_margin_4q_avg": 0,
            "net_income": null,
            "net_income_4q": null,
            "revenue": null,
            "revenue_4q": null,
            "common_shares": null,
            "book_valuer_per_share": null,
            "book_valuer_per_share_4q_avg": 0,
            "equity": null,
            "current_ratio": null,
            "debt_ratio": null,
            "inventory_turnover_ratio": null,
            "account_receivable_turnover_ratio": null,
            "reinvestment_rate": null,
            "research_to_sale_ratio": null,
            "price_fair": 0,
            "eps_avg_yearly": 0,
            "eps_latest_yearly": 0,
            "eps_growth_yearly": 0
        },
        "20112": {
            "year_quarter": 20112,
            "year": 2011,
            "quarter": 2,
            "eps": null,
            "eps_growth_year": null,
            "eps_4q": null,
            "eps_4q_growth_year": null,
            "roe": null,
            "roe_4q": 0,
            "gross_profit": null,
            "gross_margin": null,
            "gross_margin_4q_avg": 0,
            "net_income": null,
            "net_income_4q": null,
            "revenue": null,
            "revenue_4q": null,
            "common_shares": null,
            "book_valuer_per_share": null,
            "book_valuer_per_share_4q_avg": 0,
            "equity": null,
            "current_ratio": null,
            "debt_ratio": null,
            "inventory_turnover_ratio": null,
            "account_receivable_turnover_ratio": null,
            "reinvestment_rate": null,
            "research_to_sale_ratio": null,
            "price_fair": 0,
            "eps_avg_yearly": 0,
            "eps_latest_yearly": 0,
            "eps_growth_yearly": 0
        },
        "20113": {
            "year_quarter": 20113,
            "year": 2011,
            "quarter": 3,
            "eps": null,
            "eps_growth_year": null,
            "eps_4q": null,
            "eps_4q_growth_year": null,
            "roe": null,
            "roe_4q": 0,
            "gross_profit": null,
            "gross_margin": null,
            "gross_margin_4q_avg": 0,
            "net_income": null,
            "net_income_4q": null,
            "revenue": null,
            "revenue_4q": null,
            "common_shares": null,
            "book_valuer_per_share": null,
            "book_valuer_per_share_4q_avg": 0,
            "equity": null,
            "current_ratio": null,
            "debt_ratio": null,
            "inventory_turnover_ratio": null,
            "account_receivable_turnover_ratio": null,
            "reinvestment_rate": null,
            "research_to_sale_ratio": null,
            "price_fair": 0,
            "eps_avg_yearly": 0,
            "eps_latest_yearly": 0,
            "eps_growth_yearly": 0
        },
        "20114": {
            "year_quarter": 20114,
            "year": 2011,
            "quarter": 4,
            "eps": null,
            "eps_growth_year": null,
            "eps_4q": null,
            "eps_4q_growth_year": null,
            "roe": null,
            "roe_4q": 0,
            "gross_profit": null,
            "gross_margin": null,
            "gross_margin_4q_avg": 0,
            "net_income": null,
            "net_income_4q": null,
            "revenue": null,
            "revenue_4q": null,
            "common_shares": null,
            "book_valuer_per_share": null,
            "book_valuer_per_share_4q_avg": 0,
            "equity": null,
            "current_ratio": null,
            "debt_ratio": null,
            "inventory_turnover_ratio": null,
            "account_receivable_turnover_ratio": null,
            "reinvestment_rate": null,
            "research_to_sale_ratio": null,
            "price_fair": 0,
            "eps_avg_yearly": 0,
            "eps_latest_yearly": 0,
            "eps_growth_yearly": 0
        },
        "20121": {
            "year_quarter": 20121,
            "year": 2012,
            "quarter": 1,
            "eps": null,
            "eps_growth_year": null,
            "eps_4q": null,
            "eps_4q_growth_year": null,
            "roe": null,
            "roe_4q": 0,
            "gross_profit": null,
            "gross_margin": null,
            "gross_margin_4q_avg": 0,
            "net_income": null,
            "net_income_4q": null,
            "revenue": null,
            "revenue_4q": null,
            "common_shares": null,
            "book_valuer_per_share": null,
            "book_valuer_per_share_4q_avg": 0,
            "equity": null,
            "current_ratio": null,
            "debt_ratio": null,
            "inventory_turnover_ratio": null,
            "account_receivable_turnover_ratio": null,
            "reinvestment_rate": null,
            "research_to_sale_ratio": null,
            "price_fair": 0,
            "eps_avg_yearly": 0,
            "eps_latest_yearly": 0,
            "eps_growth_yearly": 0
        },
        "20122": {
            "year_quarter": 20122,
            "year": 2012,
            "quarter": 2,
            "eps": null,
            "eps_growth_year": null,
            "eps_4q": null,
            "eps_4q_growth_year": null,
            "roe": null,
            "roe_4q": 0,
            "gross_profit": null,
            "gross_margin": null,
            "gross_margin_4q_avg": 0,
            "net_income": null,
            "net_income_4q": null,
            "revenue": null,
            "revenue_4q": null,
            "common_shares": null,
            "book_valuer_per_share": null,
            "book_valuer_per_share_4q_avg": 0,
            "equity": null,
            "current_ratio": null,
            "debt_ratio": null,
            "inventory_turnover_ratio": null,
            "account_receivable_turnover_ratio": null,
            "reinvestment_rate": null,
            "research_to_sale_ratio": null,
            "price_fair": 0,
            "eps_avg_yearly": 0,
            "eps_latest_yearly": 0,
            "eps_growth_yearly": 0
        },
        "20123": {
            "year_quarter": 20123,
            "year": 2012,
            "quarter": 3,
            "eps": null,
            "eps_growth_year": null,
            "eps_4q": null,
            "eps_4q_growth_year": null,
            "roe": null,
            "roe_4q": 0,
            "gross_profit": null,
            "gross_margin": null,
            "gross_margin_4q_avg": 0,
            "net_income": null,
            "net_income_4q": null,
            "revenue": null,
            "revenue_4q": null,
            "common_shares": null,
            "book_valuer_per_share": null,
            "book_valuer_per_share_4q_avg": 0,
            "equity": null,
            "current_ratio": null,
            "debt_ratio": null,
            "inventory_turnover_ratio": null,
            "account_receivable_turnover_ratio": null,
            "reinvestment_rate": null,
            "research_to_sale_ratio": null,
            "price_fair": 0,
            "eps_avg_yearly": 0,
            "eps_latest_yearly": 0,
            "eps_growth_yearly": 0
        },
        "20124": {
            "year_quarter": 20124,
            "year": 2012,
            "quarter": 4,
            "eps": null,
            "eps_growth_year": null,
            "eps_4q": null,
            "eps_4q_growth_year": null,
            "roe": null,
            "roe_4q": 0,
            "gross_profit": null,
            "gross_margin": null,
            "gross_margin_4q_avg": 0,
            "net_income": null,
            "net_income_4q": null,
            "revenue": null,
            "revenue_4q": null,
            "common_shares": null,
            "book_valuer_per_share": null,
            "book_valuer_per_share_4q_avg": 0,
            "equity": null,
            "current_ratio": null,
            "debt_ratio": null,
            "inventory_turnover_ratio": null,
            "account_receivable_turnover_ratio": null,
            "reinvestment_rate": null,
            "research_to_sale_ratio": null,
            "price_fair": 0,
            "eps_avg_yearly": 0,
            "eps_latest_yearly": 0,
            "eps_growth_yearly": 0
        },
        "20131": {
            "year_quarter": 20131,
            "year": 2013,
            "quarter": 1,
            "eps": null,
            "eps_growth_year": null,
            "eps_4q": null,
            "eps_4q_growth_year": null,
            "roe": null,
            "roe_4q": 0,
            "gross_profit": null,
            "gross_margin": null,
            "gross_margin_4q_avg": 0,
            "net_income": null,
            "net_income_4q": null,
            "revenue": null,
            "revenue_4q": null,
            "common_shares": null,
            "book_valuer_per_share": null,
            "book_valuer_per_share_4q_avg": 0,
            "equity": null,
            "current_ratio": null,
            "debt_ratio": null,
            "inventory_turnover_ratio": null,
            "account_receivable_turnover_ratio": null,
            "reinvestment_rate": null,
            "research_to_sale_ratio": null,
            "price_fair": 0,
            "eps_avg_yearly": 0,
            "eps_latest_yearly": 0,
            "eps_growth_yearly": 0
        },
        "20132": {
            "year_quarter": 20132,
            "year": 2013,
            "quarter": 2,
            "eps": null,
            "eps_growth_year": null,
            "eps_4q": null,
            "eps_4q_growth_year": null,
            "roe": null,
            "roe_4q": 0,
            "gross_profit": null,
            "gross_margin": null,
            "gross_margin_4q_avg": 0,
            "net_income": null,
            "net_income_4q": null,
            "revenue": null,
            "revenue_4q": null,
            "common_shares": null,
            "book_valuer_per_share": null,
            "book_valuer_per_share_4q_avg": 0,
            "equity": null,
            "current_ratio": null,
            "debt_ratio": null,
            "inventory_turnover_ratio": null,
            "account_receivable_turnover_ratio": null,
            "reinvestment_rate": null,
            "research_to_sale_ratio": null,
            "price_fair": 0,
            "eps_avg_yearly": 0,
            "eps_latest_yearly": 0,
            "eps_growth_yearly": 0
        },
        "20133": {
            "year_quarter": 20133,
            "year": 2013,
            "quarter": 3,
            "eps": null,
            "eps_growth_year": null,
            "eps_4q": null,
            "eps_4q_growth_year": null,
            "roe": null,
            "roe_4q": 0,
            "gross_profit": null,
            "gross_margin": null,
            "gross_margin_4q_avg": 0,
            "net_income": null,
            "net_income_4q": null,
            "revenue": null,
            "revenue_4q": null,
            "common_shares": null,
            "book_valuer_per_share": null,
            "book_valuer_per_share_4q_avg": 0,
            "equity": null,
            "current_ratio": null,
            "debt_ratio": null,
            "inventory_turnover_ratio": null,
            "account_receivable_turnover_ratio": null,
            "reinvestment_rate": null,
            "research_to_sale_ratio": null,
            "price_fair": 0,
            "eps_avg_yearly": 0,
            "eps_latest_yearly": 0,
            "eps_growth_yearly": 0
        },
        "20134": {
            "year_quarter": 20134,
            "year": 2013,
            "quarter": 4,
            "eps": null,
            "eps_growth_year": null,
            "eps_4q": null,
            "eps_4q_growth_year": null,
            "roe": null,
            "roe_4q": 0,
            "gross_profit": null,
            "gross_margin": null,
            "gross_margin_4q_avg": 0,
            "net_income": null,
            "net_income_4q": null,
            "revenue": null,
            "revenue_4q": null,
            "common_shares": null,
            "book_valuer_per_share": null,
            "book_valuer_per_share_4q_avg": 0,
            "equity": null,
            "current_ratio": null,
            "debt_ratio": null,
            "inventory_turnover_ratio": null,
            "account_receivable_turnover_ratio": null,
            "reinvestment_rate": null,
            "research_to_sale_ratio": null,
            "price_fair": 0,
            "eps_avg_yearly": 0,
            "eps_latest_yearly": 0,
            "eps_growth_yearly": 0
        },
        "20141": {
            "year_quarter": 20141,
            "year": 2014,
            "quarter": 1,
            "eps": null,
            "eps_growth_year": null,
            "eps_4q": null,
            "eps_4q_growth_year": null,
            "roe": null,
            "roe_4q": 0,
            "gross_profit": null,
            "gross_margin": null,
            "gross_margin_4q_avg": 0,
            "net_income": null,
            "net_income_4q": null,
            "revenue": null,
            "revenue_4q": null,
            "common_shares": null,
            "book_valuer_per_share": null,
            "book_valuer_per_share_4q_avg": 0,
            "equity": null,
            "current_ratio": null,
            "debt_ratio": null,
            "inventory_turnover_ratio": null,
            "account_receivable_turnover_ratio": null,
            "reinvestment_rate": null,
            "research_to_sale_ratio": null,
            "price_fair": 0,
            "eps_avg_yearly": 0,
            "eps_latest_yearly": 0,
            "eps_growth_yearly": 0
        },
        "20142": {
            "year_quarter": 20142,
            "year": 2014,
            "quarter": 2,
            "eps": null,
            "eps_growth_year": null,
            "eps_4q": null,
            "eps_4q_growth_year": null,
            "roe": null,
            "roe_4q": 0,
            "gross_profit": null,
            "gross_margin": null,
            "gross_margin_4q_avg": 0,
            "net_income": null,
            "net_income_4q": null,
            "revenue": null,
            "revenue_4q": null,
            "common_shares": null,
            "book_valuer_per_share": null,
            "book_valuer_per_share_4q_avg": 0,
            "equity": null,
            "current_ratio": null,
            "debt_ratio": null,
            "inventory_turnover_ratio": null,
            "account_receivable_turnover_ratio": null,
            "reinvestment_rate": null,
            "research_to_sale_ratio": null,
            "price_fair": 0,
            "eps_avg_yearly": 0,
            "eps_latest_yearly": 0,
            "eps_growth_yearly": 0
        },
        "20143": {
            "year_quarter": 20143,
            "year": 2014,
            "quarter": 3,
            "eps": null,
            "eps_growth_year": null,
            "eps_4q": null,
            "eps_4q_growth_year": null,
            "roe": null,
            "roe_4q": 0,
            "gross_profit": null,
            "gross_margin": null,
            "gross_margin_4q_avg": 0,
            "net_income": null,
            "net_income_4q": null,
            "revenue": null,
            "revenue_4q": null,
            "common_shares": null,
            "book_valuer_per_share": null,
            "book_valuer_per_share_4q_avg": 0,
            "equity": null,
            "current_ratio": null,
            "debt_ratio": null,
            "inventory_turnover_ratio": null,
            "account_receivable_turnover_ratio": null,
            "reinvestment_rate": null,
            "research_to_sale_ratio": null,
            "price_fair": 0,
            "eps_avg_yearly": 0,
            "eps_latest_yearly": 0,
            "eps_growth_yearly": 0
        },
        "20144": {
            "year_quarter": 20144,
            "year": 2014,
            "quarter": 4,
            "eps": null,
            "eps_growth_year": null,
            "eps_4q": null,
            "eps_4q_growth_year": null,
            "roe": null,
            "roe_4q": 0,
            "gross_profit": null,
            "gross_margin": null,
            "gross_margin_4q_avg": 0,
            "net_income": null,
            "net_income_4q": null,
            "revenue": null,
            "revenue_4q": null,
            "common_shares": null,
            "book_valuer_per_share": null,
            "book_valuer_per_share_4q_avg": 0,
            "equity": null,
            "current_ratio": null,
            "debt_ratio": null,
            "inventory_turnover_ratio": null,
            "account_receivable_turnover_ratio": null,
            "reinvestment_rate": null,
            "research_to_sale_ratio": null,
            "price_fair": 0,
            "eps_avg_yearly": 0,
            "eps_latest_yearly": 0,
            "eps_growth_yearly": 0
        },
        "20151": {
            "year_quarter": 20151,
            "year": 2015,
            "quarter": 1,
            "eps": null,
            "eps_growth_year": null,
            "eps_4q": null,
            "eps_4q_growth_year": null,
            "roe": null,
            "roe_4q": 0,
            "gross_profit": 184771,
            "gross_margin": null,
            "gross_margin_4q_avg": 0,
            "net_income": 26064,
            "net_income_4q": null,
            "revenue": 1120171,
            "revenue_4q": null,
            "common_shares": 439177,
            "book_valuer_per_share": 24.95,
            "book_valuer_per_share_4q_avg": 6.24,
            "equity": 1095745,
            "current_ratio": 114.62,
            "debt_ratio": 63.24,
            "inventory_turnover_ratio": null,
            "account_receivable_turnover_ratio": null,
            "reinvestment_rate": null,
            "research_to_sale_ratio": null,
            "price_fair": 0,
            "eps_avg_yearly": 0,
            "eps_latest_yearly": 0,
            "eps_growth_yearly": 0
        },
        "20152": {
            "year_quarter": 20152,
            "year": 2015,
            "quarter": 2,
            "eps": null,
            "eps_growth_year": null,
            "eps_4q": null,
            "eps_4q_growth_year": null,
            "roe": null,
            "roe_4q": 0,
            "gross_profit": 285369,
            "gross_margin": null,
            "gross_margin_4q_avg": 0,
            "net_income": 73736,
            "net_income_4q": null,
            "revenue": 1413082,
            "revenue_4q": null,
            "common_shares": 439177,
            "book_valuer_per_share": 24.97,
            "book_valuer_per_share_4q_avg": 12.48,
            "equity": 1096441,
            "current_ratio": 114.68,
            "debt_ratio": 63.78,
            "inventory_turnover_ratio": null,
            "account_receivable_turnover_ratio": null,
            "reinvestment_rate": null,
            "research_to_sale_ratio": null,
            "price_fair": 0,
            "eps_avg_yearly": 0,
            "eps_latest_yearly": 0,
            "eps_growth_yearly": 0
        },
        "20153": {
            "year_quarter": 20153,
            "year": 2015,
            "quarter": 3,
            "eps": null,
            "eps_growth_year": null,
            "eps_4q": null,
            "eps_4q_growth_year": null,
            "roe": null,
            "roe_4q": 0,
            "gross_profit": 319977,
            "gross_margin": null,
            "gross_margin_4q_avg": 0,
            "net_income": 107719,
            "net_income_4q": null,
            "revenue": 1456495,
            "revenue_4q": null,
            "common_shares": 439177,
            "book_valuer_per_share": 28.2,
            "book_valuer_per_share_4q_avg": 19.53,
            "equity": 1238684,
            "current_ratio": 119.17,
            "debt_ratio": 62.2,
            "inventory_turnover_ratio": null,
            "account_receivable_turnover_ratio": null,
            "reinvestment_rate": null,
            "research_to_sale_ratio": null,
            "price_fair": 0,
            "eps_avg_yearly": 0,
            "eps_latest_yearly": 0,
            "eps_growth_yearly": 0
        },
        "20154": {
            "year_quarter": 20154,
            "year": 2015,
            "quarter": 4,
            "eps": null,
            "eps_growth_year": null,
            "eps_4q": null,
            "eps_4q_growth_year": null,
            "roe": null,
            "roe_4q": 0,
            "gross_profit": 252741,
            "gross_margin": null,
            "gross_margin_4q_avg": 0,
            "net_income": 32447,
            "net_income_4q": null,
            "revenue": 1221427,
            "revenue_4q": null,
            "common_shares": 439177,
            "book_valuer_per_share": 28.16,
            "book_valuer_per_share_4q_avg": 26.57,
            "equity": 1236670,
            "current_ratio": 121.99,
            "debt_ratio": 59.78,
            "inventory_turnover_ratio": null,
            "account_receivable_turnover_ratio": null,
            "reinvestment_rate": null,
            "research_to_sale_ratio": null,
            "price_fair": 0,
            "eps_avg_yearly": 0,
            "eps_latest_yearly": 0,
            "eps_growth_yearly": 0
        },
        "20161": {
            "year_quarter": 20161,
            "year": 2016,
            "quarter": 1,
            "eps": null,
            "eps_growth_year": null,
            "eps_4q": null,
            "eps_4q_growth_year": null,
            "roe": null,
            "roe_4q": 0,
            "gross_profit": 181619,
            "gross_margin": null,
            "gross_margin_4q_avg": 0,
            "net_income": 5530,
            "net_income_4q": null,
            "revenue": 1163753,
            "revenue_4q": null,
            "common_shares": 439177,
            "book_valuer_per_share": 24.89,
            "book_valuer_per_share_4q_avg": 26.56,
            "equity": 1093277,
            "current_ratio": 112.58,
            "debt_ratio": 66.5,
            "inventory_turnover_ratio": null,
            "account_receivable_turnover_ratio": null,
            "reinvestment_rate": null,
            "research_to_sale_ratio": null,
            "price_fair": 0,
            "eps_avg_yearly": 0,
            "eps_latest_yearly": 0,
            "eps_growth_yearly": 0
        },
        "20162": {
            "year_quarter": 20162,
            "year": 2016,
            "quarter": 2,
            "eps": null,
            "eps_growth_year": null,
            "eps_4q": null,
            "eps_4q_growth_year": null,
            "roe": null,
            "roe_4q": 0,
            "gross_profit": 282005,
            "gross_margin": null,
            "gross_margin_4q_avg": 0,
            "net_income": 88780,
            "net_income_4q": null,
            "revenue": 1616384,
            "revenue_4q": null,
            "common_shares": 439177,
            "book_valuer_per_share": 26.08,
            "book_valuer_per_share_4q_avg": 26.83,
            "equity": 1145253,
            "current_ratio": 116.02,
            "debt_ratio": 62.4,
            "inventory_turnover_ratio": null,
            "account_receivable_turnover_ratio": null,
            "reinvestment_rate": null,
            "research_to_sale_ratio": null,
            "price_fair": 0,
            "eps_avg_yearly": 0,
            "eps_latest_yearly": 0,
            "eps_growth_yearly": 0
        },
        "20163": {
            "year_quarter": 20163,
            "year": 2016,
            "quarter": 3,
            "eps": 0.18,
            "eps_growth_year": null,
            "eps_4q": 0.18,
            "eps_4q_growth_year": null,
            "roe": 0.7,
            "roe_4q": 0.7,
            "gross_profit": 191657,
            "gross_margin": 18.01,
            "gross_margin_4q_avg": 4.5,
            "net_income": 7918,
            "net_income_4q": null,
            "revenue": 1064246,
            "revenue_4q": null,
            "common_shares": 439177,
            "book_valuer_per_share": 25.32,
            "book_valuer_per_share_4q_avg": 26.11,
            "equity": 1112198,
            "current_ratio": 111.01,
            "debt_ratio": 61.77,
            "inventory_turnover_ratio": 1.69,
            "account_receivable_turnover_ratio": 3.97,
            "reinvestment_rate": null,
            "research_to_sale_ratio": 1.57,
            "price_fair": 0,
            "eps_avg_yearly": 0,
            "eps_latest_yearly": 0,
            "eps_growth_yearly": 0
        },
        "20164": {
            "year_quarter": 20164,
            "year": 2016,
            "quarter": 4,
            "eps": 0.21,
            "eps_growth_year": null,
            "eps_4q": 0.36,
            "eps_4q_growth_year": null,
            "roe": 0.83,
            "roe_4q": 1.5299999999999998,
            "gross_profit": 194344,
            "gross_margin": 18.34,
            "gross_margin_4q_avg": 9.09,
            "net_income": 10330,
            "net_income_4q": null,
            "revenue": 1059476,
            "revenue_4q": null,
            "common_shares": 499997,
            "book_valuer_per_share": 27.5,
            "book_valuer_per_share_4q_avg": 25.95,
            "equity": 1375119,
            "current_ratio": 125.37,
            "debt_ratio": 57.4,
            "inventory_turnover_ratio": 1.61,
            "account_receivable_turnover_ratio": 1.87,
            "reinvestment_rate": null,
            "research_to_sale_ratio": 1.43,
            "price_fair": 29.4,
            "eps_avg_yearly": 0.84,
            "eps_latest_yearly": 0.84,
            "eps_growth_yearly": 66.67
        },
        "20171": {
            "year_quarter": 20171,
            "year": 2017,
            "quarter": 1,
            "eps": -0.93,
            "eps_growth_year": null,
            "eps_4q": -0.57,
            "eps_4q_growth_year": null,
            "roe": -3.53,
            "roe_4q": -1.9999999999999998,
            "gross_profit": 124347,
            "gross_margin": 12.31,
            "gross_margin_4q_avg": 12.17,
            "net_income": -46546,
            "net_income_4q": null,
            "revenue": 1010507,
            "revenue_4q": null,
            "common_shares": 499997,
            "book_valuer_per_share": 25.17,
            "book_valuer_per_share_4q_avg": 26.02,
            "equity": 1258458,
            "current_ratio": 123.05,
            "debt_ratio": 57.18,
            "inventory_turnover_ratio": 1.55,
            "account_receivable_turnover_ratio": 1.86,
            "reinvestment_rate": null,
            "research_to_sale_ratio": 1.5,
            "price_fair": 29.4,
            "eps_avg_yearly": 0.84,
            "eps_latest_yearly": 0.84,
            "eps_growth_yearly": 66.67
        },
        "20172": {
            "year_quarter": 20172,
            "year": 2017,
            "quarter": 2,
            "eps": 0.35,
            "eps_growth_year": null,
            "eps_4q": -0.22,
            "eps_4q_growth_year": null,
            "roe": 1.43,
            "roe_4q": -0.5699999999999996,
            "gross_profit": 225853,
            "gross_margin": 16.66,
            "gross_margin_4q_avg": 16.33,
            "net_income": 17524,
            "net_income_4q": null,
            "revenue": 1356060,
            "revenue_4q": null,
            "common_shares": 499997,
            "book_valuer_per_share": 23.89,
            "book_valuer_per_share_4q_avg": 25.47,
            "equity": 1194337,
            "current_ratio": 114.58,
            "debt_ratio": 62.39,
            "inventory_turnover_ratio": 2.02,
            "account_receivable_turnover_ratio": 2.33,
            "reinvestment_rate": null,
            "research_to_sale_ratio": 1.37,
            "price_fair": 29.4,
            "eps_avg_yearly": 0.84,
            "eps_latest_yearly": 0.84,
            "eps_growth_yearly": 66.67
        },
        "20173": {
            "year_quarter": 20173,
            "year": 2017,
            "quarter": 3,
            "eps": 0.21,
            "eps_growth_year": 16.67,
            "eps_4q": -0.16,
            "eps_4q_growth_year": -190.2,
            "roe": 0.87,
            "roe_4q": -0.4,
            "gross_profit": 211373,
            "gross_margin": 15.82,
            "gross_margin_4q_avg": 15.78,
            "net_income": 10561,
            "net_income_4q": null,
            "revenue": 1336053,
            "revenue_4q": null,
            "common_shares": 499997,
            "book_valuer_per_share": 24.53,
            "book_valuer_per_share_4q_avg": 25.27,
            "equity": 1226290,
            "current_ratio": 115.1,
            "debt_ratio": 62.74,
            "inventory_turnover_ratio": 2.06,
            "account_receivable_turnover_ratio": 1.71,
            "reinvestment_rate": null,
            "research_to_sale_ratio": 1.36,
            "price_fair": 2.52,
            "eps_avg_yearly": 0.84,
            "eps_latest_yearly": 0.84,
            "eps_growth_yearly": -46.67
        },
        "20174": {
            "year_quarter": 20174,
            "year": 2017,
            "quarter": 4,
            "eps": -0.41,
            "eps_growth_year": -296.49,
            "eps_4q": -0.78,
            "eps_4q_growth_year": -312.4,
            "roe": -1.67,
            "roe_4q": -2.9,
            "gross_profit": 169286,
            "gross_margin": 15.49,
            "gross_margin_4q_avg": 15.07,
            "net_income": -20297,
            "net_income_4q": null,
            "revenue": 1092569,
            "revenue_4q": null,
            "common_shares": 499997,
            "book_valuer_per_share": 24.11,
            "book_valuer_per_share_4q_avg": 24.43,
            "equity": 1205345,
            "current_ratio": 112.73,
            "debt_ratio": 69.94,
            "inventory_turnover_ratio": 1.43,
            "account_receivable_turnover_ratio": 1.23,
            "reinvestment_rate": null,
            "research_to_sale_ratio": 1.62,
            "price_fair": 2.52,
            "eps_avg_yearly": 0.84,
            "eps_latest_yearly": 0.84,
            "eps_growth_yearly": -46.67
        },
        "20181": {
            "year_quarter": 20181,
            "year": 2018,
            "quarter": 1,
            "eps": -2.28,
            "eps_growth_year": null,
            "eps_4q": -2.12,
            "eps_4q_growth_year": null,
            "roe": -9.77,
            "roe_4q": -9.14,
            "gross_profit": 83212,
            "gross_margin": 7.14,
            "gross_margin_4q_avg": 13.78,
            "net_income": -113993,
            "net_income_4q": null,
            "revenue": 1165247,
            "revenue_4q": null,
            "common_shares": 499997,
            "book_valuer_per_share": 22.55,
            "book_valuer_per_share_4q_avg": 23.77,
            "equity": 1127468,
            "current_ratio": 114.4,
            "debt_ratio": 71.3,
            "inventory_turnover_ratio": 1.34,
            "account_receivable_turnover_ratio": 1.51,
            "reinvestment_rate": null,
            "research_to_sale_ratio": 1.83,
            "price_fair": 2.52,
            "eps_avg_yearly": 0.84,
            "eps_latest_yearly": 0.84,
            "eps_growth_yearly": -46.67
        },
        "20182": {
            "year_quarter": 20182,
            "year": 2018,
            "quarter": 2,
            "eps": 1.35,
            "eps_growth_year": 285.71,
            "eps_4q": -1.12,
            "eps_4q_growth_year": null,
            "roe": 5.89,
            "roe_4q": -4.68,
            "gross_profit": 233391,
            "gross_margin": 13.61,
            "gross_margin_4q_avg": 13.02,
            "net_income": 67549,
            "net_income_4q": null,
            "revenue": 1715276,
            "revenue_4q": null,
            "common_shares": 499997,
            "book_valuer_per_share": 23.31,
            "book_valuer_per_share_4q_avg": 23.63,
            "equity": 1165429,
            "current_ratio": 119.38,
            "debt_ratio": 70.98,
            "inventory_turnover_ratio": 1.79,
            "account_receivable_turnover_ratio": 1.92,
            "reinvestment_rate": null,
            "research_to_sale_ratio": 1.45,
            "price_fair": 2.52,
            "eps_avg_yearly": 0.84,
            "eps_latest_yearly": 0.84,
            "eps_growth_yearly": -46.67
        },
        "20183": {
            "year_quarter": 20183,
            "year": 2018,
            "quarter": 3,
            "eps": 1.1,
            "eps_growth_year": 423.81,
            "eps_4q": -0.24,
            "eps_4q_growth_year": null,
            "roe": 4.67,
            "roe_4q": -0.8800000000000008,
            "gross_profit": 281504,
            "gross_margin": 17.94,
            "gross_margin_4q_avg": 13.55,
            "net_income": 54894,
            "net_income_4q": null,
            "revenue": 1569164,
            "revenue_4q": null,
            "common_shares": 499997,
            "book_valuer_per_share": 23.72,
            "book_valuer_per_share_4q_avg": 23.42,
            "equity": 1185856,
            "current_ratio": 116.53,
            "debt_ratio": 72.25,
            "inventory_turnover_ratio": 1.54,
            "account_receivable_turnover_ratio": 1.38,
            "reinvestment_rate": null,
            "research_to_sale_ratio": 1.55,
            "price_fair": 6.08,
            "eps_avg_yearly": 2.03,
            "eps_latest_yearly": 4.4,
            "eps_growth_yearly": -55.8
        },
        "20184": {
            "year_quarter": 20184,
            "year": 2018,
            "quarter": 4,
            "eps": 1.66,
            "eps_growth_year": null,
            "eps_4q": 1.83,
            "eps_4q_growth_year": null,
            "roe": 6.75,
            "roe_4q": 7.539999999999999,
            "gross_profit": 315521,
            "gross_margin": 19.96,
            "gross_margin_4q_avg": 14.66,
            "net_income": 83008,
            "net_income_4q": null,
            "revenue": 1580746,
            "revenue_4q": null,
            "common_shares": 499997,
            "book_valuer_per_share": 25.51,
            "book_valuer_per_share_4q_avg": 23.77,
            "equity": 1275283,
            "current_ratio": 115.1,
            "debt_ratio": 69.5,
            "inventory_turnover_ratio": 1.42,
            "account_receivable_turnover_ratio": 1.44,
            "reinvestment_rate": 250.28,
            "research_to_sale_ratio": 1.64,
            "price_fair": 60.6,
            "eps_avg_yearly": 3.18,
            "eps_latest_yearly": 6.64,
            "eps_growth_yearly": 9.06
        },
        "20191": {
            "year_quarter": 20191,
            "year": 2019,
            "quarter": 1,
            "eps": -0.5,
            "eps_growth_year": null,
            "eps_4q": 3.61,
            "eps_4q_growth_year": null,
            "roe": -1.96,
            "roe_4q": 15.350000000000001,
            "gross_profit": 195401,
            "gross_margin": 13.64,
            "gross_margin_4q_avg": 16.29,
            "net_income": -25049,
            "net_income_4q": null,
            "revenue": 1432819,
            "revenue_4q": null,
            "common_shares": 499997,
            "book_valuer_per_share": 25.71,
            "book_valuer_per_share_4q_avg": 24.56,
            "equity": 1285603,
            "current_ratio": 110.45,
            "debt_ratio": 73.39,
            "inventory_turnover_ratio": 1.28,
            "account_receivable_turnover_ratio": 1.33,
            "reinvestment_rate": 89.88,
            "research_to_sale_ratio": 1.6,
            "price_fair": 60.6,
            "eps_avg_yearly": 3.18,
            "eps_latest_yearly": 6.64,
            "eps_growth_yearly": 9.06
        },
        "20192": {
            "year_quarter": 20192,
            "year": 2019,
            "quarter": 2,
            "eps": 1.93,
            "eps_growth_year": 42.96,
            "eps_4q": 4.18,
            "eps_4q_growth_year": null,
            "roe": 7.44,
            "roe_4q": 16.9,
            "gross_profit": 340258,
            "gross_margin": 19.06,
            "gross_margin_4q_avg": 17.65,
            "net_income": 96390,
            "net_income_4q": null,
            "revenue": 1785121,
            "revenue_4q": null,
            "common_shares": 499997,
            "book_valuer_per_share": 26.14,
            "book_valuer_per_share_4q_avg": 25.27,
            "equity": 1307158,
            "current_ratio": 110.4,
            "debt_ratio": 72.9,
            "inventory_turnover_ratio": 1.49,
            "account_receivable_turnover_ratio": 1.54,
            "reinvestment_rate": 80.81,
            "research_to_sale_ratio": 1.35,
            "price_fair": 60.6,
            "eps_avg_yearly": 3.18,
            "eps_latest_yearly": 6.64,
            "eps_growth_yearly": 9.06
        },
        "20193": {
            "year_quarter": 20193,
            "year": 2019,
            "quarter": 3,
            "eps": 1.47,
            "eps_growth_year": 33.64,
            "eps_4q": 4.56,
            "eps_4q_growth_year": null,
            "roe": 5.55,
            "roe_4q": 17.78,
            "gross_profit": 304134,
            "gross_margin": 18.07,
            "gross_margin_4q_avg": 17.68,
            "net_income": 73571,
            "net_income_4q": null,
            "revenue": 1682655,
            "revenue_4q": null,
            "common_shares": 499997,
            "book_valuer_per_share": 26.9,
            "book_valuer_per_share_4q_avg": 26.07,
            "equity": 1345051,
            "current_ratio": 111.13,
            "debt_ratio": 72.1,
            "inventory_turnover_ratio": 1.53,
            "account_receivable_turnover_ratio": 1.43,
            "reinvestment_rate": 73.01,
            "research_to_sale_ratio": 1.5,
            "price_fair": 11.16,
            "eps_avg_yearly": 3.72,
            "eps_latest_yearly": 5.88,
            "eps_growth_yearly": -11.82
        },
        "20194": {
            "year_quarter": 20194,
            "year": 2019,
            "quarter": 4,
            "eps": 1.12,
            "eps_growth_year": -32.3,
            "eps_4q": 3.54,
            "eps_4q_growth_year": 93.49,
            "roe": 4.21,
            "roe_4q": 15.239999999999998,
            "gross_profit": 289254,
            "gross_margin": 18.57,
            "gross_margin_4q_avg": 17.34,
            "net_income": 67440,
            "net_income_4q": null,
            "revenue": 1557517,
            "revenue_4q": null,
            "common_shares": 599997,
            "book_valuer_per_share": 30.97,
            "book_valuer_per_share_4q_avg": 27.43,
            "equity": 1858461,
            "current_ratio": 132.22,
            "debt_ratio": 58.9,
            "inventory_turnover_ratio": 1.45,
            "account_receivable_turnover_ratio": 1.31,
            "reinvestment_rate": 57.45,
            "research_to_sale_ratio": 1.42,
            "price_fair": 11.54,
            "eps_avg_yearly": 3.85,
            "eps_latest_yearly": 4.48,
            "eps_growth_yearly": -25.72
        },
        "20201": {
            "year_quarter": 20201,
            "year": 2020,
            "quarter": 1,
            "eps": 0.23,
            "eps_growth_year": null,
            "eps_4q": 4.19,
            "eps_4q_growth_year": 16.07,
            "roe": 0.75,
            "roe_4q": 17.95,
            "gross_profit": 170251,
            "gross_margin": 14.98,
            "gross_margin_4q_avg": 17.67,
            "net_income": 13870,
            "net_income_4q": null,
            "revenue": 1136442,
            "revenue_4q": null,
            "common_shares": 599997,
            "book_valuer_per_share": 30.54,
            "book_valuer_per_share_4q_avg": 28.64,
            "equity": 1832154,
            "current_ratio": 133.64,
            "debt_ratio": 56.77,
            "inventory_turnover_ratio": 1.15,
            "account_receivable_turnover_ratio": 1.02,
            "reinvestment_rate": 49.3,
            "research_to_sale_ratio": 1.61,
            "price_fair": 10.29,
            "eps_avg_yearly": 3.43,
            "eps_latest_yearly": 0.92,
            "eps_growth_yearly": -67.46
        },
        "20202": {
            "year_quarter": 20202,
            "year": 2020,
            "quarter": 2,
            "eps": -0.43,
            "eps_growth_year": -122.28,
            "eps_4q": 2.15,
            "eps_4q_growth_year": -48.6,
            "roe": -1.43,
            "roe_4q": 9.08,
            "gross_profit": 156688,
            "gross_margin": 17.3,
            "gross_margin_4q_avg": 17.23,
            "net_income": -25827,
            "net_income_4q": null,
            "revenue": 905857,
            "revenue_4q": null,
            "common_shares": 599997,
            "book_valuer_per_share": 29.65,
            "book_valuer_per_share_4q_avg": 29.52,
            "equity": 1779169,
            "current_ratio": 135.14,
            "debt_ratio": 55.67,
            "inventory_turnover_ratio": 0.96,
            "account_receivable_turnover_ratio": 1.01,
            "reinvestment_rate": 50.61,
            "research_to_sale_ratio": 3.68,
            "price_fair": 10.29,
            "eps_avg_yearly": 3.43,
            "eps_latest_yearly": 0.92,
            "eps_growth_yearly": -67.46
        },
        "20203": {
            "year_quarter": 20203,
            "year": 2020,
            "quarter": 3,
            "eps": -0.69,
            "eps_growth_year": -146.94,
            "eps_4q": 0.23,
            "eps_4q_growth_year": -94.91,
            "roe": -2.36,
            "roe_4q": 1.17,
            "gross_profit": 139861,
            "gross_margin": 16.59,
            "gross_margin_4q_avg": 16.86,
            "net_income": -41574,
            "net_income_4q": null,
            "revenue": 842857,
            "revenue_4q": null,
            "common_shares": 599997,
            "book_valuer_per_share": 29.01,
            "book_valuer_per_share_4q_avg": 30.04,
            "equity": 1740783,
            "current_ratio": 142.21,
            "debt_ratio": 54.87,
            "inventory_turnover_ratio": 1.01,
            "account_receivable_turnover_ratio": 1.16,
            "reinvestment_rate": 24.95,
            "research_to_sale_ratio": 3.97,
            "price_fair": 10.29,
            "eps_avg_yearly": 3.43,
            "eps_latest_yearly": 0.92,
            "eps_growth_yearly": -67.46
        },
        "20204": {
            "year_quarter": 20204,
            "year": 2020,
            "quarter": 4,
            "eps": -1.66,
            "eps_growth_year": -248.09,
            "eps_4q": -2.56,
            "eps_4q_growth_year": -172.24,
            "roe": -5.85,
            "roe_4q": -8.889999999999999,
            "gross_profit": 85364,
            "gross_margin": 9.97,
            "gross_margin_4q_avg": 14.71,
            "net_income": -99875,
            "net_income_4q": null,
            "revenue": 856497,
            "revenue_4q": null,
            "common_shares": 599997,
            "book_valuer_per_share": 27.91,
            "book_valuer_per_share_4q_avg": 29.28,
            "equity": 1674798,
            "current_ratio": 138.04,
            "debt_ratio": 53.89,
            "inventory_turnover_ratio": 1.13,
            "account_receivable_turnover_ratio": 1.25,
            "reinvestment_rate": 53.6,
            "research_to_sale_ratio": 4.48,
            "price_fair": 11.58,
            "eps_avg_yearly": 3.86,
            "eps_latest_yearly": 0.92,
            "eps_growth_yearly": -89.81
        },
        "20211": {
            "year_quarter": 20211,
            "year": 2021,
            "quarter": 1,
            "eps": -0.75,
            "eps_growth_year": -426.09,
            "eps_4q": -3.54,
            "eps_4q_growth_year": -184.43,
            "roe": -2.73,
            "roe_4q": -12.37,
            "gross_profit": 104437,
            "gross_margin": 9.03,
            "gross_margin_4q_avg": 13.22,
            "net_income": -44882,
            "net_income_4q": null,
            "revenue": 1156879,
            "revenue_4q": null,
            "common_shares": 599997,
            "book_valuer_per_share": 26.82,
            "book_valuer_per_share_4q_avg": 28.35,
            "equity": 1609160,
            "current_ratio": 123.41,
            "debt_ratio": 62.7,
            "inventory_turnover_ratio": 1.33,
            "account_receivable_turnover_ratio": 1.39,
            "reinvestment_rate": 45.24,
            "research_to_sale_ratio": 2.8,
            "price_fair": 11.58,
            "eps_avg_yearly": 3.86,
            "eps_latest_yearly": 0.92,
            "eps_growth_yearly": -89.81
        },
        "20212": {
            "year_quarter": 20212,
            "year": 2021,
            "quarter": 2,
            "eps": 1,
            "eps_growth_year": null,
            "eps_4q": -2.1,
            "eps_4q_growth_year": -197.8,
            "roe": 3.7,
            "roe_4q": -7.239999999999998,
            "gross_profit": 235539,
            "gross_margin": 16.53,
            "gross_margin_4q_avg": 13.03,
            "net_income": 60119,
            "net_income_4q": null,
            "revenue": 1424498,
            "revenue_4q": null,
            "common_shares": 599997,
            "book_valuer_per_share": 27.29,
            "book_valuer_per_share_4q_avg": 27.76,
            "equity": 1637625,
            "current_ratio": 123.28,
            "debt_ratio": 64.03,
            "inventory_turnover_ratio": 1.36,
            "account_receivable_turnover_ratio": 1.23,
            "reinvestment_rate": -11.54,
            "research_to_sale_ratio": 2.17,
            "price_fair": 11.58,
            "eps_avg_yearly": 3.86,
            "eps_latest_yearly": 0.92,
            "eps_growth_yearly": -89.81
        },
        "20213": {
            "year_quarter": 20213,
            "year": 2021,
            "quarter": 3,
            "eps": 0.04,
            "eps_growth_year": null,
            "eps_4q": -1.37,
            "eps_4q_growth_year": -692.84,
            "roe": 0.13,
            "roe_4q": -4.75,
            "gross_profit": 156756,
            "gross_margin": 12.42,
            "gross_margin_4q_avg": 11.99,
            "net_income": 2180,
            "net_income_4q": null,
            "revenue": 1262201,
            "revenue_4q": null,
            "common_shares": 599997,
            "book_valuer_per_share": 26.92,
            "book_valuer_per_share_4q_avg": 27.24,
            "equity": 1615095,
            "current_ratio": 120.76,
            "debt_ratio": 65.11,
            "inventory_turnover_ratio": 1.24,
            "account_receivable_turnover_ratio": 1.02,
            "reinvestment_rate": 0.11,
            "research_to_sale_ratio": 2.66,
            "price_fair": 11.24,
            "eps_avg_yearly": 3.75,
            "eps_latest_yearly": 0.16,
            "eps_growth_yearly": -127.14
        },
        "20214": {
            "year_quarter": 20214,
            "year": 2021,
            "quarter": 4,
            "eps": 0.97,
            "eps_growth_year": null,
            "eps_4q": 1.26,
            "eps_4q_growth_year": null,
            "roe": 3.51,
            "roe_4q": 4.609999999999999,
            "gross_profit": 278868,
            "gross_margin": 17.92,
            "gross_margin_4q_avg": 13.98,
            "net_income": 57901,
            "net_income_4q": null,
            "revenue": 1556573,
            "revenue_4q": null,
            "common_shares": 599997,
            "book_valuer_per_share": 28.07,
            "book_valuer_per_share_4q_avg": 27.28,
            "equity": 1684481,
            "current_ratio": 118.89,
            "debt_ratio": 66.49,
            "inventory_turnover_ratio": 1.3,
            "account_receivable_turnover_ratio": 1.19,
            "reinvestment_rate": -158.58,
            "research_to_sale_ratio": 2.27,
            "price_fair": 131.8,
            "eps_avg_yearly": 3.77,
            "eps_latest_yearly": 3.88,
            "eps_growth_yearly": 1219.59
        },
        "20221": {
            "year_quarter": 20221,
            "year": 2022,
            "quarter": 1,
            "eps": 1.08,
            "eps_growth_year": null,
            "eps_4q": 3.08,
            "eps_4q_growth_year": null,
            "roe": 3.71,
            "roe_4q": 11.05,
            "gross_profit": 285729,
            "gross_margin": 16.65,
            "gross_margin_4q_avg": 15.88,
            "net_income": 64844,
            "net_income_4q": null,
            "revenue": 1716284,
            "revenue_4q": null,
            "common_shares": 599997,
            "book_valuer_per_share": 30.26,
            "book_valuer_per_share_4q_avg": 28.14,
            "equity": 1815711,
            "current_ratio": 119.13,
            "debt_ratio": 67.49,
            "inventory_turnover_ratio": 1.19,
            "account_receivable_turnover_ratio": 1.11,
            "reinvestment_rate": -87.23,
            "research_to_sale_ratio": 2.06,
            "price_fair": 134.23,
            "eps_avg_yearly": 3.84,
            "eps_latest_yearly": 4.32,
            "eps_growth_yearly": 1072.81
        },
        "20222": {
            "year_quarter": 20222,
            "year": 2022,
            "quarter": 2,
            "eps": 3.59,
            "eps_growth_year": 259,
            "eps_4q": 5.67,
            "eps_4q_growth_year": null,
            "roe": 11.39,
            "roe_4q": 18.74,
            "gross_profit": 505363,
            "gross_margin": 21.31,
            "gross_margin_4q_avg": 17.08,
            "net_income": 215210,
            "net_income_4q": null,
            "revenue": 2371993,
            "revenue_4q": null,
            "common_shares": 599997,
            "book_valuer_per_share": 32.72,
            "book_valuer_per_share_4q_avg": 29.49,
            "equity": 1963347,
            "current_ratio": 121.02,
            "debt_ratio": 68.13,
            "inventory_turnover_ratio": 1.45,
            "account_receivable_turnover_ratio": 1.22,
            "reinvestment_rate": -35,
            "research_to_sale_ratio": 2.17,
            "price_fair": 175.16,
            "eps_avg_yearly": 5,
            "eps_latest_yearly": 14.36,
            "eps_growth_yearly": 1056.9
        },
        "20223": {
            "year_quarter": 20223,
            "year": 2022,
            "quarter": 3,
            "eps": 3.42,
            "eps_growth_year": 8450,
            "eps_4q": 9.05,
            "eps_4q_growth_year": null,
            "roe": 9.74,
            "roe_4q": 28.35,
            "gross_profit": 503839,
            "gross_margin": 21.78,
            "gross_margin_4q_avg": 19.42,
            "net_income": 205290,
            "net_income_4q": null,
            "revenue": 2313636,
            "revenue_4q": null,
            "common_shares": 599997,
            "book_valuer_per_share": 37.53,
            "book_valuer_per_share_4q_avg": 32.15,
            "equity": 2252012,
            "current_ratio": 138.99,
            "debt_ratio": 66.49,
            "inventory_turnover_ratio": 1.48,
            "account_receivable_turnover_ratio": 1.03,
            "reinvestment_rate": -23.82,
            "research_to_sale_ratio": 1.7,
            "price_fair": 211.24,
            "eps_avg_yearly": 6.04,
            "eps_latest_yearly": 13.68,
            "eps_growth_yearly": 1063.03
        },
        "20224": {
            "year_quarter": 20224,
            "year": 2022,
            "quarter": 4,
            "eps": 2.51,
            "eps_growth_year": 160.3,
            "eps_4q": 10.59,
            "eps_4q_growth_year": 743.36,
            "roe": 6.52,
            "roe_4q": 31.36,
            "gross_profit": 491346,
            "gross_margin": 22.99,
            "gross_margin_4q_avg": 20.68,
            "net_income": 150984,
            "net_income_4q": null,
            "revenue": 2136849,
            "revenue_4q": null,
            "common_shares": 601058,
            "book_valuer_per_share": 39.54,
            "book_valuer_per_share_4q_avg": 35.01,
            "equity": 2376767,
            "current_ratio": 147.02,
            "debt_ratio": 64.03,
            "inventory_turnover_ratio": 1.37,
            "account_receivable_turnover_ratio": 1.01,
            "reinvestment_rate": -24.89,
            "research_to_sale_ratio": 2.17,
            "price_fair": 224.47,
            "eps_avg_yearly": 6.41,
            "eps_latest_yearly": 10.04,
            "eps_growth_yearly": 1028.58
        },
        "20231": {
            "year_quarter": 20231,
            "year": 2023,
            "quarter": 1,
            "eps": 1.4,
            "eps_growth_year": 29.63,
            "eps_4q": 10.78,
            "eps_4q_growth_year": 249.55,
            "roe": 3.45,
            "roe_4q": 31.1,
            "gross_profit": 309166,
            "gross_margin": 18,
            "gross_margin_4q_avg": 21.02,
            "net_income": 84458,
            "net_income_4q": null,
            "revenue": 1717965,
            "revenue_4q": null,
            "common_shares": 608452,
            "book_valuer_per_share": 41.46,
            "book_valuer_per_share_4q_avg": 37.81,
            "equity": 2522473,
            "current_ratio": 152.96,
            "debt_ratio": 61.06,
            "inventory_turnover_ratio": 1.18,
            "account_receivable_turnover_ratio": 0.9,
            "reinvestment_rate": -19.6,
            "research_to_sale_ratio": 1.97,
            "price_fair": 221.62,
            "eps_avg_yearly": 6.33,
            "eps_latest_yearly": 5.6,
            "eps_growth_yearly": 908.03
        },
        "20232": {
            "year_quarter": 20232,
            "year": 2023,
            "quarter": 2,
            "eps": 2.94,
            "eps_growth_year": -18.11,
            "eps_4q": 10.18,
            "eps_4q_growth_year": 79.63,
            "roe": 7.3,
            "roe_4q": 27.009999999999998,
            "gross_profit": 459605,
            "gross_margin": 20.9,
            "gross_margin_4q_avg": 20.92,
            "net_income": 178970,
            "net_income_4q": null,
            "revenue": 2198961,
            "revenue_4q": null,
            "common_shares": 608546,
            "book_valuer_per_share": 39.17,
            "book_valuer_per_share_4q_avg": 39.43,
            "equity": 2383438,
            "current_ratio": 151.62,
            "debt_ratio": 61.38,
            "inventory_turnover_ratio": 1.59,
            "account_receivable_turnover_ratio": 1.19,
            "reinvestment_rate": -18.72,
            "research_to_sale_ratio": 1.55,
            "price_fair": 238.89,
            "eps_avg_yearly": 6.83,
            "eps_latest_yearly": 11.76,
            "eps_growth_yearly": 865.48
        },
        "20233": {
            "year_quarter": 20233,
            "year": 2023,
            "quarter": 3,
            "eps": 3.71,
            "eps_growth_year": 8.48,
            "eps_4q": 10.49,
            "eps_4q_growth_year": 15.82,
            "roe": 8.9,
            "roe_4q": 26.169999999999998,
            "gross_profit": 441581,
            "gross_margin": 20.96,
            "gross_margin_4q_avg": 20.71,
            "net_income": 226461,
            "net_income_4q": null,
            "revenue": 2106697,
            "revenue_4q": null,
            "common_shares": 611125,
            "book_valuer_per_share": 44.26,
            "book_valuer_per_share_4q_avg": 41.11,
            "equity": 2704817,
            "current_ratio": 167.25,
            "debt_ratio": 55.91,
            "inventory_turnover_ratio": 1.72,
            "account_receivable_turnover_ratio": 1.13,
            "reinvestment_rate": -11.73,
            "research_to_sale_ratio": 1.96,
            "price_fair": 267.4,
            "eps_avg_yearly": 7.64,
            "eps_latest_yearly": 14.84,
            "eps_growth_yearly": 883.67
        }
    },
    "months": {
        "2016-11": {
            "month": "2016-11",
            "price": "44.60",
            "revenue": 370792
        },
        "2016-12": {
            "month": "2016-12",
            "price": "47.60",
            "revenue": 369103
        },
        "2017-01": {
            "month": "2017-01",
            "price": "48.05",
            "revenue": 436946
        },
        "2017-02": {
            "month": "2017-02",
            "price": "52.68",
            "revenue": 230067
        },
        "2017-03": {
            "month": "2017-03",
            "price": "56.59",
            "revenue": 346405
        },
        "2017-04": {
            "month": "2017-04",
            "price": "54.27",
            "revenue": 415442
        },
        "2017-05": {
            "month": "2017-05",
            "price": "54.22",
            "revenue": 466710
        },
        "2017-06": {
            "month": "2017-06",
            "price": "55.90",
            "revenue": 470180
        },
        "2017-07": {
            "month": "2017-07",
            "price": "54.40",
            "revenue": 462074
        },
        "2017-08": {
            "month": "2017-08",
            "price": "52.90",
            "revenue": 443875
        },
        "2017-09": {
            "month": "2017-09",
            "price": "56.00",
            "revenue": 431403
        },
        "2017-10": {
            "month": "2017-10",
            "price": "59.30",
            "revenue": 306778
        },
        "2017-11": {
            "month": "2017-11",
            "price": "68.38",
            "revenue": 455374
        },
        "2017-12": {
            "month": "2017-12",
            "price": "69.51",
            "revenue": 397421
        },
        "2018-01": {
            "month": "2018-01",
            "price": "68.99",
            "revenue": 490693
        },
        "2018-02": {
            "month": "2018-02",
            "price": "69.35",
            "revenue": 286713
        },
        "2018-03": {
            "month": "2018-03",
            "price": "65.70",
            "revenue": 387382
        },
        "2018-04": {
            "month": "2018-04",
            "price": "59.14",
            "revenue": 516632
        },
        "2018-05": {
            "month": "2018-05",
            "price": "58.10",
            "revenue": 596737
        },
        "2018-06": {
            "month": "2018-06",
            "price": "58.00",
            "revenue": 598951
        },
        "2018-07": {
            "month": "2018-07",
            "price": "57.44",
            "revenue": 536667
        },
        "2018-08": {
            "month": "2018-08",
            "price": "58.08",
            "revenue": 537766
        },
        "2018-09": {
            "month": "2018-09",
            "price": "57.85",
            "revenue": 502633
        },
        "2018-10": {
            "month": "2018-10",
            "price": "57.95",
            "revenue": 460474
        },
        "2018-11": {
            "month": "2018-11",
            "price": "57.59",
            "revenue": 576352
        },
        "2018-12": {
            "month": "2018-12",
            "price": "60.07",
            "revenue": 542916
        },
        "2019-01": {
            "month": "2019-01",
            "price": "59.55",
            "revenue": 605470
        },
        "2019-02": {
            "month": "2019-02",
            "price": "59.88",
            "revenue": 368173
        },
        "2019-03": {
            "month": "2019-03",
            "price": "64.19",
            "revenue": 466198
        },
        "2019-04": {
            "month": "2019-04",
            "price": "67.98",
            "revenue": 512553
        },
        "2019-05": {
            "month": "2019-05",
            "price": "62.93",
            "revenue": 629445
        },
        "2019-06": {
            "month": "2019-06",
            "price": "58.32",
            "revenue": 643766
        },
        "2019-07": {
            "month": "2019-07",
            "price": "58.08",
            "revenue": 627520
        },
        "2019-08": {
            "month": "2019-08",
            "price": "57.76",
            "revenue": 571893
        },
        "2019-09": {
            "month": "2019-09",
            "price": "57.01",
            "revenue": 484683
        },
        "2019-10": {
            "month": "2019-10",
            "price": "56.63",
            "revenue": 549242
        },
        "2019-11": {
            "month": "2019-11",
            "price": "56.75",
            "revenue": 495757
        },
        "2019-12": {
            "month": "2019-12",
            "price": "54.78",
            "revenue": 516752
        },
        "2020-01": {
            "month": "2020-01",
            "price": "53.81",
            "revenue": 465309
        },
        "2020-02": {
            "month": "2020-02",
            "price": "52.76",
            "revenue": 280843
        },
        "2020-03": {
            "month": "2020-03",
            "price": "47.86",
            "revenue": 389326
        },
        "2020-04": {
            "month": "2020-04",
            "price": "44.19",
            "revenue": 348470
        },
        "2020-05": {
            "month": "2020-05",
            "price": "41.76",
            "revenue": 261707
        },
        "2020-06": {
            "month": "2020-06",
            "price": "40.45",
            "revenue": 295751
        },
        "2020-07": {
            "month": "2020-07",
            "price": "40.13",
            "revenue": 284144
        },
        "2020-08": {
            "month": "2020-08",
            "price": "44.16",
            "revenue": 280645
        },
        "2020-09": {
            "month": "2020-09",
            "price": "46.96",
            "revenue": 302801
        },
        "2020-10": {
            "month": "2020-10",
            "price": "46.32",
            "revenue": 221301
        },
        "2020-11": {
            "month": "2020-11",
            "price": "46.12",
            "revenue": 334076
        },
        "2020-12": {
            "month": "2020-12",
            "price": "47.38",
            "revenue": 280215
        },
        "2021-01": {
            "month": "2021-01",
            "price": "46.52",
            "revenue": 433178
        },
        "2021-02": {
            "month": "2021-02",
            "price": "44.51",
            "revenue": 331062
        },
        "2021-03": {
            "month": "2021-03",
            "price": "42.40",
            "revenue": 400487
        },
        "2021-04": {
            "month": "2021-04",
            "price": "40.28",
            "revenue": 442003
        },
        "2021-05": {
            "month": "2021-05",
            "price": "38.90",
            "revenue": 478925
        },
        "2021-06": {
            "month": "2021-06",
            "price": "39.17",
            "revenue": 493224
        },
        "2021-07": {
            "month": "2021-07",
            "price": "41.60",
            "revenue": 499506
        },
        "2021-08": {
            "month": "2021-08",
            "price": "39.67",
            "revenue": 361070
        },
        "2021-09": {
            "month": "2021-09",
            "price": "38.41",
            "revenue": 402938
        },
        "2021-10": {
            "month": "2021-10",
            "price": "37.99",
            "revenue": 430275
        },
        "2021-11": {
            "month": "2021-11",
            "price": "40.42",
            "revenue": 560352
        },
        "2021-12": {
            "month": "2021-12",
            "price": "43.68",
            "revenue": 563944
        },
        "2022-01": {
            "month": "2022-01",
            "price": "42.81",
            "revenue": 628299
        },
        "2022-02": {
            "month": "2022-02",
            "price": "45.91",
            "revenue": 502452
        },
        "2022-03": {
            "month": "2022-03",
            "price": "49.89",
            "revenue": 582559
        },
        "2022-04": {
            "month": "2022-04",
            "price": "50.84",
            "revenue": 727512
        },
        "2022-05": {
            "month": "2022-05",
            "price": "57.14",
            "revenue": 827982
        },
        "2022-06": {
            "month": "2022-06",
            "price": "59.57",
            "revenue": 826501
        },
        "2022-07": {
            "month": "2022-07",
            "price": "58.62",
            "revenue": 772258
        },
        "2022-08": {
            "month": "2022-08",
            "price": "68.97",
            "revenue": 742442
        },
        "2022-09": {
            "month": "2022-09",
            "price": "70.87",
            "revenue": 813844
        },
        "2022-10": {
            "month": "2022-10",
            "price": "74.68",
            "revenue": 775033
        },
        "2022-11": {
            "month": "2022-11",
            "price": "76.20",
            "revenue": 712442
        },
        "2022-12": {
            "month": "2022-12",
            "price": "77.12",
            "revenue": 659816
        },
        "2023-01": {
            "month": "2023-01",
            "price": "77.45",
            "revenue": 488235
        },
        "2023-02": {
            "month": "2023-02",
            "price": "73.78",
            "revenue": 654583
        },
        "2023-03": {
            "month": "2023-03",
            "price": "86.28",
            "revenue": 575638
        },
        "2023-04": {
            "month": "2023-04",
            "price": "80.12",
            "revenue": 717925
        },
        "2023-05": {
            "month": "2023-05",
            "price": "82.60",
            "revenue": 700798
        },
        "2023-06": {
            "month": "2023-06",
            "price": "80.94",
            "revenue": 781922
        },
        "2023-07": {
            "month": "2023-07",
            "price": "82.02",
            "revenue": 707631
        },
        "2023-08": {
            "month": "2023-08",
            "price": "79.49",
            "revenue": 729781
        },
        "2023-09": {
            "month": "2023-09",
            "price": "83.24",
            "revenue": 669263
        },
        "2023-10": {
            "month": "2023-10",
            "price": "84.05",
            "revenue": 640328
        },
        "2023-11": {
            "month": "2023-11",
            "price": "92.61",
            "revenue": 641587
        },
        "2023-12": {
            "month": "2023-12",
            "price": "104.68",
            "revenue": 637342
        }
    }
}
