{
    "summary": {
        "stock_name": "阿瘦",
        "stock_id": "8443",
        "category": "貿易百貨",
        "main_business": "鞋類商品之批發與零售<br>其他",
        "website_url": "http://www.asogroup.com.tw",
        "ceo": "郭欣怡",
        "pe_ratio": -4,
        "report_year_from": 2011,
        "report_year_to": 2023,
        "age": 12,
        "eps_negative_percentage": 55,
        "eps_growth_avg": {
            "last_all": -78.66,
            "last_2y": null,
            "last_4y": -100,
            "last_8y": -78.66,
            "last_12y": null,
            "last_16y": null,
            "last_20y": null,
            "at_2006_last_3y": null,
            "at_2007_last_3y": null,
            "at_2008_last_3y": null,
            "at_2009_last_3y": null,
            "at_2010_last_3y": null,
            "at_2011_last_3y": null,
            "at_2012_last_3y": null,
            "at_2013_last_3y": null,
            "at_2014_last_3y": null,
            "at_2015_last_3y": null,
            "at_2016_last_3y": null,
            "at_2017_last_3y": -71.55,
            "at_2018_last_3y": -71.55,
            "at_2019_last_3y": -94.48,
            "at_2020_last_3y": -100,
            "at_2021_last_3y": -100,
            "at_2022_last_3y": -100,
            "at_2023_last_3y": -100,
            "at_2006_last_all": null,
            "at_2007_last_all": null,
            "at_2008_last_all": null,
            "at_2009_last_all": null,
            "at_2010_last_all": null,
            "at_2011_last_all": null,
            "at_2012_last_all": null,
            "at_2013_last_all": null,
            "at_2014_last_all": null,
            "at_2015_last_all": -31.19,
            "at_2016_last_all": -57.32,
            "at_2017_last_all": -71.55,
            "at_2018_last_all": -71.55,
            "at_2019_last_all": -78.66,
            "at_2020_last_all": -78.66,
            "at_2021_last_all": -78.66,
            "at_2022_last_all": -78.66,
            "at_2023_last_all": -78.66
        },
        "latest_eps": -3.15,
        "latest_price": 12.1,
        "latest_roe": -22.86,
        "latest_gross_margin": 54.9,
        "latest_equity": 816189,
        "latest_revenue": 299611,
        "latest_gross_profit": 164491,
        "latest_net_income": 1522,
        "latest_debt_ratio": 51.39,
        "latest_current_ratio": 134.28,
        "latest_account_receivable_turnover_ratio": 13.8,
        "latest_inventory_turnover_ratio": 0.24,
        "latest_reinvestment_rate": null,
        "latest_research_to_sale_ratio": 0.94
    },
    "eps_dividends": {
        "2001": {
            "cash": 0,
            "stock": 0,
            "eps": 0
        },
        "2002": {
            "cash": 0,
            "stock": 0,
            "eps": 0
        },
        "2003": {
            "cash": 0,
            "stock": 0,
            "eps": 0
        },
        "2004": {
            "cash": 0,
            "stock": 0,
            "eps": 0
        },
        "2005": {
            "cash": 0,
            "stock": 0,
            "eps": 0
        },
        "2006": {
            "cash": 0,
            "stock": 0,
            "eps": 0
        },
        "2007": {
            "cash": 0,
            "stock": 0,
            "eps": 0
        },
        "2008": {
            "cash": 0,
            "stock": 0,
            "eps": 0
        },
        "2009": {
            "cash": 0,
            "stock": 0,
            "eps": 0
        },
        "2010": {
            "cash": 0,
            "stock": 0,
            "eps": 0
        },
        "2011": {
            "cash": 0,
            "stock": 0,
            "eps": 0
        },
        "2012": {
            "cash": 0,
            "stock": 0,
            "eps": 0
        },
        "2013": {
            "cash": 3,
            "stock": 0,
            "eps": -0.14
        },
        "2014": {
            "cash": 1.5,
            "stock": 0,
            "eps": 2.02
        },
        "2015": {
            "cash": 1.73,
            "stock": 0,
            "eps": 1.39
        },
        "2016": {
            "cash": 1.5,
            "stock": 0,
            "eps": 0.23
        },
        "2017": {
            "cash": 0.3,
            "stock": 0,
            "eps": -0.88
        },
        "2018": {
            "cash": 0.28,
            "stock": 0,
            "eps": 0.22
        },
        "2019": {
            "cash": 0.43,
            "stock": 0,
            "eps": -0.79
        },
        "2020": {
            "cash": 0.15,
            "stock": 0,
            "eps": -2.81
        },
        "2021": {
            "cash": 0.15,
            "stock": 0,
            "eps": -3.9
        },
        "2022": {
            "cash": 0,
            "stock": 0,
            "eps": -3.15
        },
        "2023": {
            "cash": 0,
            "stock": 0,
            "eps": 0.02
        }
    },
    "dividends": {
        "2013-03-28": {
            "cash": 3,
            "stock": 0
        },
        "2014-08-22": {
            "cash": 1.5,
            "stock": 0
        },
        "2015-08-07": {
            "cash": 1.73,
            "stock": 0
        },
        "2016-08-10": {
            "cash": 1.5,
            "stock": 0
        },
        "2017-08-23": {
            "cash": 0.3,
            "stock": 0
        },
        "2018-08-01": {
            "cash": 0.28,
            "stock": 0
        },
        "2019-08-09": {
            "cash": 0.43,
            "stock": 0
        },
        "2020-08-10": {
            "cash": 0.15,
            "stock": 0
        },
        "2021-08-05": {
            "cash": 0.15,
            "stock": 0
        }
    },
    "prices": {
        "200101": "無",
        "200102": "無",
        "200103": "無",
        "200104": "無",
        "200105": "無",
        "200106": "無",
        "200107": "無",
        "200108": "無",
        "200109": "無",
        "200110": "無",
        "200111": "無",
        "200112": "無",
        "200201": "無",
        "200202": "無",
        "200203": "無",
        "200204": "無",
        "200205": "無",
        "200206": "無",
        "200207": "無",
        "200208": "無",
        "200209": "無",
        "200210": "無",
        "200211": "無",
        "200212": "無",
        "200301": "無",
        "200302": "無",
        "200303": "無",
        "200304": "無",
        "200305": "無",
        "200306": "無",
        "200307": "無",
        "200308": "無",
        "200309": "無",
        "200310": "無",
        "200311": "無",
        "200312": "無",
        "200401": "無",
        "200402": "無",
        "200403": "無",
        "200404": "無",
        "200405": "無",
        "200406": "無",
        "200407": "無",
        "200408": "無",
        "200409": "無",
        "200410": "無",
        "200411": "無",
        "200412": "無",
        "200501": "無",
        "200502": "無",
        "200503": "無",
        "200504": "無",
        "200505": "無",
        "200506": "無",
        "200507": "無",
        "200508": "無",
        "200509": "無",
        "200510": "無",
        "200511": "無",
        "200512": "無",
        "200601": "無",
        "200602": "無",
        "200603": "無",
        "200604": "無",
        "200605": "無",
        "200606": "無",
        "200607": "無",
        "200608": "無",
        "200609": "無",
        "200610": "無",
        "200611": "無",
        "200612": "無",
        "200701": "無",
        "200702": "無",
        "200703": "無",
        "200704": "無",
        "200705": "無",
        "200706": "無",
        "200707": "無",
        "200708": "無",
        "200709": "無",
        "200710": "無",
        "200711": "無",
        "200712": "無",
        "200801": "無",
        "200802": "無",
        "200803": "無",
        "200804": "無",
        "200805": "無",
        "200806": "無",
        "200807": "無",
        "200808": "無",
        "200809": "無",
        "200810": "無",
        "200811": "無",
        "200812": "無",
        "200901": "無",
        "200902": "無",
        "200903": "無",
        "200904": "無",
        "200905": "無",
        "200906": "無",
        "200907": "無",
        "200908": "無",
        "200909": "無",
        "200910": "無",
        "200911": "無",
        "200912": "無",
        "201001": "無",
        "201002": "無",
        "201003": "無",
        "201004": "無",
        "201005": "無",
        "201006": "無",
        "201007": "無",
        "201008": "無",
        "201009": "無",
        "201010": "無",
        "201011": "無",
        "201012": "無",
        "201101": "無",
        "201102": "無",
        "201103": "無",
        "201104": "無",
        "201105": "無",
        "201106": "無",
        "201107": "無",
        "201108": "無",
        "201109": "無",
        "201110": "無",
        "201111": "無",
        "201112": "無",
        "201201": "無",
        "201202": "無",
        "201203": "無",
        "201204": "無",
        "201205": "無",
        "201206": "無",
        "201207": "無",
        "201208": "無",
        "201209": "89.33",
        "201210": "78.80",
        "201211": "79.69",
        "201212": "72.57",
        "201301": "62.50",
        "201302": "61.13",
        "201303": "55.38",
        "201304": "52.03",
        "201305": "46.54",
        "201306": "43.62",
        "201307": "43.70",
        "201308": "44.18",
        "201309": "39.71",
        "201310": "40.06",
        "201311": "37.73",
        "201312": "37.47",
        "201401": "40.82",
        "201402": "39.74",
        "201403": "41.98",
        "201404": "48.25",
        "201405": "50.67",
        "201406": "52.16",
        "201407": "51.67",
        "201408": "48.68",
        "201409": "46.87",
        "201410": "38.07",
        "201411": "35.48",
        "201412": "36.12",
        "201501": "38.15",
        "201502": "36.89",
        "201503": "35.43",
        "201504": "36.00",
        "201505": "32.12",
        "201506": "27.91",
        "201507": "25.03",
        "201508": "22.10",
        "201509": "21.58",
        "201510": "23.24",
        "201511": "23.32",
        "201512": "21.94",
        "201601": "20.66",
        "201602": "20.89",
        "201603": "21.93",
        "201604": "22.01",
        "201605": "21.68",
        "201606": "21.48",
        "201607": "21.49",
        "201608": "20.40",
        "201609": "19.94",
        "201610": "19.24",
        "201611": "18.37",
        "201612": "17.95",
        "201701": "17.71",
        "201702": "18.06",
        "201703": "17.48",
        "201704": "16.53",
        "201705": "15.53",
        "201706": "15.32",
        "201707": "15.10",
        "201708": "13.95",
        "201709": "14.15",
        "201710": "14.00",
        "201711": "13.82",
        "201712": "13.63",
        "201801": "14.05",
        "201802": "13.52",
        "201803": "13.83",
        "201804": "15.14",
        "201805": "14.72",
        "201806": "14.79",
        "201807": "14.08",
        "201808": "14.01",
        "201809": "13.72",
        "201810": "12.81",
        "201811": "12.03",
        "201812": "12.12",
        "201901": "11.90",
        "201902": "12.07",
        "201903": "11.99",
        "201904": "12.21",
        "201905": "11.99",
        "201906": "11.92",
        "201907": "12.30",
        "201908": "11.34",
        "201909": "11.34",
        "201910": "11.19",
        "201911": "11.27",
        "201912": "11.09",
        "202001": "11.17",
        "202002": "10.73",
        "202003": "9.11",
        "202004": "8.45",
        "202005": "8.62",
        "202006": "9.42",
        "202007": "9.97",
        "202008": "9.90",
        "202009": "10.16",
        "202010": "10.86",
        "202011": "10.32",
        "202012": "11.42",
        "202101": "11.49",
        "202102": "10.92",
        "202103": "11.70",
        "202104": "12.28",
        "202105": "11.54",
        "202106": "11.53",
        "202107": "11.62",
        "202108": "11.21",
        "202109": "11.35",
        "202110": "11.69",
        "202111": "12.10",
        "202112": "11.95",
        "202201": "11.95",
        "202202": "11.84",
        "202203": "11.62",
        "202204": "11.55",
        "202205": "11.23",
        "202206": "11.32",
        "202207": "11.50",
        "202208": "11.83",
        "202209": "11.22",
        "202210": "10.94",
        "202211": "11.11",
        "202212": "11.02",
        "202301": "10.98",
        "202302": "11.33",
        "202303": "11.46",
        "202304": "11.56",
        "202305": "11.83",
        "202306": "12.07"
    },
    "quarters": {
        "20011": {
            "year_quarter": 20011,
            "year": 2001,
            "quarter": 1,
            "eps": null,
            "eps_growth_year": null,
            "eps_4q": null,
            "eps_4q_growth_year": null,
            "roe": null,
            "roe_4q": 0,
            "gross_profit": null,
            "gross_margin": null,
            "gross_margin_4q_avg": 0,
            "net_income": null,
            "revenue": null,
            "common_shares": null,
            "book_valuer_per_share": null,
            "book_valuer_per_share_4q_avg": 0,
            "equity": null,
            "current_ratio": null,
            "debt_ratio": null,
            "inventory_turnover_ratio": null,
            "account_receivable_turnover_ratio": null,
            "reinvestment_rate": null,
            "research_to_sale_ratio": null,
            "price_fair": 0,
            "eps_avg_yearly": 0,
            "eps_latest_yearly": 0,
            "eps_growth_yearly": 0
        },
        "20012": {
            "year_quarter": 20012,
            "year": 2001,
            "quarter": 2,
            "eps": null,
            "eps_growth_year": null,
            "eps_4q": null,
            "eps_4q_growth_year": null,
            "roe": null,
            "roe_4q": 0,
            "gross_profit": null,
            "gross_margin": null,
            "gross_margin_4q_avg": 0,
            "net_income": null,
            "revenue": null,
            "common_shares": null,
            "book_valuer_per_share": null,
            "book_valuer_per_share_4q_avg": 0,
            "equity": null,
            "current_ratio": null,
            "debt_ratio": null,
            "inventory_turnover_ratio": null,
            "account_receivable_turnover_ratio": null,
            "reinvestment_rate": null,
            "research_to_sale_ratio": null,
            "price_fair": 0,
            "eps_avg_yearly": 0,
            "eps_latest_yearly": 0,
            "eps_growth_yearly": 0
        },
        "20013": {
            "year_quarter": 20013,
            "year": 2001,
            "quarter": 3,
            "eps": null,
            "eps_growth_year": null,
            "eps_4q": null,
            "eps_4q_growth_year": null,
            "roe": null,
            "roe_4q": 0,
            "gross_profit": null,
            "gross_margin": null,
            "gross_margin_4q_avg": 0,
            "net_income": null,
            "revenue": null,
            "common_shares": null,
            "book_valuer_per_share": null,
            "book_valuer_per_share_4q_avg": 0,
            "equity": null,
            "current_ratio": null,
            "debt_ratio": null,
            "inventory_turnover_ratio": null,
            "account_receivable_turnover_ratio": null,
            "reinvestment_rate": null,
            "research_to_sale_ratio": null,
            "price_fair": 0,
            "eps_avg_yearly": 0,
            "eps_latest_yearly": 0,
            "eps_growth_yearly": 0
        },
        "20014": {
            "year_quarter": 20014,
            "year": 2001,
            "quarter": 4,
            "eps": null,
            "eps_growth_year": null,
            "eps_4q": null,
            "eps_4q_growth_year": null,
            "roe": null,
            "roe_4q": 0,
            "gross_profit": null,
            "gross_margin": null,
            "gross_margin_4q_avg": 0,
            "net_income": null,
            "revenue": null,
            "common_shares": null,
            "book_valuer_per_share": null,
            "book_valuer_per_share_4q_avg": 0,
            "equity": null,
            "current_ratio": null,
            "debt_ratio": null,
            "inventory_turnover_ratio": null,
            "account_receivable_turnover_ratio": null,
            "reinvestment_rate": null,
            "research_to_sale_ratio": null,
            "price_fair": 0,
            "eps_avg_yearly": 0,
            "eps_latest_yearly": 0,
            "eps_growth_yearly": 0
        },
        "20021": {
            "year_quarter": 20021,
            "year": 2002,
            "quarter": 1,
            "eps": null,
            "eps_growth_year": null,
            "eps_4q": null,
            "eps_4q_growth_year": null,
            "roe": null,
            "roe_4q": 0,
            "gross_profit": null,
            "gross_margin": null,
            "gross_margin_4q_avg": 0,
            "net_income": null,
            "revenue": null,
            "common_shares": null,
            "book_valuer_per_share": null,
            "book_valuer_per_share_4q_avg": 0,
            "equity": null,
            "current_ratio": null,
            "debt_ratio": null,
            "inventory_turnover_ratio": null,
            "account_receivable_turnover_ratio": null,
            "reinvestment_rate": null,
            "research_to_sale_ratio": null,
            "price_fair": 0,
            "eps_avg_yearly": 0,
            "eps_latest_yearly": 0,
            "eps_growth_yearly": 0
        },
        "20022": {
            "year_quarter": 20022,
            "year": 2002,
            "quarter": 2,
            "eps": null,
            "eps_growth_year": null,
            "eps_4q": null,
            "eps_4q_growth_year": null,
            "roe": null,
            "roe_4q": 0,
            "gross_profit": null,
            "gross_margin": null,
            "gross_margin_4q_avg": 0,
            "net_income": null,
            "revenue": null,
            "common_shares": null,
            "book_valuer_per_share": null,
            "book_valuer_per_share_4q_avg": 0,
            "equity": null,
            "current_ratio": null,
            "debt_ratio": null,
            "inventory_turnover_ratio": null,
            "account_receivable_turnover_ratio": null,
            "reinvestment_rate": null,
            "research_to_sale_ratio": null,
            "price_fair": 0,
            "eps_avg_yearly": 0,
            "eps_latest_yearly": 0,
            "eps_growth_yearly": 0
        },
        "20023": {
            "year_quarter": 20023,
            "year": 2002,
            "quarter": 3,
            "eps": null,
            "eps_growth_year": null,
            "eps_4q": null,
            "eps_4q_growth_year": null,
            "roe": null,
            "roe_4q": 0,
            "gross_profit": null,
            "gross_margin": null,
            "gross_margin_4q_avg": 0,
            "net_income": null,
            "revenue": null,
            "common_shares": null,
            "book_valuer_per_share": null,
            "book_valuer_per_share_4q_avg": 0,
            "equity": null,
            "current_ratio": null,
            "debt_ratio": null,
            "inventory_turnover_ratio": null,
            "account_receivable_turnover_ratio": null,
            "reinvestment_rate": null,
            "research_to_sale_ratio": null,
            "price_fair": 0,
            "eps_avg_yearly": 0,
            "eps_latest_yearly": 0,
            "eps_growth_yearly": 0
        },
        "20024": {
            "year_quarter": 20024,
            "year": 2002,
            "quarter": 4,
            "eps": null,
            "eps_growth_year": null,
            "eps_4q": null,
            "eps_4q_growth_year": null,
            "roe": null,
            "roe_4q": 0,
            "gross_profit": null,
            "gross_margin": null,
            "gross_margin_4q_avg": 0,
            "net_income": null,
            "revenue": null,
            "common_shares": null,
            "book_valuer_per_share": null,
            "book_valuer_per_share_4q_avg": 0,
            "equity": null,
            "current_ratio": null,
            "debt_ratio": null,
            "inventory_turnover_ratio": null,
            "account_receivable_turnover_ratio": null,
            "reinvestment_rate": null,
            "research_to_sale_ratio": null,
            "price_fair": 0,
            "eps_avg_yearly": 0,
            "eps_latest_yearly": 0,
            "eps_growth_yearly": 0
        },
        "20031": {
            "year_quarter": 20031,
            "year": 2003,
            "quarter": 1,
            "eps": null,
            "eps_growth_year": null,
            "eps_4q": null,
            "eps_4q_growth_year": null,
            "roe": null,
            "roe_4q": 0,
            "gross_profit": null,
            "gross_margin": null,
            "gross_margin_4q_avg": 0,
            "net_income": null,
            "revenue": null,
            "common_shares": null,
            "book_valuer_per_share": null,
            "book_valuer_per_share_4q_avg": 0,
            "equity": null,
            "current_ratio": null,
            "debt_ratio": null,
            "inventory_turnover_ratio": null,
            "account_receivable_turnover_ratio": null,
            "reinvestment_rate": null,
            "research_to_sale_ratio": null,
            "price_fair": 0,
            "eps_avg_yearly": 0,
            "eps_latest_yearly": 0,
            "eps_growth_yearly": 0
        },
        "20032": {
            "year_quarter": 20032,
            "year": 2003,
            "quarter": 2,
            "eps": null,
            "eps_growth_year": null,
            "eps_4q": null,
            "eps_4q_growth_year": null,
            "roe": null,
            "roe_4q": 0,
            "gross_profit": null,
            "gross_margin": null,
            "gross_margin_4q_avg": 0,
            "net_income": null,
            "revenue": null,
            "common_shares": null,
            "book_valuer_per_share": null,
            "book_valuer_per_share_4q_avg": 0,
            "equity": null,
            "current_ratio": null,
            "debt_ratio": null,
            "inventory_turnover_ratio": null,
            "account_receivable_turnover_ratio": null,
            "reinvestment_rate": null,
            "research_to_sale_ratio": null,
            "price_fair": 0,
            "eps_avg_yearly": 0,
            "eps_latest_yearly": 0,
            "eps_growth_yearly": 0
        },
        "20033": {
            "year_quarter": 20033,
            "year": 2003,
            "quarter": 3,
            "eps": null,
            "eps_growth_year": null,
            "eps_4q": null,
            "eps_4q_growth_year": null,
            "roe": null,
            "roe_4q": 0,
            "gross_profit": null,
            "gross_margin": null,
            "gross_margin_4q_avg": 0,
            "net_income": null,
            "revenue": null,
            "common_shares": null,
            "book_valuer_per_share": null,
            "book_valuer_per_share_4q_avg": 0,
            "equity": null,
            "current_ratio": null,
            "debt_ratio": null,
            "inventory_turnover_ratio": null,
            "account_receivable_turnover_ratio": null,
            "reinvestment_rate": null,
            "research_to_sale_ratio": null,
            "price_fair": 0,
            "eps_avg_yearly": 0,
            "eps_latest_yearly": 0,
            "eps_growth_yearly": 0
        },
        "20034": {
            "year_quarter": 20034,
            "year": 2003,
            "quarter": 4,
            "eps": null,
            "eps_growth_year": null,
            "eps_4q": null,
            "eps_4q_growth_year": null,
            "roe": null,
            "roe_4q": 0,
            "gross_profit": null,
            "gross_margin": null,
            "gross_margin_4q_avg": 0,
            "net_income": null,
            "revenue": null,
            "common_shares": null,
            "book_valuer_per_share": null,
            "book_valuer_per_share_4q_avg": 0,
            "equity": null,
            "current_ratio": null,
            "debt_ratio": null,
            "inventory_turnover_ratio": null,
            "account_receivable_turnover_ratio": null,
            "reinvestment_rate": null,
            "research_to_sale_ratio": null,
            "price_fair": 0,
            "eps_avg_yearly": 0,
            "eps_latest_yearly": 0,
            "eps_growth_yearly": 0
        },
        "20041": {
            "year_quarter": 20041,
            "year": 2004,
            "quarter": 1,
            "eps": null,
            "eps_growth_year": null,
            "eps_4q": null,
            "eps_4q_growth_year": null,
            "roe": null,
            "roe_4q": 0,
            "gross_profit": null,
            "gross_margin": null,
            "gross_margin_4q_avg": 0,
            "net_income": null,
            "revenue": null,
            "common_shares": null,
            "book_valuer_per_share": null,
            "book_valuer_per_share_4q_avg": 0,
            "equity": null,
            "current_ratio": null,
            "debt_ratio": null,
            "inventory_turnover_ratio": null,
            "account_receivable_turnover_ratio": null,
            "reinvestment_rate": null,
            "research_to_sale_ratio": null,
            "price_fair": 0,
            "eps_avg_yearly": 0,
            "eps_latest_yearly": 0,
            "eps_growth_yearly": 0
        },
        "20042": {
            "year_quarter": 20042,
            "year": 2004,
            "quarter": 2,
            "eps": null,
            "eps_growth_year": null,
            "eps_4q": null,
            "eps_4q_growth_year": null,
            "roe": null,
            "roe_4q": 0,
            "gross_profit": null,
            "gross_margin": null,
            "gross_margin_4q_avg": 0,
            "net_income": null,
            "revenue": null,
            "common_shares": null,
            "book_valuer_per_share": null,
            "book_valuer_per_share_4q_avg": 0,
            "equity": null,
            "current_ratio": null,
            "debt_ratio": null,
            "inventory_turnover_ratio": null,
            "account_receivable_turnover_ratio": null,
            "reinvestment_rate": null,
            "research_to_sale_ratio": null,
            "price_fair": 0,
            "eps_avg_yearly": 0,
            "eps_latest_yearly": 0,
            "eps_growth_yearly": 0
        },
        "20043": {
            "year_quarter": 20043,
            "year": 2004,
            "quarter": 3,
            "eps": null,
            "eps_growth_year": null,
            "eps_4q": null,
            "eps_4q_growth_year": null,
            "roe": null,
            "roe_4q": 0,
            "gross_profit": null,
            "gross_margin": null,
            "gross_margin_4q_avg": 0,
            "net_income": null,
            "revenue": null,
            "common_shares": null,
            "book_valuer_per_share": null,
            "book_valuer_per_share_4q_avg": 0,
            "equity": null,
            "current_ratio": null,
            "debt_ratio": null,
            "inventory_turnover_ratio": null,
            "account_receivable_turnover_ratio": null,
            "reinvestment_rate": null,
            "research_to_sale_ratio": null,
            "price_fair": 0,
            "eps_avg_yearly": 0,
            "eps_latest_yearly": 0,
            "eps_growth_yearly": 0
        },
        "20044": {
            "year_quarter": 20044,
            "year": 2004,
            "quarter": 4,
            "eps": null,
            "eps_growth_year": null,
            "eps_4q": null,
            "eps_4q_growth_year": null,
            "roe": null,
            "roe_4q": 0,
            "gross_profit": null,
            "gross_margin": null,
            "gross_margin_4q_avg": 0,
            "net_income": null,
            "revenue": null,
            "common_shares": null,
            "book_valuer_per_share": null,
            "book_valuer_per_share_4q_avg": 0,
            "equity": null,
            "current_ratio": null,
            "debt_ratio": null,
            "inventory_turnover_ratio": null,
            "account_receivable_turnover_ratio": null,
            "reinvestment_rate": null,
            "research_to_sale_ratio": null,
            "price_fair": 0,
            "eps_avg_yearly": 0,
            "eps_latest_yearly": 0,
            "eps_growth_yearly": 0
        },
        "20051": {
            "year_quarter": 20051,
            "year": 2005,
            "quarter": 1,
            "eps": null,
            "eps_growth_year": null,
            "eps_4q": null,
            "eps_4q_growth_year": null,
            "roe": null,
            "roe_4q": 0,
            "gross_profit": null,
            "gross_margin": null,
            "gross_margin_4q_avg": 0,
            "net_income": null,
            "revenue": null,
            "common_shares": null,
            "book_valuer_per_share": null,
            "book_valuer_per_share_4q_avg": 0,
            "equity": null,
            "current_ratio": null,
            "debt_ratio": null,
            "inventory_turnover_ratio": null,
            "account_receivable_turnover_ratio": null,
            "reinvestment_rate": null,
            "research_to_sale_ratio": null,
            "price_fair": 0,
            "eps_avg_yearly": 0,
            "eps_latest_yearly": 0,
            "eps_growth_yearly": 0
        },
        "20052": {
            "year_quarter": 20052,
            "year": 2005,
            "quarter": 2,
            "eps": null,
            "eps_growth_year": null,
            "eps_4q": null,
            "eps_4q_growth_year": null,
            "roe": null,
            "roe_4q": 0,
            "gross_profit": null,
            "gross_margin": null,
            "gross_margin_4q_avg": 0,
            "net_income": null,
            "revenue": null,
            "common_shares": null,
            "book_valuer_per_share": null,
            "book_valuer_per_share_4q_avg": 0,
            "equity": null,
            "current_ratio": null,
            "debt_ratio": null,
            "inventory_turnover_ratio": null,
            "account_receivable_turnover_ratio": null,
            "reinvestment_rate": null,
            "research_to_sale_ratio": null,
            "price_fair": 0,
            "eps_avg_yearly": 0,
            "eps_latest_yearly": 0,
            "eps_growth_yearly": 0
        },
        "20053": {
            "year_quarter": 20053,
            "year": 2005,
            "quarter": 3,
            "eps": null,
            "eps_growth_year": null,
            "eps_4q": null,
            "eps_4q_growth_year": null,
            "roe": null,
            "roe_4q": 0,
            "gross_profit": null,
            "gross_margin": null,
            "gross_margin_4q_avg": 0,
            "net_income": null,
            "revenue": null,
            "common_shares": null,
            "book_valuer_per_share": null,
            "book_valuer_per_share_4q_avg": 0,
            "equity": null,
            "current_ratio": null,
            "debt_ratio": null,
            "inventory_turnover_ratio": null,
            "account_receivable_turnover_ratio": null,
            "reinvestment_rate": null,
            "research_to_sale_ratio": null,
            "price_fair": 0,
            "eps_avg_yearly": 0,
            "eps_latest_yearly": 0,
            "eps_growth_yearly": 0
        },
        "20054": {
            "year_quarter": 20054,
            "year": 2005,
            "quarter": 4,
            "eps": null,
            "eps_growth_year": null,
            "eps_4q": null,
            "eps_4q_growth_year": null,
            "roe": null,
            "roe_4q": 0,
            "gross_profit": null,
            "gross_margin": null,
            "gross_margin_4q_avg": 0,
            "net_income": null,
            "revenue": null,
            "common_shares": null,
            "book_valuer_per_share": null,
            "book_valuer_per_share_4q_avg": 0,
            "equity": null,
            "current_ratio": null,
            "debt_ratio": null,
            "inventory_turnover_ratio": null,
            "account_receivable_turnover_ratio": null,
            "reinvestment_rate": null,
            "research_to_sale_ratio": null,
            "price_fair": 0,
            "eps_avg_yearly": 0,
            "eps_latest_yearly": 0,
            "eps_growth_yearly": 0
        },
        "20061": {
            "year_quarter": 20061,
            "year": 2006,
            "quarter": 1,
            "eps": null,
            "eps_growth_year": null,
            "eps_4q": null,
            "eps_4q_growth_year": null,
            "roe": null,
            "roe_4q": 0,
            "gross_profit": null,
            "gross_margin": null,
            "gross_margin_4q_avg": 0,
            "net_income": null,
            "revenue": null,
            "common_shares": null,
            "book_valuer_per_share": null,
            "book_valuer_per_share_4q_avg": 0,
            "equity": null,
            "current_ratio": null,
            "debt_ratio": null,
            "inventory_turnover_ratio": null,
            "account_receivable_turnover_ratio": null,
            "reinvestment_rate": null,
            "research_to_sale_ratio": null,
            "price_fair": 0,
            "eps_avg_yearly": 0,
            "eps_latest_yearly": 0,
            "eps_growth_yearly": 0
        },
        "20062": {
            "year_quarter": 20062,
            "year": 2006,
            "quarter": 2,
            "eps": null,
            "eps_growth_year": null,
            "eps_4q": null,
            "eps_4q_growth_year": null,
            "roe": null,
            "roe_4q": 0,
            "gross_profit": null,
            "gross_margin": null,
            "gross_margin_4q_avg": 0,
            "net_income": null,
            "revenue": null,
            "common_shares": null,
            "book_valuer_per_share": null,
            "book_valuer_per_share_4q_avg": 0,
            "equity": null,
            "current_ratio": null,
            "debt_ratio": null,
            "inventory_turnover_ratio": null,
            "account_receivable_turnover_ratio": null,
            "reinvestment_rate": null,
            "research_to_sale_ratio": null,
            "price_fair": 0,
            "eps_avg_yearly": 0,
            "eps_latest_yearly": 0,
            "eps_growth_yearly": 0
        },
        "20063": {
            "year_quarter": 20063,
            "year": 2006,
            "quarter": 3,
            "eps": null,
            "eps_growth_year": null,
            "eps_4q": null,
            "eps_4q_growth_year": null,
            "roe": null,
            "roe_4q": 0,
            "gross_profit": null,
            "gross_margin": null,
            "gross_margin_4q_avg": 0,
            "net_income": null,
            "revenue": null,
            "common_shares": null,
            "book_valuer_per_share": null,
            "book_valuer_per_share_4q_avg": 0,
            "equity": null,
            "current_ratio": null,
            "debt_ratio": null,
            "inventory_turnover_ratio": null,
            "account_receivable_turnover_ratio": null,
            "reinvestment_rate": null,
            "research_to_sale_ratio": null,
            "price_fair": 0,
            "eps_avg_yearly": 0,
            "eps_latest_yearly": 0,
            "eps_growth_yearly": 0
        },
        "20064": {
            "year_quarter": 20064,
            "year": 2006,
            "quarter": 4,
            "eps": null,
            "eps_growth_year": null,
            "eps_4q": null,
            "eps_4q_growth_year": null,
            "roe": null,
            "roe_4q": 0,
            "gross_profit": null,
            "gross_margin": null,
            "gross_margin_4q_avg": 0,
            "net_income": null,
            "revenue": null,
            "common_shares": null,
            "book_valuer_per_share": null,
            "book_valuer_per_share_4q_avg": 0,
            "equity": null,
            "current_ratio": null,
            "debt_ratio": null,
            "inventory_turnover_ratio": null,
            "account_receivable_turnover_ratio": null,
            "reinvestment_rate": null,
            "research_to_sale_ratio": null,
            "price_fair": 0,
            "eps_avg_yearly": 0,
            "eps_latest_yearly": 0,
            "eps_growth_yearly": 0
        },
        "20071": {
            "year_quarter": 20071,
            "year": 2007,
            "quarter": 1,
            "eps": null,
            "eps_growth_year": null,
            "eps_4q": null,
            "eps_4q_growth_year": null,
            "roe": null,
            "roe_4q": 0,
            "gross_profit": null,
            "gross_margin": null,
            "gross_margin_4q_avg": 0,
            "net_income": null,
            "revenue": null,
            "common_shares": null,
            "book_valuer_per_share": null,
            "book_valuer_per_share_4q_avg": 0,
            "equity": null,
            "current_ratio": null,
            "debt_ratio": null,
            "inventory_turnover_ratio": null,
            "account_receivable_turnover_ratio": null,
            "reinvestment_rate": null,
            "research_to_sale_ratio": null,
            "price_fair": 0,
            "eps_avg_yearly": 0,
            "eps_latest_yearly": 0,
            "eps_growth_yearly": 0
        },
        "20072": {
            "year_quarter": 20072,
            "year": 2007,
            "quarter": 2,
            "eps": null,
            "eps_growth_year": null,
            "eps_4q": null,
            "eps_4q_growth_year": null,
            "roe": null,
            "roe_4q": 0,
            "gross_profit": null,
            "gross_margin": null,
            "gross_margin_4q_avg": 0,
            "net_income": null,
            "revenue": null,
            "common_shares": null,
            "book_valuer_per_share": null,
            "book_valuer_per_share_4q_avg": 0,
            "equity": null,
            "current_ratio": null,
            "debt_ratio": null,
            "inventory_turnover_ratio": null,
            "account_receivable_turnover_ratio": null,
            "reinvestment_rate": null,
            "research_to_sale_ratio": null,
            "price_fair": 0,
            "eps_avg_yearly": 0,
            "eps_latest_yearly": 0,
            "eps_growth_yearly": 0
        },
        "20073": {
            "year_quarter": 20073,
            "year": 2007,
            "quarter": 3,
            "eps": null,
            "eps_growth_year": null,
            "eps_4q": null,
            "eps_4q_growth_year": null,
            "roe": null,
            "roe_4q": 0,
            "gross_profit": null,
            "gross_margin": null,
            "gross_margin_4q_avg": 0,
            "net_income": null,
            "revenue": null,
            "common_shares": null,
            "book_valuer_per_share": null,
            "book_valuer_per_share_4q_avg": 0,
            "equity": null,
            "current_ratio": null,
            "debt_ratio": null,
            "inventory_turnover_ratio": null,
            "account_receivable_turnover_ratio": null,
            "reinvestment_rate": null,
            "research_to_sale_ratio": null,
            "price_fair": 0,
            "eps_avg_yearly": 0,
            "eps_latest_yearly": 0,
            "eps_growth_yearly": 0
        },
        "20074": {
            "year_quarter": 20074,
            "year": 2007,
            "quarter": 4,
            "eps": null,
            "eps_growth_year": null,
            "eps_4q": null,
            "eps_4q_growth_year": null,
            "roe": null,
            "roe_4q": 0,
            "gross_profit": null,
            "gross_margin": null,
            "gross_margin_4q_avg": 0,
            "net_income": null,
            "revenue": null,
            "common_shares": null,
            "book_valuer_per_share": null,
            "book_valuer_per_share_4q_avg": 0,
            "equity": null,
            "current_ratio": null,
            "debt_ratio": null,
            "inventory_turnover_ratio": null,
            "account_receivable_turnover_ratio": null,
            "reinvestment_rate": null,
            "research_to_sale_ratio": null,
            "price_fair": 0,
            "eps_avg_yearly": 0,
            "eps_latest_yearly": 0,
            "eps_growth_yearly": 0
        },
        "20081": {
            "year_quarter": 20081,
            "year": 2008,
            "quarter": 1,
            "eps": null,
            "eps_growth_year": null,
            "eps_4q": null,
            "eps_4q_growth_year": null,
            "roe": null,
            "roe_4q": 0,
            "gross_profit": null,
            "gross_margin": null,
            "gross_margin_4q_avg": 0,
            "net_income": null,
            "revenue": null,
            "common_shares": null,
            "book_valuer_per_share": null,
            "book_valuer_per_share_4q_avg": 0,
            "equity": null,
            "current_ratio": null,
            "debt_ratio": null,
            "inventory_turnover_ratio": null,
            "account_receivable_turnover_ratio": null,
            "reinvestment_rate": null,
            "research_to_sale_ratio": null,
            "price_fair": 0,
            "eps_avg_yearly": 0,
            "eps_latest_yearly": 0,
            "eps_growth_yearly": 0
        },
        "20082": {
            "year_quarter": 20082,
            "year": 2008,
            "quarter": 2,
            "eps": null,
            "eps_growth_year": null,
            "eps_4q": null,
            "eps_4q_growth_year": null,
            "roe": null,
            "roe_4q": 0,
            "gross_profit": null,
            "gross_margin": null,
            "gross_margin_4q_avg": 0,
            "net_income": null,
            "revenue": null,
            "common_shares": null,
            "book_valuer_per_share": null,
            "book_valuer_per_share_4q_avg": 0,
            "equity": null,
            "current_ratio": null,
            "debt_ratio": null,
            "inventory_turnover_ratio": null,
            "account_receivable_turnover_ratio": null,
            "reinvestment_rate": null,
            "research_to_sale_ratio": null,
            "price_fair": 0,
            "eps_avg_yearly": 0,
            "eps_latest_yearly": 0,
            "eps_growth_yearly": 0
        },
        "20083": {
            "year_quarter": 20083,
            "year": 2008,
            "quarter": 3,
            "eps": null,
            "eps_growth_year": null,
            "eps_4q": null,
            "eps_4q_growth_year": null,
            "roe": null,
            "roe_4q": 0,
            "gross_profit": null,
            "gross_margin": null,
            "gross_margin_4q_avg": 0,
            "net_income": null,
            "revenue": null,
            "common_shares": null,
            "book_valuer_per_share": null,
            "book_valuer_per_share_4q_avg": 0,
            "equity": null,
            "current_ratio": null,
            "debt_ratio": null,
            "inventory_turnover_ratio": null,
            "account_receivable_turnover_ratio": null,
            "reinvestment_rate": null,
            "research_to_sale_ratio": null,
            "price_fair": 0,
            "eps_avg_yearly": 0,
            "eps_latest_yearly": 0,
            "eps_growth_yearly": 0
        },
        "20084": {
            "year_quarter": 20084,
            "year": 2008,
            "quarter": 4,
            "eps": null,
            "eps_growth_year": null,
            "eps_4q": null,
            "eps_4q_growth_year": null,
            "roe": null,
            "roe_4q": 0,
            "gross_profit": null,
            "gross_margin": null,
            "gross_margin_4q_avg": 0,
            "net_income": null,
            "revenue": null,
            "common_shares": null,
            "book_valuer_per_share": null,
            "book_valuer_per_share_4q_avg": 0,
            "equity": null,
            "current_ratio": null,
            "debt_ratio": null,
            "inventory_turnover_ratio": null,
            "account_receivable_turnover_ratio": null,
            "reinvestment_rate": null,
            "research_to_sale_ratio": null,
            "price_fair": 0,
            "eps_avg_yearly": 0,
            "eps_latest_yearly": 0,
            "eps_growth_yearly": 0
        },
        "20091": {
            "year_quarter": 20091,
            "year": 2009,
            "quarter": 1,
            "eps": null,
            "eps_growth_year": null,
            "eps_4q": null,
            "eps_4q_growth_year": null,
            "roe": null,
            "roe_4q": 0,
            "gross_profit": null,
            "gross_margin": null,
            "gross_margin_4q_avg": 0,
            "net_income": null,
            "revenue": null,
            "common_shares": null,
            "book_valuer_per_share": null,
            "book_valuer_per_share_4q_avg": 0,
            "equity": null,
            "current_ratio": null,
            "debt_ratio": null,
            "inventory_turnover_ratio": null,
            "account_receivable_turnover_ratio": null,
            "reinvestment_rate": null,
            "research_to_sale_ratio": null,
            "price_fair": 0,
            "eps_avg_yearly": 0,
            "eps_latest_yearly": 0,
            "eps_growth_yearly": 0
        },
        "20092": {
            "year_quarter": 20092,
            "year": 2009,
            "quarter": 2,
            "eps": null,
            "eps_growth_year": null,
            "eps_4q": null,
            "eps_4q_growth_year": null,
            "roe": null,
            "roe_4q": 0,
            "gross_profit": null,
            "gross_margin": null,
            "gross_margin_4q_avg": 0,
            "net_income": null,
            "revenue": null,
            "common_shares": null,
            "book_valuer_per_share": null,
            "book_valuer_per_share_4q_avg": 0,
            "equity": null,
            "current_ratio": null,
            "debt_ratio": null,
            "inventory_turnover_ratio": null,
            "account_receivable_turnover_ratio": null,
            "reinvestment_rate": null,
            "research_to_sale_ratio": null,
            "price_fair": 0,
            "eps_avg_yearly": 0,
            "eps_latest_yearly": 0,
            "eps_growth_yearly": 0
        },
        "20093": {
            "year_quarter": 20093,
            "year": 2009,
            "quarter": 3,
            "eps": null,
            "eps_growth_year": null,
            "eps_4q": null,
            "eps_4q_growth_year": null,
            "roe": null,
            "roe_4q": 0,
            "gross_profit": null,
            "gross_margin": null,
            "gross_margin_4q_avg": 0,
            "net_income": null,
            "revenue": null,
            "common_shares": null,
            "book_valuer_per_share": null,
            "book_valuer_per_share_4q_avg": 0,
            "equity": null,
            "current_ratio": null,
            "debt_ratio": null,
            "inventory_turnover_ratio": null,
            "account_receivable_turnover_ratio": null,
            "reinvestment_rate": null,
            "research_to_sale_ratio": null,
            "price_fair": 0,
            "eps_avg_yearly": 0,
            "eps_latest_yearly": 0,
            "eps_growth_yearly": 0
        },
        "20094": {
            "year_quarter": 20094,
            "year": 2009,
            "quarter": 4,
            "eps": null,
            "eps_growth_year": null,
            "eps_4q": null,
            "eps_4q_growth_year": null,
            "roe": null,
            "roe_4q": 0,
            "gross_profit": null,
            "gross_margin": null,
            "gross_margin_4q_avg": 0,
            "net_income": null,
            "revenue": null,
            "common_shares": 68000,
            "book_valuer_per_share": 181.84,
            "book_valuer_per_share_4q_avg": 45.46,
            "equity": 1236525,
            "current_ratio": 190.47,
            "debt_ratio": 44.57,
            "inventory_turnover_ratio": null,
            "account_receivable_turnover_ratio": null,
            "reinvestment_rate": null,
            "research_to_sale_ratio": null,
            "price_fair": 0,
            "eps_avg_yearly": 0,
            "eps_latest_yearly": 0,
            "eps_growth_yearly": 0
        },
        "20101": {
            "year_quarter": 20101,
            "year": 2010,
            "quarter": 1,
            "eps": null,
            "eps_growth_year": null,
            "eps_4q": null,
            "eps_4q_growth_year": null,
            "roe": null,
            "roe_4q": 0,
            "gross_profit": null,
            "gross_margin": null,
            "gross_margin_4q_avg": 0,
            "net_income": null,
            "revenue": null,
            "common_shares": null,
            "book_valuer_per_share": null,
            "book_valuer_per_share_4q_avg": 45.46,
            "equity": null,
            "current_ratio": null,
            "debt_ratio": null,
            "inventory_turnover_ratio": null,
            "account_receivable_turnover_ratio": null,
            "reinvestment_rate": null,
            "research_to_sale_ratio": null,
            "price_fair": 0,
            "eps_avg_yearly": 0,
            "eps_latest_yearly": 0,
            "eps_growth_yearly": 0
        },
        "20102": {
            "year_quarter": 20102,
            "year": 2010,
            "quarter": 2,
            "eps": null,
            "eps_growth_year": null,
            "eps_4q": null,
            "eps_4q_growth_year": null,
            "roe": null,
            "roe_4q": 0,
            "gross_profit": null,
            "gross_margin": null,
            "gross_margin_4q_avg": 0,
            "net_income": null,
            "revenue": null,
            "common_shares": null,
            "book_valuer_per_share": null,
            "book_valuer_per_share_4q_avg": 45.46,
            "equity": null,
            "current_ratio": null,
            "debt_ratio": null,
            "inventory_turnover_ratio": null,
            "account_receivable_turnover_ratio": null,
            "reinvestment_rate": null,
            "research_to_sale_ratio": null,
            "price_fair": 0,
            "eps_avg_yearly": 0,
            "eps_latest_yearly": 0,
            "eps_growth_yearly": 0
        },
        "20103": {
            "year_quarter": 20103,
            "year": 2010,
            "quarter": 3,
            "eps": null,
            "eps_growth_year": null,
            "eps_4q": null,
            "eps_4q_growth_year": null,
            "roe": null,
            "roe_4q": 0,
            "gross_profit": null,
            "gross_margin": null,
            "gross_margin_4q_avg": 0,
            "net_income": null,
            "revenue": null,
            "common_shares": null,
            "book_valuer_per_share": null,
            "book_valuer_per_share_4q_avg": 45.46,
            "equity": null,
            "current_ratio": null,
            "debt_ratio": null,
            "inventory_turnover_ratio": null,
            "account_receivable_turnover_ratio": null,
            "reinvestment_rate": null,
            "research_to_sale_ratio": null,
            "price_fair": 0,
            "eps_avg_yearly": 0,
            "eps_latest_yearly": 0,
            "eps_growth_yearly": 0
        },
        "20104": {
            "year_quarter": 20104,
            "year": 2010,
            "quarter": 4,
            "eps": null,
            "eps_growth_year": null,
            "eps_4q": null,
            "eps_4q_growth_year": null,
            "roe": null,
            "roe_4q": 0,
            "gross_profit": null,
            "gross_margin": null,
            "gross_margin_4q_avg": 0,
            "net_income": null,
            "revenue": null,
            "common_shares": 258000,
            "book_valuer_per_share": 50.97,
            "book_valuer_per_share_4q_avg": 12.74,
            "equity": 1233022,
            "current_ratio": 220.12,
            "debt_ratio": 45.92,
            "inventory_turnover_ratio": null,
            "account_receivable_turnover_ratio": null,
            "reinvestment_rate": null,
            "research_to_sale_ratio": null,
            "price_fair": 0,
            "eps_avg_yearly": 0,
            "eps_latest_yearly": 0,
            "eps_growth_yearly": 0
        },
        "20111": {
            "year_quarter": 20111,
            "year": 2011,
            "quarter": 1,
            "eps": null,
            "eps_growth_year": null,
            "eps_4q": null,
            "eps_4q_growth_year": null,
            "roe": null,
            "roe_4q": 0,
            "gross_profit": null,
            "gross_margin": null,
            "gross_margin_4q_avg": 0,
            "net_income": null,
            "revenue": null,
            "common_shares": null,
            "book_valuer_per_share": null,
            "book_valuer_per_share_4q_avg": 12.74,
            "equity": null,
            "current_ratio": null,
            "debt_ratio": null,
            "inventory_turnover_ratio": null,
            "account_receivable_turnover_ratio": null,
            "reinvestment_rate": null,
            "research_to_sale_ratio": null,
            "price_fair": 0,
            "eps_avg_yearly": 0,
            "eps_latest_yearly": 0,
            "eps_growth_yearly": 0
        },
        "20112": {
            "year_quarter": 20112,
            "year": 2011,
            "quarter": 2,
            "eps": null,
            "eps_growth_year": null,
            "eps_4q": null,
            "eps_4q_growth_year": null,
            "roe": null,
            "roe_4q": 0,
            "gross_profit": null,
            "gross_margin": null,
            "gross_margin_4q_avg": 0,
            "net_income": null,
            "revenue": null,
            "common_shares": null,
            "book_valuer_per_share": null,
            "book_valuer_per_share_4q_avg": 12.74,
            "equity": null,
            "current_ratio": null,
            "debt_ratio": null,
            "inventory_turnover_ratio": null,
            "account_receivable_turnover_ratio": null,
            "reinvestment_rate": null,
            "research_to_sale_ratio": null,
            "price_fair": 0,
            "eps_avg_yearly": 0,
            "eps_latest_yearly": 0,
            "eps_growth_yearly": 0
        },
        "20113": {
            "year_quarter": 20113,
            "year": 2011,
            "quarter": 3,
            "eps": null,
            "eps_growth_year": null,
            "eps_4q": null,
            "eps_4q_growth_year": null,
            "roe": null,
            "roe_4q": 0,
            "gross_profit": null,
            "gross_margin": null,
            "gross_margin_4q_avg": 0,
            "net_income": null,
            "revenue": null,
            "common_shares": null,
            "book_valuer_per_share": null,
            "book_valuer_per_share_4q_avg": 12.74,
            "equity": null,
            "current_ratio": null,
            "debt_ratio": null,
            "inventory_turnover_ratio": null,
            "account_receivable_turnover_ratio": null,
            "reinvestment_rate": null,
            "research_to_sale_ratio": null,
            "price_fair": 0,
            "eps_avg_yearly": 0,
            "eps_latest_yearly": 0,
            "eps_growth_yearly": 0
        },
        "20114": {
            "year_quarter": 20114,
            "year": 2011,
            "quarter": 4,
            "eps": null,
            "eps_growth_year": null,
            "eps_4q": null,
            "eps_4q_growth_year": null,
            "roe": null,
            "roe_4q": 0,
            "gross_profit": null,
            "gross_margin": null,
            "gross_margin_4q_avg": 0,
            "net_income": null,
            "revenue": null,
            "common_shares": 405000,
            "book_valuer_per_share": 31.9,
            "book_valuer_per_share_4q_avg": 7.98,
            "equity": 1231820,
            "current_ratio": 177.06,
            "debt_ratio": 51.11,
            "inventory_turnover_ratio": null,
            "account_receivable_turnover_ratio": null,
            "reinvestment_rate": null,
            "research_to_sale_ratio": null,
            "price_fair": 0,
            "eps_avg_yearly": 0,
            "eps_latest_yearly": 0,
            "eps_growth_yearly": 0
        },
        "20121": {
            "year_quarter": 20121,
            "year": 2012,
            "quarter": 1,
            "eps": null,
            "eps_growth_year": null,
            "eps_4q": null,
            "eps_4q_growth_year": null,
            "roe": null,
            "roe_4q": 0,
            "gross_profit": null,
            "gross_margin": null,
            "gross_margin_4q_avg": 0,
            "net_income": null,
            "revenue": null,
            "common_shares": null,
            "book_valuer_per_share": null,
            "book_valuer_per_share_4q_avg": 7.98,
            "equity": null,
            "current_ratio": null,
            "debt_ratio": null,
            "inventory_turnover_ratio": null,
            "account_receivable_turnover_ratio": null,
            "reinvestment_rate": null,
            "research_to_sale_ratio": null,
            "price_fair": 0,
            "eps_avg_yearly": 0,
            "eps_latest_yearly": 0,
            "eps_growth_yearly": 0
        },
        "20122": {
            "year_quarter": 20122,
            "year": 2012,
            "quarter": 2,
            "eps": null,
            "eps_growth_year": null,
            "eps_4q": null,
            "eps_4q_growth_year": null,
            "roe": null,
            "roe_4q": 0,
            "gross_profit": null,
            "gross_margin": null,
            "gross_margin_4q_avg": 0,
            "net_income": null,
            "revenue": null,
            "common_shares": 422993,
            "book_valuer_per_share": null,
            "book_valuer_per_share_4q_avg": 7.98,
            "equity": 1343025,
            "current_ratio": null,
            "debt_ratio": null,
            "inventory_turnover_ratio": null,
            "account_receivable_turnover_ratio": null,
            "reinvestment_rate": null,
            "research_to_sale_ratio": null,
            "price_fair": 0,
            "eps_avg_yearly": 0,
            "eps_latest_yearly": 0,
            "eps_growth_yearly": 0
        },
        "20123": {
            "year_quarter": 20123,
            "year": 2012,
            "quarter": 3,
            "eps": null,
            "eps_growth_year": null,
            "eps_4q": null,
            "eps_4q_growth_year": null,
            "roe": null,
            "roe_4q": 0,
            "gross_profit": null,
            "gross_margin": null,
            "gross_margin_4q_avg": 0,
            "net_income": null,
            "revenue": null,
            "common_shares": null,
            "book_valuer_per_share": null,
            "book_valuer_per_share_4q_avg": 7.98,
            "equity": null,
            "current_ratio": null,
            "debt_ratio": null,
            "inventory_turnover_ratio": null,
            "account_receivable_turnover_ratio": null,
            "reinvestment_rate": null,
            "research_to_sale_ratio": null,
            "price_fair": 0,
            "eps_avg_yearly": 0,
            "eps_latest_yearly": 0,
            "eps_growth_yearly": 0
        },
        "20124": {
            "year_quarter": 20124,
            "year": 2012,
            "quarter": 4,
            "eps": null,
            "eps_growth_year": null,
            "eps_4q": null,
            "eps_4q_growth_year": null,
            "roe": null,
            "roe_4q": 0,
            "gross_profit": null,
            "gross_margin": null,
            "gross_margin_4q_avg": 0,
            "net_income": null,
            "revenue": null,
            "common_shares": 605243,
            "book_valuer_per_share": 26.07,
            "book_valuer_per_share_4q_avg": 6.52,
            "equity": 1616508,
            "current_ratio": 221.94,
            "debt_ratio": 35.53,
            "inventory_turnover_ratio": null,
            "account_receivable_turnover_ratio": null,
            "reinvestment_rate": null,
            "research_to_sale_ratio": null,
            "price_fair": 0,
            "eps_avg_yearly": 0,
            "eps_latest_yearly": 0,
            "eps_growth_yearly": 0
        },
        "20131": {
            "year_quarter": 20131,
            "year": 2013,
            "quarter": 1,
            "eps": null,
            "eps_growth_year": null,
            "eps_4q": null,
            "eps_4q_growth_year": null,
            "roe": null,
            "roe_4q": 0,
            "gross_profit": 483843,
            "gross_margin": null,
            "gross_margin_4q_avg": 0,
            "net_income": 32585,
            "revenue": 915964,
            "common_shares": 605243,
            "book_valuer_per_share": 26.17,
            "book_valuer_per_share_4q_avg": 13.06,
            "equity": 1623910,
            "current_ratio": 222.05,
            "debt_ratio": 36.59,
            "inventory_turnover_ratio": null,
            "account_receivable_turnover_ratio": null,
            "reinvestment_rate": null,
            "research_to_sale_ratio": null,
            "price_fair": 0,
            "eps_avg_yearly": 0,
            "eps_latest_yearly": 0,
            "eps_growth_yearly": 0
        },
        "20132": {
            "year_quarter": 20132,
            "year": 2013,
            "quarter": 2,
            "eps": -0.14,
            "eps_growth_year": null,
            "eps_4q": null,
            "eps_4q_growth_year": null,
            "roe": -0.58,
            "roe_4q": -0.58,
            "gross_profit": 412104,
            "gross_margin": 54.53,
            "gross_margin_4q_avg": 13.63,
            "net_income": -8904,
            "revenue": 755727,
            "common_shares": 605243,
            "book_valuer_per_share": 23.04,
            "book_valuer_per_share_4q_avg": 18.82,
            "equity": 1433055,
            "current_ratio": 197.69,
            "debt_ratio": 41.39,
            "inventory_turnover_ratio": 0.35,
            "account_receivable_turnover_ratio": 19.17,
            "reinvestment_rate": null,
            "research_to_sale_ratio": null,
            "price_fair": 0,
            "eps_avg_yearly": 0,
            "eps_latest_yearly": 0,
            "eps_growth_yearly": 0
        },
        "20133": {
            "year_quarter": 20133,
            "year": 2013,
            "quarter": 3,
            "eps": null,
            "eps_growth_year": null,
            "eps_4q": null,
            "eps_4q_growth_year": null,
            "roe": null,
            "roe_4q": -0.58,
            "gross_profit": 437868,
            "gross_margin": null,
            "gross_margin_4q_avg": 13.63,
            "net_income": 22365,
            "revenue": 788253,
            "common_shares": 605243,
            "book_valuer_per_share": 23.38,
            "book_valuer_per_share_4q_avg": 24.67,
            "equity": 1454460,
            "current_ratio": 221.17,
            "debt_ratio": 37.87,
            "inventory_turnover_ratio": null,
            "account_receivable_turnover_ratio": null,
            "reinvestment_rate": null,
            "research_to_sale_ratio": null,
            "price_fair": 0,
            "eps_avg_yearly": 0,
            "eps_latest_yearly": 0,
            "eps_growth_yearly": 0
        },
        "20134": {
            "year_quarter": 20134,
            "year": 2013,
            "quarter": 4,
            "eps": null,
            "eps_growth_year": null,
            "eps_4q": null,
            "eps_4q_growth_year": null,
            "roe": null,
            "roe_4q": -0.58,
            "gross_profit": 407806,
            "gross_margin": null,
            "gross_margin_4q_avg": 13.63,
            "net_income": 26918,
            "revenue": 758808,
            "common_shares": 605243,
            "book_valuer_per_share": 23.64,
            "book_valuer_per_share_4q_avg": 24.06,
            "equity": 1504465,
            "current_ratio": 238.15,
            "debt_ratio": 35.68,
            "inventory_turnover_ratio": null,
            "account_receivable_turnover_ratio": null,
            "reinvestment_rate": null,
            "research_to_sale_ratio": null,
            "price_fair": 0,
            "eps_avg_yearly": 0,
            "eps_latest_yearly": 0,
            "eps_growth_yearly": 0
        },
        "20141": {
            "year_quarter": 20141,
            "year": 2014,
            "quarter": 1,
            "eps": 0.49,
            "eps_growth_year": null,
            "eps_4q": 0.34,
            "eps_4q_growth_year": null,
            "roe": 2.3,
            "roe_4q": 1.7199999999999998,
            "gross_profit": 427651,
            "gross_margin": 50.45,
            "gross_margin_4q_avg": 26.25,
            "net_income": 34050,
            "revenue": 847699,
            "common_shares": 605243,
            "book_valuer_per_share": 24.14,
            "book_valuer_per_share_4q_avg": 23.55,
            "equity": 1460900,
            "current_ratio": 232.38,
            "debt_ratio": 35.62,
            "inventory_turnover_ratio": 0.54,
            "account_receivable_turnover_ratio": 13.81,
            "reinvestment_rate": null,
            "research_to_sale_ratio": 0.21,
            "price_fair": 0,
            "eps_avg_yearly": 0,
            "eps_latest_yearly": 0,
            "eps_growth_yearly": 0
        },
        "20142": {
            "year_quarter": 20142,
            "year": 2014,
            "quarter": 2,
            "eps": 0.54,
            "eps_growth_year": null,
            "eps_4q": 1.03,
            "eps_4q_growth_year": null,
            "roe": 2.3,
            "roe_4q": 4.6,
            "gross_profit": 375076,
            "gross_margin": 61.12,
            "gross_margin_4q_avg": 27.89,
            "net_income": 32982,
            "revenue": 613673,
            "common_shares": 605243,
            "book_valuer_per_share": 23.15,
            "book_valuer_per_share_4q_avg": 23.58,
            "equity": 1401276,
            "current_ratio": 193.91,
            "debt_ratio": 41.12,
            "inventory_turnover_ratio": 0.33,
            "account_receivable_turnover_ratio": 11.31,
            "reinvestment_rate": null,
            "research_to_sale_ratio": 0.53,
            "price_fair": 75.6,
            "eps_avg_yearly": 2.16,
            "eps_latest_yearly": 2.16,
            "eps_growth_yearly": 40.82
        },
        "20143": {
            "year_quarter": 20143,
            "year": 2014,
            "quarter": 3,
            "eps": 0.42,
            "eps_growth_year": null,
            "eps_4q": 1.32,
            "eps_4q_growth_year": null,
            "roe": 1.69,
            "roe_4q": 6.289999999999999,
            "gross_profit": 355989,
            "gross_margin": 55.98,
            "gross_margin_4q_avg": 41.89,
            "net_income": 26011,
            "revenue": 635945,
            "common_shares": 668000,
            "book_valuer_per_share": 25.17,
            "book_valuer_per_share_4q_avg": 24.03,
            "equity": 1681532,
            "current_ratio": 229.26,
            "debt_ratio": 37.37,
            "inventory_turnover_ratio": 0.34,
            "account_receivable_turnover_ratio": 10.92,
            "reinvestment_rate": null,
            "research_to_sale_ratio": 0.45,
            "price_fair": 5.76,
            "eps_avg_yearly": 1.92,
            "eps_latest_yearly": 1.68,
            "eps_growth_yearly": -24.04
        },
        "20144": {
            "year_quarter": 20144,
            "year": 2014,
            "quarter": 4,
            "eps": 0.57,
            "eps_growth_year": null,
            "eps_4q": 1.9,
            "eps_4q_growth_year": null,
            "roe": 2.25,
            "roe_4q": 8.54,
            "gross_profit": 326928,
            "gross_margin": 59.83,
            "gross_margin_4q_avg": 56.85,
            "net_income": 38383,
            "revenue": 546442,
            "common_shares": 668000,
            "book_valuer_per_share": 25.83,
            "book_valuer_per_share_4q_avg": 24.57,
            "equity": 1725434,
            "current_ratio": 272.73,
            "debt_ratio": 32.11,
            "inventory_turnover_ratio": 0.26,
            "account_receivable_turnover_ratio": 11.16,
            "reinvestment_rate": null,
            "research_to_sale_ratio": 0.4,
            "price_fair": 71.4,
            "eps_avg_yearly": 2.04,
            "eps_latest_yearly": 2.28,
            "eps_growth_yearly": 31.59
        },
        "20151": {
            "year_quarter": 20151,
            "year": 2015,
            "quarter": 1,
            "eps": 0.27,
            "eps_growth_year": -44.9,
            "eps_4q": 1.73,
            "eps_4q_growth_year": 402.23,
            "roe": 1.04,
            "roe_4q": 7.28,
            "gross_profit": 320298,
            "gross_margin": 55.08,
            "gross_margin_4q_avg": 58,
            "net_income": 18002,
            "revenue": 581563,
            "common_shares": 668000,
            "book_valuer_per_share": 26.08,
            "book_valuer_per_share_4q_avg": 25.06,
            "equity": 1742134,
            "current_ratio": 267.61,
            "debt_ratio": 33.7,
            "inventory_turnover_ratio": 0.32,
            "account_receivable_turnover_ratio": 15.06,
            "reinvestment_rate": null,
            "research_to_sale_ratio": 0.44,
            "price_fair": 5.4,
            "eps_avg_yearly": 1.8,
            "eps_latest_yearly": 1.08,
            "eps_growth_yearly": -28.94
        },
        "20152": {
            "year_quarter": 20152,
            "year": 2015,
            "quarter": 2,
            "eps": 0.26,
            "eps_growth_year": -51.85,
            "eps_4q": 1.49,
            "eps_4q_growth_year": 44.27,
            "roe": 1.01,
            "roe_4q": 5.99,
            "gross_profit": 306973,
            "gross_margin": 57.16,
            "gross_margin_4q_avg": 57.01,
            "net_income": 17092,
            "revenue": 537038,
            "common_shares": 668000,
            "book_valuer_per_share": 24.58,
            "book_valuer_per_share_4q_avg": 25.42,
            "equity": 1641921,
            "current_ratio": 238.77,
            "debt_ratio": 38.02,
            "inventory_turnover_ratio": 0.3,
            "account_receivable_turnover_ratio": 14,
            "reinvestment_rate": null,
            "research_to_sale_ratio": 0.53,
            "price_fair": 4.94,
            "eps_avg_yearly": 1.65,
            "eps_latest_yearly": 1.04,
            "eps_growth_yearly": -26.11
        },
        "20153": {
            "year_quarter": 20153,
            "year": 2015,
            "quarter": 3,
            "eps": 0.19,
            "eps_growth_year": -54.76,
            "eps_4q": 1.29,
            "eps_4q_growth_year": -2.5,
            "roe": 0.78,
            "roe_4q": 5.08,
            "gross_profit": 297317,
            "gross_margin": 57.61,
            "gross_margin_4q_avg": 57.42,
            "net_income": 12803,
            "revenue": 516061,
            "common_shares": 668000,
            "book_valuer_per_share": 24.84,
            "book_valuer_per_share_4q_avg": 25.33,
            "equity": 1659538,
            "current_ratio": 247.72,
            "debt_ratio": 37.04,
            "inventory_turnover_ratio": 0.28,
            "account_receivable_turnover_ratio": 10.82,
            "reinvestment_rate": null,
            "research_to_sale_ratio": 0.36,
            "price_fair": 4.5,
            "eps_avg_yearly": 1.5,
            "eps_latest_yearly": 0.76,
            "eps_growth_yearly": -39.71
        },
        "20154": {
            "year_quarter": 20154,
            "year": 2015,
            "quarter": 4,
            "eps": 0.67,
            "eps_growth_year": 16.43,
            "eps_4q": 1.39,
            "eps_4q_growth_year": -27.02,
            "roe": 2.65,
            "roe_4q": 5.4799999999999995,
            "gross_profit": 319545,
            "gross_margin": 53.77,
            "gross_margin_4q_avg": 55.91,
            "net_income": 44690,
            "revenue": 594256,
            "common_shares": 668000,
            "book_valuer_per_share": 25.6,
            "book_valuer_per_share_4q_avg": 25.28,
            "equity": 1710131,
            "current_ratio": 262.64,
            "debt_ratio": 34.07,
            "inventory_turnover_ratio": 0.33,
            "account_receivable_turnover_ratio": 10.89,
            "reinvestment_rate": null,
            "research_to_sale_ratio": 0.3,
            "price_fair": 58.4,
            "eps_avg_yearly": 1.67,
            "eps_latest_yearly": 2.68,
            "eps_growth_yearly": 110.33
        },
        "20161": {
            "year_quarter": 20161,
            "year": 2016,
            "quarter": 1,
            "eps": 0.22,
            "eps_growth_year": -18.52,
            "eps_4q": 1.34,
            "eps_4q_growth_year": -22.66,
            "roe": 0.85,
            "roe_4q": 5.29,
            "gross_profit": 285343,
            "gross_margin": 56.14,
            "gross_margin_4q_avg": 56.17,
            "net_income": 14649,
            "revenue": 508299,
            "common_shares": 668000,
            "book_valuer_per_share": 25.8,
            "book_valuer_per_share_4q_avg": 25.21,
            "equity": 1723243,
            "current_ratio": 255.14,
            "debt_ratio": 34.88,
            "inventory_turnover_ratio": 0.26,
            "account_receivable_turnover_ratio": 11.59,
            "reinvestment_rate": null,
            "research_to_sale_ratio": 0.24,
            "price_fair": 54.95,
            "eps_avg_yearly": 1.57,
            "eps_latest_yearly": 0.88,
            "eps_growth_yearly": 62.95
        },
        "20162": {
            "year_quarter": 20162,
            "year": 2016,
            "quarter": 2,
            "eps": 0.05,
            "eps_growth_year": -80.77,
            "eps_4q": 1.13,
            "eps_4q_growth_year": -24.46,
            "roe": 0.18,
            "roe_4q": 4.46,
            "gross_profit": 290075,
            "gross_margin": 59.07,
            "gross_margin_4q_avg": 56.65,
            "net_income": 3016,
            "revenue": 491084,
            "common_shares": 668000,
            "book_valuer_per_share": 24.32,
            "book_valuer_per_share_4q_avg": 25.14,
            "equity": 1624807,
            "current_ratio": 222.31,
            "debt_ratio": 38.2,
            "inventory_turnover_ratio": 0.22,
            "account_receivable_turnover_ratio": 12.4,
            "reinvestment_rate": null,
            "research_to_sale_ratio": 0.22,
            "price_fair": 44.82,
            "eps_avg_yearly": 1.42,
            "eps_latest_yearly": 0.2,
            "eps_growth_yearly": 21.61
        },
        "20163": {
            "year_quarter": 20163,
            "year": 2016,
            "quarter": 3,
            "eps": -0.24,
            "eps_growth_year": -226.32,
            "eps_4q": 0.69,
            "eps_4q_growth_year": -46.53,
            "roe": -1,
            "roe_4q": 2.6799999999999997,
            "gross_profit": 250530,
            "gross_margin": 54.02,
            "gross_margin_4q_avg": 55.75,
            "net_income": -16228,
            "revenue": 463802,
            "common_shares": 668000,
            "book_valuer_per_share": 24.04,
            "book_valuer_per_share_4q_avg": 24.94,
            "equity": 1606462,
            "current_ratio": 223.75,
            "debt_ratio": 36.55,
            "inventory_turnover_ratio": 0.23,
            "account_receivable_turnover_ratio": 10.75,
            "reinvestment_rate": null,
            "research_to_sale_ratio": 0.32,
            "price_fair": 44.82,
            "eps_avg_yearly": 1.42,
            "eps_latest_yearly": 0.2,
            "eps_growth_yearly": 21.61
        },
        "20164": {
            "year_quarter": 20164,
            "year": 2016,
            "quarter": 4,
            "eps": 0.2,
            "eps_growth_year": -69.49,
            "eps_4q": 0.23,
            "eps_4q_growth_year": -83.71,
            "roe": 0.84,
            "roe_4q": 0.8699999999999999,
            "gross_profit": 252788,
            "gross_margin": 55.34,
            "gross_margin_4q_avg": 56.14,
            "net_income": 13589,
            "revenue": 456752,
            "common_shares": 668000,
            "book_valuer_per_share": 24.3,
            "book_valuer_per_share_4q_avg": 24.62,
            "equity": 1623299,
            "current_ratio": 239.18,
            "debt_ratio": 33.61,
            "inventory_turnover_ratio": 0.22,
            "account_receivable_turnover_ratio": 11.34,
            "reinvestment_rate": -73.79,
            "research_to_sale_ratio": 0.3,
            "price_fair": 44.82,
            "eps_avg_yearly": 1.42,
            "eps_latest_yearly": 0.2,
            "eps_growth_yearly": 21.61
        },
        "20171": {
            "year_quarter": 20171,
            "year": 2017,
            "quarter": 1,
            "eps": -0.58,
            "eps_growth_year": -363.64,
            "eps_4q": -0.57,
            "eps_4q_growth_year": -142.56,
            "roe": -2.4,
            "roe_4q": -2.38,
            "gross_profit": 237079,
            "gross_margin": 55.86,
            "gross_margin_4q_avg": 56.07,
            "net_income": -38456,
            "revenue": 424436,
            "common_shares": 668000,
            "book_valuer_per_share": 23.66,
            "book_valuer_per_share_4q_avg": 24.08,
            "equity": 1580713,
            "current_ratio": 220.36,
            "debt_ratio": 35.13,
            "inventory_turnover_ratio": 0.21,
            "account_receivable_turnover_ratio": 13.18,
            "reinvestment_rate": 8.11,
            "research_to_sale_ratio": 0.31,
            "price_fair": 44.82,
            "eps_avg_yearly": 1.42,
            "eps_latest_yearly": 0.2,
            "eps_growth_yearly": 21.61
        },
        "20172": {
            "year_quarter": 20172,
            "year": 2017,
            "quarter": 2,
            "eps": -0.54,
            "eps_growth_year": -1180,
            "eps_4q": -1.15,
            "eps_4q_growth_year": -202.49,
            "roe": -2.34,
            "roe_4q": -4.9,
            "gross_profit": 211152,
            "gross_margin": 56.85,
            "gross_margin_4q_avg": 55.52,
            "net_income": -36402,
            "revenue": 371439,
            "common_shares": 668000,
            "book_valuer_per_share": 22.83,
            "book_valuer_per_share_4q_avg": 23.71,
            "equity": 1526697,
            "current_ratio": 208.08,
            "debt_ratio": 35.13,
            "inventory_turnover_ratio": 0.18,
            "account_receivable_turnover_ratio": 14.06,
            "reinvestment_rate": 31.76,
            "research_to_sale_ratio": 0.15,
            "price_fair": 44.82,
            "eps_avg_yearly": 1.42,
            "eps_latest_yearly": 0.2,
            "eps_growth_yearly": 21.61
        },
        "20173": {
            "year_quarter": 20173,
            "year": 2017,
            "quarter": 3,
            "eps": -0.19,
            "eps_growth_year": null,
            "eps_4q": -1.1,
            "eps_4q_growth_year": -259.5,
            "roe": -0.88,
            "roe_4q": -4.779999999999999,
            "gross_profit": 206928,
            "gross_margin": 57,
            "gross_margin_4q_avg": 56.26,
            "net_income": -13389,
            "revenue": 363004,
            "common_shares": 668000,
            "book_valuer_per_share": 22.65,
            "book_valuer_per_share_4q_avg": 23.36,
            "equity": 1513748,
            "current_ratio": 208.11,
            "debt_ratio": 35.25,
            "inventory_turnover_ratio": 0.17,
            "account_receivable_turnover_ratio": 13.05,
            "reinvestment_rate": 49.62,
            "research_to_sale_ratio": 0.14,
            "price_fair": 44.82,
            "eps_avg_yearly": 1.42,
            "eps_latest_yearly": 0.2,
            "eps_growth_yearly": 21.61
        },
        "20174": {
            "year_quarter": 20174,
            "year": 2017,
            "quarter": 4,
            "eps": 0.43,
            "eps_growth_year": 111.66,
            "eps_4q": -0.87,
            "eps_4q_growth_year": -487,
            "roe": 1.85,
            "roe_4q": -3.7699999999999996,
            "gross_profit": 284336,
            "gross_margin": 62.63,
            "gross_margin_4q_avg": 58.09,
            "net_income": 28502,
            "revenue": 453989,
            "common_shares": 668000,
            "book_valuer_per_share": 23.46,
            "book_valuer_per_share_4q_avg": 23.15,
            "equity": 1567511,
            "current_ratio": 230.83,
            "debt_ratio": 31.83,
            "inventory_turnover_ratio": 0.19,
            "account_receivable_turnover_ratio": 12.34,
            "reinvestment_rate": 49.46,
            "research_to_sale_ratio": 0.32,
            "price_fair": 44.82,
            "eps_avg_yearly": 1.42,
            "eps_latest_yearly": 0.2,
            "eps_growth_yearly": 21.61
        },
        "20181": {
            "year_quarter": 20181,
            "year": 2018,
            "quarter": 1,
            "eps": 0.17,
            "eps_growth_year": null,
            "eps_4q": -0.13,
            "eps_4q_growth_year": null,
            "roe": 0.71,
            "roe_4q": -0.6599999999999997,
            "gross_profit": 267645,
            "gross_margin": 61.15,
            "gross_margin_4q_avg": 59.41,
            "net_income": 11133,
            "revenue": 437699,
            "common_shares": 668000,
            "book_valuer_per_share": 23.63,
            "book_valuer_per_share_4q_avg": 23.14,
            "equity": 1578408,
            "current_ratio": 244.22,
            "debt_ratio": 30.91,
            "inventory_turnover_ratio": 0.19,
            "account_receivable_turnover_ratio": 12.2,
            "reinvestment_rate": 78.74,
            "research_to_sale_ratio": 0.24,
            "price_fair": 4.03,
            "eps_avg_yearly": 1.34,
            "eps_latest_yearly": 0.68,
            "eps_growth_yearly": -4.73
        },
        "20182": {
            "year_quarter": 20182,
            "year": 2018,
            "quarter": 2,
            "eps": 0.06,
            "eps_growth_year": null,
            "eps_4q": 0.48,
            "eps_4q_growth_year": null,
            "roe": 0.24,
            "roe_4q": 1.92,
            "gross_profit": 255322,
            "gross_margin": 62.16,
            "gross_margin_4q_avg": 60.74,
            "net_income": 3819,
            "revenue": 410721,
            "common_shares": 668000,
            "book_valuer_per_share": 23.43,
            "book_valuer_per_share_4q_avg": 23.29,
            "equity": 1564489,
            "current_ratio": 246.05,
            "debt_ratio": 31.51,
            "inventory_turnover_ratio": 0.18,
            "account_receivable_turnover_ratio": 12.64,
            "reinvestment_rate": 102.32,
            "research_to_sale_ratio": 0.25,
            "price_fair": 3.46,
            "eps_avg_yearly": 1.15,
            "eps_latest_yearly": 0.24,
            "eps_growth_yearly": -34.7
        },
        "20183": {
            "year_quarter": 20183,
            "year": 2018,
            "quarter": 3,
            "eps": -0.18,
            "eps_growth_year": null,
            "eps_4q": 0.49,
            "eps_4q_growth_year": null,
            "roe": -0.8,
            "roe_4q": 2,
            "gross_profit": 214475,
            "gross_margin": 57.1,
            "gross_margin_4q_avg": 60.76,
            "net_income": -12437,
            "revenue": 375583,
            "common_shares": 668000,
            "book_valuer_per_share": 23.23,
            "book_valuer_per_share_4q_avg": 23.44,
            "equity": 1551025,
            "current_ratio": 234.67,
            "debt_ratio": 32.49,
            "inventory_turnover_ratio": 0.18,
            "account_receivable_turnover_ratio": 9.93,
            "reinvestment_rate": 172.75,
            "research_to_sale_ratio": 0.35,
            "price_fair": 3.28,
            "eps_avg_yearly": 1.09,
            "eps_latest_yearly": 0.24,
            "eps_growth_yearly": -28.68
        },
        "20184": {
            "year_quarter": 20184,
            "year": 2018,
            "quarter": 4,
            "eps": 0.17,
            "eps_growth_year": -61.24,
            "eps_4q": 0.23,
            "eps_4q_growth_year": null,
            "roe": 0.72,
            "roe_4q": 0.8699999999999999,
            "gross_profit": 267065,
            "gross_margin": 65.65,
            "gross_margin_4q_avg": 61.52,
            "net_income": 11173,
            "revenue": 406786,
            "common_shares": 668000,
            "book_valuer_per_share": 23.49,
            "book_valuer_per_share_4q_avg": 23.45,
            "equity": 1567990,
            "current_ratio": 258.51,
            "debt_ratio": 28.68,
            "inventory_turnover_ratio": 0.16,
            "account_receivable_turnover_ratio": 9.5,
            "reinvestment_rate": 276.73,
            "research_to_sale_ratio": 0.66,
            "price_fair": 2.84,
            "eps_avg_yearly": 0.95,
            "eps_latest_yearly": 0.24,
            "eps_growth_yearly": -50.12
        },
        "20191": {
            "year_quarter": 20191,
            "year": 2019,
            "quarter": 1,
            "eps": 0,
            "eps_growth_year": -100,
            "eps_4q": 0.05,
            "eps_4q_growth_year": null,
            "roe": -0.01,
            "roe_4q": 0.1499999999999999,
            "gross_profit": 239931,
            "gross_margin": 58.79,
            "gross_margin_4q_avg": 60.93,
            "net_income": -178,
            "revenue": 408122,
            "common_shares": 668000,
            "book_valuer_per_share": 23.5,
            "book_valuer_per_share_4q_avg": 23.41,
            "equity": 1568587,
            "current_ratio": 197.96,
            "debt_ratio": 43.14,
            "inventory_turnover_ratio": 0.2,
            "account_receivable_turnover_ratio": 9.35,
            "reinvestment_rate": 406.82,
            "research_to_sale_ratio": 0.46,
            "price_fair": 2.78,
            "eps_avg_yearly": 0.93,
            "eps_latest_yearly": 0.24,
            "eps_growth_yearly": -27.2
        },
        "20192": {
            "year_quarter": 20192,
            "year": 2019,
            "quarter": 2,
            "eps": -0.31,
            "eps_growth_year": -616.67,
            "eps_4q": -0.32,
            "eps_4q_growth_year": -167.31,
            "roe": -1.36,
            "roe_4q": -1.4500000000000002,
            "gross_profit": 220502,
            "gross_margin": 60.84,
            "gross_margin_4q_avg": 60.6,
            "net_income": -20978,
            "revenue": 362439,
            "common_shares": 668000,
            "book_valuer_per_share": 22.76,
            "book_valuer_per_share_4q_avg": 23.25,
            "equity": 1518677,
            "current_ratio": 184.71,
            "debt_ratio": 44.1,
            "inventory_turnover_ratio": 0.17,
            "account_receivable_turnover_ratio": 9.05,
            "reinvestment_rate": 2261.13,
            "research_to_sale_ratio": 0.8,
            "price_fair": 2.72,
            "eps_avg_yearly": 0.91,
            "eps_latest_yearly": 0.24,
            "eps_growth_yearly": -29.27
        },
        "20193": {
            "year_quarter": 20193,
            "year": 2019,
            "quarter": 3,
            "eps": -0.37,
            "eps_growth_year": null,
            "eps_4q": -0.52,
            "eps_4q_growth_year": -205.57,
            "roe": -1.67,
            "roe_4q": -2.3200000000000003,
            "gross_profit": 206812,
            "gross_margin": 56.06,
            "gross_margin_4q_avg": 60.34,
            "net_income": -25179,
            "revenue": 368921,
            "common_shares": 668000,
            "book_valuer_per_share": 22.37,
            "book_valuer_per_share_4q_avg": 23.03,
            "equity": 1492492,
            "current_ratio": 173.44,
            "debt_ratio": 45.78,
            "inventory_turnover_ratio": 0.18,
            "account_receivable_turnover_ratio": 8.03,
            "reinvestment_rate": null,
            "research_to_sale_ratio": 0.51,
            "price_fair": 2.81,
            "eps_avg_yearly": 0.94,
            "eps_latest_yearly": 0.24,
            "eps_growth_yearly": -13.58
        },
        "20194": {
            "year_quarter": 20194,
            "year": 2019,
            "quarter": 4,
            "eps": -0.11,
            "eps_growth_year": -165.61,
            "eps_4q": -0.79,
            "eps_4q_growth_year": -452.89,
            "roe": -0.5,
            "roe_4q": -3.54,
            "gross_profit": 237907,
            "gross_margin": 53.95,
            "gross_margin_4q_avg": 57.41,
            "net_income": -7454,
            "revenue": 440981,
            "common_shares": 668000,
            "book_valuer_per_share": 22.27,
            "book_valuer_per_share_4q_avg": 22.73,
            "equity": 1486477,
            "current_ratio": 178.3,
            "debt_ratio": 44.44,
            "inventory_turnover_ratio": 0.24,
            "account_receivable_turnover_ratio": 7.58,
            "reinvestment_rate": null,
            "research_to_sale_ratio": 0.61,
            "price_fair": 1.5,
            "eps_avg_yearly": 0.5,
            "eps_latest_yearly": 0.24,
            "eps_growth_yearly": -269.61
        },
        "20201": {
            "year_quarter": 20201,
            "year": 2020,
            "quarter": 1,
            "eps": -1.01,
            "eps_growth_year": null,
            "eps_4q": -1.81,
            "eps_4q_growth_year": -3505.02,
            "roe": -4.67,
            "roe_4q": -8.2,
            "gross_profit": 167273,
            "gross_margin": 52.65,
            "gross_margin_4q_avg": 55.88,
            "net_income": -67820,
            "revenue": 317736,
            "common_shares": 668000,
            "book_valuer_per_share": 21.28,
            "book_valuer_per_share_4q_avg": 22.17,
            "equity": 1420468,
            "current_ratio": 175.69,
            "debt_ratio": 44.38,
            "inventory_turnover_ratio": 0.19,
            "account_receivable_turnover_ratio": 7.17,
            "reinvestment_rate": null,
            "research_to_sale_ratio": 1.2,
            "price_fair": 1.12,
            "eps_avg_yearly": 0.37,
            "eps_latest_yearly": 0.24,
            "eps_growth_yearly": -269.92
        },
        "20202": {
            "year_quarter": 20202,
            "year": 2020,
            "quarter": 2,
            "eps": -0.44,
            "eps_growth_year": null,
            "eps_4q": -1.94,
            "eps_4q_growth_year": null,
            "roe": -2.1,
            "roe_4q": -8.94,
            "gross_profit": 145009,
            "gross_margin": 46.37,
            "gross_margin_4q_avg": 52.26,
            "net_income": -29388,
            "revenue": 312712,
            "common_shares": 668000,
            "book_valuer_per_share": 20.68,
            "book_valuer_per_share_4q_avg": 21.65,
            "equity": 1380114,
            "current_ratio": 170.21,
            "debt_ratio": 44.14,
            "inventory_turnover_ratio": 0.23,
            "account_receivable_turnover_ratio": 11.75,
            "reinvestment_rate": null,
            "research_to_sale_ratio": 1.19,
            "price_fair": 1.38,
            "eps_avg_yearly": 0.46,
            "eps_latest_yearly": 0.24,
            "eps_growth_yearly": -250.34
        },
        "20203": {
            "year_quarter": 20203,
            "year": 2020,
            "quarter": 3,
            "eps": -0.71,
            "eps_growth_year": null,
            "eps_4q": -2.27,
            "eps_4q_growth_year": null,
            "roe": -3.49,
            "roe_4q": -10.76,
            "gross_profit": 156502,
            "gross_margin": 45.91,
            "gross_margin_4q_avg": 49.72,
            "net_income": -47315,
            "revenue": 340874,
            "common_shares": 668000,
            "book_valuer_per_share": 19.97,
            "book_valuer_per_share_4q_avg": 21.05,
            "equity": 1332831,
            "current_ratio": 163.6,
            "debt_ratio": 44.92,
            "inventory_turnover_ratio": 0.27,
            "account_receivable_turnover_ratio": 9.98,
            "reinvestment_rate": null,
            "research_to_sale_ratio": 0.95,
            "price_fair": 1.38,
            "eps_avg_yearly": 0.46,
            "eps_latest_yearly": 0.24,
            "eps_growth_yearly": -250.34
        },
        "20204": {
            "year_quarter": 20204,
            "year": 2020,
            "quarter": 4,
            "eps": -0.65,
            "eps_growth_year": null,
            "eps_4q": -2.81,
            "eps_4q_growth_year": null,
            "roe": -3.3,
            "roe_4q": -13.56,
            "gross_profit": 158353,
            "gross_margin": 40.03,
            "gross_margin_4q_avg": 46.24,
            "net_income": -43233,
            "revenue": 395594,
            "common_shares": 668000,
            "book_valuer_per_share": 19.33,
            "book_valuer_per_share_4q_avg": 20.32,
            "equity": 1289868,
            "current_ratio": 160.83,
            "debt_ratio": 44.96,
            "inventory_turnover_ratio": 0.37,
            "account_receivable_turnover_ratio": 7.9,
            "reinvestment_rate": null,
            "research_to_sale_ratio": 1,
            "price_fair": 1.38,
            "eps_avg_yearly": 0.46,
            "eps_latest_yearly": 0.24,
            "eps_growth_yearly": -250.34
        },
        "20211": {
            "year_quarter": 20211,
            "year": 2021,
            "quarter": 1,
            "eps": -0.72,
            "eps_growth_year": null,
            "eps_4q": -2.52,
            "eps_4q_growth_year": null,
            "roe": -3.83,
            "roe_4q": -12.72,
            "gross_profit": 153978,
            "gross_margin": 50.07,
            "gross_margin_4q_avg": 45.6,
            "net_income": -48337,
            "revenue": 307528,
            "common_shares": 668000,
            "book_valuer_per_share": 18.45,
            "book_valuer_per_share_4q_avg": 19.61,
            "equity": 1231397,
            "current_ratio": 150.39,
            "debt_ratio": 46.99,
            "inventory_turnover_ratio": 0.26,
            "account_receivable_turnover_ratio": 5.92,
            "reinvestment_rate": null,
            "research_to_sale_ratio": 1.24,
            "price_fair": 1.38,
            "eps_avg_yearly": 0.46,
            "eps_latest_yearly": 0.24,
            "eps_growth_yearly": -250.34
        },
        "20212": {
            "year_quarter": 20212,
            "year": 2021,
            "quarter": 2,
            "eps": -1.34,
            "eps_growth_year": null,
            "eps_4q": -3.42,
            "eps_4q_growth_year": null,
            "roe": -7.53,
            "roe_4q": -18.15,
            "gross_profit": 80907,
            "gross_margin": 38.82,
            "gross_margin_4q_avg": 43.71,
            "net_income": -89344,
            "revenue": 208437,
            "common_shares": 668000,
            "book_valuer_per_share": 17.1,
            "book_valuer_per_share_4q_avg": 18.71,
            "equity": 1141271,
            "current_ratio": 145.98,
            "debt_ratio": 47.46,
            "inventory_turnover_ratio": 0.21,
            "account_receivable_turnover_ratio": 6.08,
            "reinvestment_rate": null,
            "research_to_sale_ratio": 1.47,
            "price_fair": 1.38,
            "eps_avg_yearly": 0.46,
            "eps_latest_yearly": 0.24,
            "eps_growth_yearly": -250.34
        },
        "20213": {
            "year_quarter": 20213,
            "year": 2021,
            "quarter": 3,
            "eps": -1.19,
            "eps_growth_year": null,
            "eps_4q": -3.9,
            "eps_4q_growth_year": null,
            "roe": -7.24,
            "roe_4q": -21.900000000000002,
            "gross_profit": 97537,
            "gross_margin": 42.9,
            "gross_margin_4q_avg": 42.96,
            "net_income": -79728,
            "revenue": 227372,
            "common_shares": 668000,
            "book_valuer_per_share": 15.89,
            "book_valuer_per_share_4q_avg": 17.69,
            "equity": 1061513,
            "current_ratio": 138.66,
            "debt_ratio": 47.85,
            "inventory_turnover_ratio": 0.22,
            "account_receivable_turnover_ratio": 8.69,
            "reinvestment_rate": null,
            "research_to_sale_ratio": 1.9,
            "price_fair": 1.38,
            "eps_avg_yearly": 0.46,
            "eps_latest_yearly": 0.24,
            "eps_growth_yearly": -250.34
        },
        "20214": {
            "year_quarter": 20214,
            "year": 2021,
            "quarter": 4,
            "eps": -0.65,
            "eps_growth_year": null,
            "eps_4q": -3.9,
            "eps_4q_growth_year": null,
            "roe": -4.16,
            "roe_4q": -22.759999999999998,
            "gross_profit": 159678,
            "gross_margin": 46.82,
            "gross_margin_4q_avg": 44.65,
            "net_income": -43274,
            "revenue": 341036,
            "common_shares": 668000,
            "book_valuer_per_share": 15.24,
            "book_valuer_per_share_4q_avg": 16.67,
            "equity": 1018280,
            "current_ratio": 137.31,
            "debt_ratio": 48.51,
            "inventory_turnover_ratio": 0.31,
            "account_receivable_turnover_ratio": 9.08,
            "reinvestment_rate": null,
            "research_to_sale_ratio": 0.91,
            "price_fair": 1.38,
            "eps_avg_yearly": 0.46,
            "eps_latest_yearly": 0.24,
            "eps_growth_yearly": -250.34
        },
        "20221": {
            "year_quarter": 20221,
            "year": 2022,
            "quarter": 1,
            "eps": 0.02,
            "eps_growth_year": null,
            "eps_4q": -3.16,
            "eps_4q_growth_year": null,
            "roe": 0.1,
            "roe_4q": -18.830000000000002,
            "gross_profit": 172029,
            "gross_margin": 49.1,
            "gross_margin_4q_avg": 44.41,
            "net_income": 1038,
            "revenue": 350331,
            "common_shares": 668000,
            "book_valuer_per_share": 15.3,
            "book_valuer_per_share_4q_avg": 15.88,
            "equity": 1022159,
            "current_ratio": 142.93,
            "debt_ratio": 46.51,
            "inventory_turnover_ratio": 0.32,
            "account_receivable_turnover_ratio": 7.27,
            "reinvestment_rate": null,
            "research_to_sale_ratio": 0.78,
            "price_fair": 0.72,
            "eps_avg_yearly": 0.24,
            "eps_latest_yearly": 0.24,
            "eps_growth_yearly": -258.82
        },
        "20222": {
            "year_quarter": 20222,
            "year": 2022,
            "quarter": 2,
            "eps": -1.23,
            "eps_growth_year": null,
            "eps_4q": -3.05,
            "eps_4q_growth_year": null,
            "roe": -8.35,
            "roe_4q": -19.65,
            "gross_profit": 106114,
            "gross_margin": 37.62,
            "gross_margin_4q_avg": 44.11,
            "net_income": -81990,
            "revenue": 282101,
            "common_shares": 668000,
            "book_valuer_per_share": 14.1,
            "book_valuer_per_share_4q_avg": 15.13,
            "equity": 942005,
            "current_ratio": 135.49,
            "debt_ratio": 48.68,
            "inventory_turnover_ratio": 0.32,
            "account_receivable_turnover_ratio": 6.85,
            "reinvestment_rate": null,
            "research_to_sale_ratio": 1,
            "price_fair": 0,
            "eps_avg_yearly": 0,
            "eps_latest_yearly": 0,
            "eps_growth_yearly": 0
        },
        "20223": {
            "year_quarter": 20223,
            "year": 2022,
            "quarter": 3,
            "eps": -0.9,
            "eps_growth_year": null,
            "eps_4q": -2.76,
            "eps_4q_growth_year": null,
            "roe": -6.61,
            "roe_4q": -19.020000000000003,
            "gross_profit": 143376,
            "gross_margin": 48.92,
            "gross_margin_4q_avg": 45.62,
            "net_income": -60365,
            "revenue": 293054,
            "common_shares": 668000,
            "book_valuer_per_share": 13.25,
            "book_valuer_per_share_4q_avg": 14.47,
            "equity": 885116,
            "current_ratio": 139.72,
            "debt_ratio": 51.15,
            "inventory_turnover_ratio": 0.26,
            "account_receivable_turnover_ratio": 9.63,
            "reinvestment_rate": null,
            "research_to_sale_ratio": 1.07,
            "price_fair": 0,
            "eps_avg_yearly": 0,
            "eps_latest_yearly": 0,
            "eps_growth_yearly": 0
        },
        "20224": {
            "year_quarter": 20224,
            "year": 2022,
            "quarter": 4,
            "eps": -1.04,
            "eps_growth_year": null,
            "eps_4q": -3.15,
            "eps_4q_growth_year": null,
            "roe": -8.15,
            "roe_4q": -23.009999999999998,
            "gross_profit": 156570,
            "gross_margin": 49.61,
            "gross_margin_4q_avg": 46.31,
            "net_income": -69315,
            "revenue": 315587,
            "common_shares": 668000,
            "book_valuer_per_share": 12.2,
            "book_valuer_per_share_4q_avg": 13.71,
            "equity": 814910,
            "current_ratio": 128.4,
            "debt_ratio": 53.38,
            "inventory_turnover_ratio": 0.27,
            "account_receivable_turnover_ratio": 11.91,
            "reinvestment_rate": null,
            "research_to_sale_ratio": 0.84,
            "price_fair": 0,
            "eps_avg_yearly": 0,
            "eps_latest_yearly": 0,
            "eps_growth_yearly": 0
        },
        "20231": {
            "year_quarter": 20231,
            "year": 2023,
            "quarter": 1,
            "eps": 0.02,
            "eps_growth_year": 0,
            "eps_4q": -3.15,
            "eps_4q_growth_year": null,
            "roe": 0.19,
            "roe_4q": -22.92,
            "gross_profit": 164491,
            "gross_margin": 54.9,
            "gross_margin_4q_avg": 47.76,
            "net_income": 1522,
            "revenue": 299611,
            "common_shares": 668000,
            "book_valuer_per_share": 12.22,
            "book_valuer_per_share_4q_avg": 12.94,
            "equity": 816189,
            "current_ratio": 134.28,
            "debt_ratio": 51.39,
            "inventory_turnover_ratio": 0.24,
            "account_receivable_turnover_ratio": 13.8,
            "reinvestment_rate": null,
            "research_to_sale_ratio": 0.94,
            "price_fair": 0,
            "eps_avg_yearly": 0,
            "eps_latest_yearly": 0,
            "eps_growth_yearly": 0
        }
    },
    "months": {
        "2012-09": {
            "month": "2012-09",
            "price": "89.33",
            "revenue": 283848
        },
        "2012-10": {
            "month": "2012-10",
            "price": "78.80",
            "revenue": 303041
        },
        "2012-11": {
            "month": "2012-11",
            "price": "79.69",
            "revenue": 212895
        },
        "2012-12": {
            "month": "2012-12",
            "price": "72.57",
            "revenue": 256296
        },
        "2013-01": {
            "month": "2013-01",
            "price": "62.50",
            "revenue": 289598
        },
        "2013-02": {
            "month": "2013-02",
            "price": "61.13",
            "revenue": 385726
        },
        "2013-03": {
            "month": "2013-03",
            "price": "55.38",
            "revenue": 240635
        },
        "2013-04": {
            "month": "2013-04",
            "price": "52.03",
            "revenue": 240467
        },
        "2013-05": {
            "month": "2013-05",
            "price": "46.54",
            "revenue": 293917
        },
        "2013-06": {
            "month": "2013-06",
            "price": "43.62",
            "revenue": 221321
        },
        "2013-07": {
            "month": "2013-07",
            "price": "43.70",
            "revenue": 254208
        },
        "2013-08": {
            "month": "2013-08",
            "price": "44.18",
            "revenue": 320923
        },
        "2013-09": {
            "month": "2013-09",
            "price": "39.71",
            "revenue": 239010
        },
        "2013-10": {
            "month": "2013-10",
            "price": "40.06",
            "revenue": 249584
        },
        "2013-11": {
            "month": "2013-11",
            "price": "37.73",
            "revenue": 256762
        },
        "2013-12": {
            "month": "2013-12",
            "price": "37.47",
            "revenue": 252115
        },
        "2014-01": {
            "month": "2014-01",
            "price": "40.82",
            "revenue": 369829
        },
        "2014-02": {
            "month": "2014-02",
            "price": "39.74",
            "revenue": 250278
        },
        "2014-03": {
            "month": "2014-03",
            "price": "41.98",
            "revenue": 227463
        },
        "2014-04": {
            "month": "2014-04",
            "price": "48.25",
            "revenue": 210263
        },
        "2014-05": {
            "month": "2014-05",
            "price": "50.67",
            "revenue": 236725
        },
        "2014-06": {
            "month": "2014-06",
            "price": "52.16",
            "revenue": 166624
        },
        "2014-07": {
            "month": "2014-07",
            "price": "51.67",
            "revenue": 178015
        },
        "2014-08": {
            "month": "2014-08",
            "price": "48.68",
            "revenue": 198964
        },
        "2014-09": {
            "month": "2014-09",
            "price": "46.87",
            "revenue": 258944
        },
        "2014-10": {
            "month": "2014-10",
            "price": "38.07",
            "revenue": 170903
        },
        "2014-11": {
            "month": "2014-11",
            "price": "35.48",
            "revenue": 177175
        },
        "2014-12": {
            "month": "2014-12",
            "price": "36.12",
            "revenue": 198147
        },
        "2015-01": {
            "month": "2015-01",
            "price": "38.15",
            "revenue": 190561
        },
        "2015-02": {
            "month": "2015-02",
            "price": "36.89",
            "revenue": 217038
        },
        "2015-03": {
            "month": "2015-03",
            "price": "35.43",
            "revenue": 173943
        },
        "2015-04": {
            "month": "2015-04",
            "price": "36.00",
            "revenue": 182478
        },
        "2015-05": {
            "month": "2015-05",
            "price": "32.12",
            "revenue": 207720
        },
        "2015-06": {
            "month": "2015-06",
            "price": "27.91",
            "revenue": 146623
        },
        "2015-07": {
            "month": "2015-07",
            "price": "25.03",
            "revenue": 150778
        },
        "2015-08": {
            "month": "2015-08",
            "price": "22.10",
            "revenue": 171323
        },
        "2015-09": {
            "month": "2015-09",
            "price": "21.58",
            "revenue": 193949
        },
        "2015-10": {
            "month": "2015-10",
            "price": "23.24",
            "revenue": 262851
        },
        "2015-11": {
            "month": "2015-11",
            "price": "23.32",
            "revenue": 174197
        },
        "2015-12": {
            "month": "2015-12",
            "price": "21.94",
            "revenue": 157389
        },
        "2016-01": {
            "month": "2016-01",
            "price": "20.66",
            "revenue": 179506
        },
        "2016-02": {
            "month": "2016-02",
            "price": "20.89",
            "revenue": 190399
        },
        "2016-03": {
            "month": "2016-03",
            "price": "21.93",
            "revenue": 137083
        },
        "2016-04": {
            "month": "2016-04",
            "price": "22.01",
            "revenue": 182559
        },
        "2016-05": {
            "month": "2016-05",
            "price": "21.68",
            "revenue": 183669
        },
        "2016-06": {
            "month": "2016-06",
            "price": "21.48",
            "revenue": 124849
        },
        "2016-07": {
            "month": "2016-07",
            "price": "21.49",
            "revenue": 147259
        },
        "2016-08": {
            "month": "2016-08",
            "price": "20.40",
            "revenue": 167527
        },
        "2016-09": {
            "month": "2016-09",
            "price": "19.94",
            "revenue": 149145
        },
        "2016-10": {
            "month": "2016-10",
            "price": "19.24",
            "revenue": 168088
        },
        "2016-11": {
            "month": "2016-11",
            "price": "18.37",
            "revenue": 128569
        },
        "2016-12": {
            "month": "2016-12",
            "price": "17.95",
            "revenue": 159700
        },
        "2017-01": {
            "month": "2017-01",
            "price": "17.71",
            "revenue": 180087
        },
        "2017-02": {
            "month": "2017-02",
            "price": "18.06",
            "revenue": 122215
        },
        "2017-03": {
            "month": "2017-03",
            "price": "17.48",
            "revenue": 122071
        },
        "2017-04": {
            "month": "2017-04",
            "price": "16.53",
            "revenue": 127807
        },
        "2017-05": {
            "month": "2017-05",
            "price": "15.53",
            "revenue": 141593
        },
        "2017-06": {
            "month": "2017-06",
            "price": "15.32",
            "revenue": 102011
        },
        "2017-07": {
            "month": "2017-07",
            "price": "15.10",
            "revenue": 114037
        },
        "2017-08": {
            "month": "2017-08",
            "price": "13.95",
            "revenue": 123253
        },
        "2017-09": {
            "month": "2017-09",
            "price": "14.15",
            "revenue": 125644
        },
        "2017-10": {
            "month": "2017-10",
            "price": "14.00",
            "revenue": 154678
        },
        "2017-11": {
            "month": "2017-11",
            "price": "13.82",
            "revenue": 139659
        },
        "2017-12": {
            "month": "2017-12",
            "price": "13.63",
            "revenue": 157093
        },
        "2018-01": {
            "month": "2018-01",
            "price": "14.05",
            "revenue": 139237
        },
        "2018-02": {
            "month": "2018-02",
            "price": "13.52",
            "revenue": 160469
        },
        "2018-03": {
            "month": "2018-03",
            "price": "13.83",
            "revenue": 136519
        },
        "2018-04": {
            "month": "2018-04",
            "price": "15.14",
            "revenue": 127866
        },
        "2018-05": {
            "month": "2018-05",
            "price": "14.72",
            "revenue": 163511
        },
        "2018-06": {
            "month": "2018-06",
            "price": "14.79",
            "revenue": 119297
        },
        "2018-07": {
            "month": "2018-07",
            "price": "14.08",
            "revenue": 119963
        },
        "2018-08": {
            "month": "2018-08",
            "price": "14.01",
            "revenue": 132223
        },
        "2018-09": {
            "month": "2018-09",
            "price": "13.72",
            "revenue": 125692
        },
        "2018-10": {
            "month": "2018-10",
            "price": "12.81",
            "revenue": 143857
        },
        "2018-11": {
            "month": "2018-11",
            "price": "12.03",
            "revenue": 119141
        },
        "2018-12": {
            "month": "2018-12",
            "price": "12.12",
            "revenue": 142325
        },
        "2019-01": {
            "month": "2019-01",
            "price": "11.90",
            "revenue": 150217
        },
        "2019-02": {
            "month": "2019-02",
            "price": "12.07",
            "revenue": 139616
        },
        "2019-03": {
            "month": "2019-03",
            "price": "11.99",
            "revenue": 115334
        },
        "2019-04": {
            "month": "2019-04",
            "price": "12.21",
            "revenue": 110823
        },
        "2019-05": {
            "month": "2019-05",
            "price": "11.99",
            "revenue": 138131
        },
        "2019-06": {
            "month": "2019-06",
            "price": "11.92",
            "revenue": 117008
        },
        "2019-07": {
            "month": "2019-07",
            "price": "12.30",
            "revenue": 117225
        },
        "2019-08": {
            "month": "2019-08",
            "price": "11.34",
            "revenue": 124210
        },
        "2019-09": {
            "month": "2019-09",
            "price": "11.34",
            "revenue": 128055
        },
        "2019-10": {
            "month": "2019-10",
            "price": "11.19",
            "revenue": 137724
        },
        "2019-11": {
            "month": "2019-11",
            "price": "11.27",
            "revenue": 147350
        },
        "2019-12": {
            "month": "2019-12",
            "price": "11.09",
            "revenue": 154381
        },
        "2020-01": {
            "month": "2020-01",
            "price": "11.17",
            "revenue": 147000
        },
        "2020-02": {
            "month": "2020-02",
            "price": "10.73",
            "revenue": 88942
        },
        "2020-03": {
            "month": "2020-03",
            "price": "9.11",
            "revenue": 81917
        },
        "2020-04": {
            "month": "2020-04",
            "price": "8.45",
            "revenue": 69956
        },
        "2020-05": {
            "month": "2020-05",
            "price": "8.62",
            "revenue": 131618
        },
        "2020-06": {
            "month": "2020-06",
            "price": "9.42",
            "revenue": 106612
        },
        "2020-07": {
            "month": "2020-07",
            "price": "9.97",
            "revenue": 108790
        },
        "2020-08": {
            "month": "2020-08",
            "price": "9.90",
            "revenue": 124394
        },
        "2020-09": {
            "month": "2020-09",
            "price": "10.16",
            "revenue": 107260
        },
        "2020-10": {
            "month": "2020-10",
            "price": "10.86",
            "revenue": 109754
        },
        "2020-11": {
            "month": "2020-11",
            "price": "10.32",
            "revenue": 122335
        },
        "2020-12": {
            "month": "2020-12",
            "price": "11.42",
            "revenue": 162529
        },
        "2021-01": {
            "month": "2021-01",
            "price": "11.49",
            "revenue": 101710
        },
        "2021-02": {
            "month": "2021-02",
            "price": "10.92",
            "revenue": 115956
        },
        "2021-03": {
            "month": "2021-03",
            "price": "11.70",
            "revenue": 90983
        },
        "2021-04": {
            "month": "2021-04",
            "price": "12.28",
            "revenue": 98941
        },
        "2021-05": {
            "month": "2021-05",
            "price": "11.54",
            "revenue": 61858
        },
        "2021-06": {
            "month": "2021-06",
            "price": "11.53",
            "revenue": 48703
        },
        "2021-07": {
            "month": "2021-07",
            "price": "11.62",
            "revenue": 59301
        },
        "2021-08": {
            "month": "2021-08",
            "price": "11.21",
            "revenue": 89158
        },
        "2021-09": {
            "month": "2021-09",
            "price": "11.35",
            "revenue": 80826
        },
        "2021-10": {
            "month": "2021-10",
            "price": "11.69",
            "revenue": 100299
        },
        "2021-11": {
            "month": "2021-11",
            "price": "12.10",
            "revenue": 121351
        },
        "2021-12": {
            "month": "2021-12",
            "price": "11.95",
            "revenue": 118244
        },
        "2022-01": {
            "month": "2022-01",
            "price": "11.95",
            "revenue": 130321
        },
        "2022-02": {
            "month": "2022-02",
            "price": "11.84",
            "revenue": 111424
        },
        "2022-03": {
            "month": "2022-03",
            "price": "11.62",
            "revenue": 109263
        },
        "2022-04": {
            "month": "2022-04",
            "price": "11.55",
            "revenue": 97352
        },
        "2022-05": {
            "month": "2022-05",
            "price": "11.23",
            "revenue": 88157
        },
        "2022-06": {
            "month": "2022-06",
            "price": "11.32",
            "revenue": 96812
        },
        "2022-07": {
            "month": "2022-07",
            "price": "11.50",
            "revenue": 100263
        },
        "2022-08": {
            "month": "2022-08",
            "price": "11.83",
            "revenue": 106806
        },
        "2022-09": {
            "month": "2022-09",
            "price": "11.22",
            "revenue": 86843
        },
        "2022-10": {
            "month": "2022-10",
            "price": "10.94",
            "revenue": 90258
        },
        "2022-11": {
            "month": "2022-11",
            "price": "11.11",
            "revenue": 108105
        },
        "2022-12": {
            "month": "2022-12",
            "price": "11.02",
            "revenue": 114823
        },
        "2023-01": {
            "month": "2023-01",
            "price": "10.98",
            "revenue": 126756
        },
        "2023-02": {
            "month": "2023-02",
            "price": "11.33",
            "revenue": 88130
        },
        "2023-03": {
            "month": "2023-03",
            "price": "11.46",
            "revenue": 84725
        },
        "2023-04": {
            "month": "2023-04",
            "price": "11.56",
            "revenue": 90145
        },
        "2023-05": {
            "month": "2023-05",
            "price": "11.83",
            "revenue": 118698
        }
    }
}
