{
    "summary": {
        "stock_name": "綠河-KY",
        "stock_id": "8444",
        "category": "其他",
        "main_business": "塑合板與實木板材之專業製造及銷售。",
        "website_url": "http://www.greenriverholding.com",
        "ceo": "黃登士",
        "pe_ratio": -6,
        "report_year_from": 2011,
        "report_year_to": 2023,
        "age": 12,
        "eps_negative_percentage": 44,
        "eps_growth_avg": {
            "last_all": 0.49,
            "last_2y": -100,
            "last_4y": -100,
            "last_8y": null,
            "last_12y": null,
            "last_16y": null,
            "last_20y": null,
            "at_2006_last_3y": null,
            "at_2007_last_3y": null,
            "at_2008_last_3y": null,
            "at_2009_last_3y": null,
            "at_2010_last_3y": null,
            "at_2011_last_3y": null,
            "at_2012_last_3y": null,
            "at_2013_last_3y": null,
            "at_2014_last_3y": null,
            "at_2015_last_3y": null,
            "at_2016_last_3y": null,
            "at_2017_last_3y": null,
            "at_2018_last_3y": 25.61,
            "at_2019_last_3y": 0.81,
            "at_2020_last_3y": -33.5,
            "at_2021_last_3y": -100,
            "at_2022_last_3y": -100,
            "at_2023_last_3y": -100,
            "at_2006_last_all": null,
            "at_2007_last_all": null,
            "at_2008_last_all": null,
            "at_2009_last_all": null,
            "at_2010_last_all": null,
            "at_2011_last_all": null,
            "at_2012_last_all": null,
            "at_2013_last_all": null,
            "at_2014_last_all": null,
            "at_2015_last_all": null,
            "at_2016_last_all": 84.72,
            "at_2017_last_all": 67.48,
            "at_2018_last_all": 25.61,
            "at_2019_last_all": 25.61,
            "at_2020_last_all": 25.61,
            "at_2021_last_all": 25.61,
            "at_2022_last_all": 0.49,
            "at_2023_last_all": 0.49
        },
        "latest_eps": -9.68,
        "latest_price": 54,
        "latest_roe": -46.33,
        "latest_gross_margin": 2.73,
        "latest_equity": 1534989,
        "latest_revenue": 1082060,
        "latest_gross_profit": 29526,
        "latest_net_income": -153817,
        "latest_debt_ratio": 81.83,
        "latest_current_ratio": 75.4,
        "latest_account_receivable_turnover_ratio": 5.89,
        "latest_inventory_turnover_ratio": 1.82,
        "latest_reinvestment_rate": null,
        "latest_research_to_sale_ratio": null
    },
    "eps_dividends": {
        "2001": {
            "cash": 0,
            "stock": 0,
            "eps": 0
        },
        "2002": {
            "cash": 0,
            "stock": 0,
            "eps": 0
        },
        "2003": {
            "cash": 0,
            "stock": 0,
            "eps": 0
        },
        "2004": {
            "cash": 0,
            "stock": 0,
            "eps": 0
        },
        "2005": {
            "cash": 0,
            "stock": 0,
            "eps": 0
        },
        "2006": {
            "cash": 0,
            "stock": 0,
            "eps": 0
        },
        "2007": {
            "cash": 0,
            "stock": 0,
            "eps": 0
        },
        "2008": {
            "cash": 0,
            "stock": 0,
            "eps": 0
        },
        "2009": {
            "cash": 0,
            "stock": 0,
            "eps": 0
        },
        "2010": {
            "cash": 0,
            "stock": 0,
            "eps": 0
        },
        "2011": {
            "cash": 0,
            "stock": 0,
            "eps": 0
        },
        "2012": {
            "cash": 0,
            "stock": 0,
            "eps": 0
        },
        "2013": {
            "cash": 0,
            "stock": 0,
            "eps": 0
        },
        "2014": {
            "cash": 0,
            "stock": 0,
            "eps": 1.15
        },
        "2015": {
            "cash": 2,
            "stock": 0,
            "eps": 4.22
        },
        "2016": {
            "cash": 2,
            "stock": 0,
            "eps": 7.15
        },
        "2017": {
            "cash": 3,
            "stock": 0,
            "eps": 9.51
        },
        "2018": {
            "cash": 4,
            "stock": 0,
            "eps": -1.36
        },
        "2019": {
            "cash": 2,
            "stock": 0,
            "eps": -4.18
        },
        "2020": {
            "cash": 0,
            "stock": 2,
            "eps": -0.34
        },
        "2021": {
            "cash": 0,
            "stock": 0,
            "eps": 4.58
        },
        "2022": {
            "cash": 0,
            "stock": 0,
            "eps": -8.84
        },
        "2023": {
            "cash": 0,
            "stock": 0,
            "eps": -1.72
        }
    },
    "dividends": {
        "2013-06-29": {
            "cash": 0.48,
            "stock": 0
        },
        "2014-11-17": {
            "cash": 0.32,
            "stock": 0
        },
        "2015-08-12": {
            "cash": 2,
            "stock": 0
        },
        "2016-08-05": {
            "cash": 2.2,
            "stock": 0
        },
        "2017-08-04": {
            "cash": 3.1,
            "stock": 0.1
        },
        "2018-08-01": {
            "cash": 4.2,
            "stock": 0
        },
        "2019-08-21": {
            "cash": 2,
            "stock": 0
        },
        "2020-03-19": {
            "cash": 0,
            "stock": 1.5
        },
        "2022-10-06": {
            "cash": 0.3,
            "stock": 0
        }
    },
    "prices": {
        "200101": "無",
        "200102": "無",
        "200103": "無",
        "200104": "無",
        "200105": "無",
        "200106": "無",
        "200107": "無",
        "200108": "無",
        "200109": "無",
        "200110": "無",
        "200111": "無",
        "200112": "無",
        "200201": "無",
        "200202": "無",
        "200203": "無",
        "200204": "無",
        "200205": "無",
        "200206": "無",
        "200207": "無",
        "200208": "無",
        "200209": "無",
        "200210": "無",
        "200211": "無",
        "200212": "無",
        "200301": "無",
        "200302": "無",
        "200303": "無",
        "200304": "無",
        "200305": "無",
        "200306": "無",
        "200307": "無",
        "200308": "無",
        "200309": "無",
        "200310": "無",
        "200311": "無",
        "200312": "無",
        "200401": "無",
        "200402": "無",
        "200403": "無",
        "200404": "無",
        "200405": "無",
        "200406": "無",
        "200407": "無",
        "200408": "無",
        "200409": "無",
        "200410": "無",
        "200411": "無",
        "200412": "無",
        "200501": "無",
        "200502": "無",
        "200503": "無",
        "200504": "無",
        "200505": "無",
        "200506": "無",
        "200507": "無",
        "200508": "無",
        "200509": "無",
        "200510": "無",
        "200511": "無",
        "200512": "無",
        "200601": "無",
        "200602": "無",
        "200603": "無",
        "200604": "無",
        "200605": "無",
        "200606": "無",
        "200607": "無",
        "200608": "無",
        "200609": "無",
        "200610": "無",
        "200611": "無",
        "200612": "無",
        "200701": "無",
        "200702": "無",
        "200703": "無",
        "200704": "無",
        "200705": "無",
        "200706": "無",
        "200707": "無",
        "200708": "無",
        "200709": "無",
        "200710": "無",
        "200711": "無",
        "200712": "無",
        "200801": "無",
        "200802": "無",
        "200803": "無",
        "200804": "無",
        "200805": "無",
        "200806": "無",
        "200807": "無",
        "200808": "無",
        "200809": "無",
        "200810": "無",
        "200811": "無",
        "200812": "無",
        "200901": "無",
        "200902": "無",
        "200903": "無",
        "200904": "無",
        "200905": "無",
        "200906": "無",
        "200907": "無",
        "200908": "無",
        "200909": "無",
        "200910": "無",
        "200911": "無",
        "200912": "無",
        "201001": "無",
        "201002": "無",
        "201003": "無",
        "201004": "無",
        "201005": "無",
        "201006": "無",
        "201007": "無",
        "201008": "無",
        "201009": "無",
        "201010": "無",
        "201011": "無",
        "201012": "無",
        "201101": "無",
        "201102": "無",
        "201103": "無",
        "201104": "無",
        "201105": "無",
        "201106": "無",
        "201107": "無",
        "201108": "無",
        "201109": "無",
        "201110": "無",
        "201111": "無",
        "201112": "無",
        "201201": "無",
        "201202": "無",
        "201203": "無",
        "201204": "無",
        "201205": "無",
        "201206": "無",
        "201207": "無",
        "201208": "無",
        "201209": "無",
        "201210": "無",
        "201211": "無",
        "201212": "無",
        "201301": "無",
        "201302": "無",
        "201303": "無",
        "201304": "無",
        "201305": "無",
        "201306": "無",
        "201307": "23.45",
        "201308": "25.56",
        "201309": "26.30",
        "201310": "24.17",
        "201311": "23.28",
        "201312": "24.05",
        "201401": "25.16",
        "201402": "31.03",
        "201403": "37.85",
        "201404": "36.75",
        "201405": "31.01",
        "201406": "28.77",
        "201407": "30.74",
        "201408": "32.58",
        "201409": "35.22",
        "201410": "36.32",
        "201411": "34.36",
        "201412": "35.08",
        "201501": "42.44",
        "201502": "43.85",
        "201503": "52.02",
        "201504": "54.29",
        "201505": "54.74",
        "201506": "61.63",
        "201507": "66.10",
        "201508": "68.63",
        "201509": "78.97",
        "201510": "64.35",
        "201511": "67.06",
        "201512": "76.27",
        "201601": "72.20",
        "201602": "75.06",
        "201603": "75.76",
        "201604": "84.62",
        "201605": "93.61",
        "201606": "114.08",
        "201607": "152.22",
        "201608": "163.13",
        "201609": "190.37",
        "201610": "171.98",
        "201611": "174.66",
        "201612": "189.09",
        "201701": "193.22",
        "201702": "181.94",
        "201703": "179.83",
        "201704": "176.00",
        "201705": "173.78",
        "201706": "166.87",
        "201707": "163.21",
        "201708": "164.48",
        "201709": "155.25",
        "201710": "154.87",
        "201711": "151.98",
        "201712": "148.29",
        "201801": "152.11",
        "201802": "149.38",
        "201803": "150.35",
        "201804": "141.36",
        "201805": "133.66",
        "201806": "142.30",
        "201807": "133.02",
        "201808": "122.26",
        "201809": "120.11",
        "201810": "109.74",
        "201811": "104.82",
        "201812": "107.57",
        "201901": "100.65",
        "201902": "98.18",
        "201903": "89.14",
        "201904": "95.12",
        "201905": "101.73",
        "201906": "93.72",
        "201907": "93.52",
        "201908": "88.04",
        "201909": "85.54",
        "201910": "79.78",
        "201911": "64.62",
        "201912": "65.39",
        "202001": "62.23",
        "202002": "60.28",
        "202003": "50.62",
        "202004": "39.24",
        "202005": "46.34",
        "202006": "55.54",
        "202007": "66.88",
        "202008": "69.64",
        "202009": "65.24",
        "202010": "64.69",
        "202011": "68.26",
        "202012": "67.26",
        "202101": "66.02",
        "202102": "66.52",
        "202103": "72.18",
        "202104": "78.98",
        "202105": "80.13",
        "202106": "79.93",
        "202107": "77.68",
        "202108": "79.62",
        "202109": "83.49",
        "202110": "86.18",
        "202111": "119.91",
        "202112": "133.09",
        "202201": "118.31",
        "202202": "105.76",
        "202203": "99.10",
        "202204": "85.46",
        "202205": "65.31",
        "202206": "54.43",
        "202207": "48.74",
        "202208": "49.85",
        "202209": "43.60",
        "202210": "40.11",
        "202211": "40.33",
        "202212": "39.59",
        "202301": "38.76",
        "202302": "46.79",
        "202303": "48.98",
        "202304": "59.14",
        "202305": "55.00"
    },
    "quarters": {
        "20011": {
            "year_quarter": 20011,
            "year": 2001,
            "quarter": 1,
            "eps": null,
            "eps_growth_year": null,
            "eps_4q": null,
            "eps_4q_growth_year": null,
            "roe": null,
            "gross_profit": null,
            "gross_margin": null,
            "net_income": null,
            "revenue": null,
            "common_shares": null,
            "equity": null,
            "current_ratio": null,
            "debt_ratio": null,
            "inventory_turnover_ratio": null,
            "account_receivable_turnover_ratio": null,
            "reinvestment_rate": null,
            "research_to_sale_ratio": null,
            "price_fair": 0,
            "eps_avg_yearly": 0,
            "eps_latest_yearly": 0,
            "eps_growth_yearly": 0
        },
        "20012": {
            "year_quarter": 20012,
            "year": 2001,
            "quarter": 2,
            "eps": null,
            "eps_growth_year": null,
            "eps_4q": null,
            "eps_4q_growth_year": null,
            "roe": null,
            "gross_profit": null,
            "gross_margin": null,
            "net_income": null,
            "revenue": null,
            "common_shares": null,
            "equity": null,
            "current_ratio": null,
            "debt_ratio": null,
            "inventory_turnover_ratio": null,
            "account_receivable_turnover_ratio": null,
            "reinvestment_rate": null,
            "research_to_sale_ratio": null,
            "price_fair": 0,
            "eps_avg_yearly": 0,
            "eps_latest_yearly": 0,
            "eps_growth_yearly": 0
        },
        "20013": {
            "year_quarter": 20013,
            "year": 2001,
            "quarter": 3,
            "eps": null,
            "eps_growth_year": null,
            "eps_4q": null,
            "eps_4q_growth_year": null,
            "roe": null,
            "gross_profit": null,
            "gross_margin": null,
            "net_income": null,
            "revenue": null,
            "common_shares": null,
            "equity": null,
            "current_ratio": null,
            "debt_ratio": null,
            "inventory_turnover_ratio": null,
            "account_receivable_turnover_ratio": null,
            "reinvestment_rate": null,
            "research_to_sale_ratio": null,
            "price_fair": 0,
            "eps_avg_yearly": 0,
            "eps_latest_yearly": 0,
            "eps_growth_yearly": 0
        },
        "20014": {
            "year_quarter": 20014,
            "year": 2001,
            "quarter": 4,
            "eps": null,
            "eps_growth_year": null,
            "eps_4q": null,
            "eps_4q_growth_year": null,
            "roe": null,
            "gross_profit": null,
            "gross_margin": null,
            "net_income": null,
            "revenue": null,
            "common_shares": null,
            "equity": null,
            "current_ratio": null,
            "debt_ratio": null,
            "inventory_turnover_ratio": null,
            "account_receivable_turnover_ratio": null,
            "reinvestment_rate": null,
            "research_to_sale_ratio": null,
            "price_fair": 0,
            "eps_avg_yearly": 0,
            "eps_latest_yearly": 0,
            "eps_growth_yearly": 0
        },
        "20021": {
            "year_quarter": 20021,
            "year": 2002,
            "quarter": 1,
            "eps": null,
            "eps_growth_year": null,
            "eps_4q": null,
            "eps_4q_growth_year": null,
            "roe": null,
            "gross_profit": null,
            "gross_margin": null,
            "net_income": null,
            "revenue": null,
            "common_shares": null,
            "equity": null,
            "current_ratio": null,
            "debt_ratio": null,
            "inventory_turnover_ratio": null,
            "account_receivable_turnover_ratio": null,
            "reinvestment_rate": null,
            "research_to_sale_ratio": null,
            "price_fair": 0,
            "eps_avg_yearly": 0,
            "eps_latest_yearly": 0,
            "eps_growth_yearly": 0
        },
        "20022": {
            "year_quarter": 20022,
            "year": 2002,
            "quarter": 2,
            "eps": null,
            "eps_growth_year": null,
            "eps_4q": null,
            "eps_4q_growth_year": null,
            "roe": null,
            "gross_profit": null,
            "gross_margin": null,
            "net_income": null,
            "revenue": null,
            "common_shares": null,
            "equity": null,
            "current_ratio": null,
            "debt_ratio": null,
            "inventory_turnover_ratio": null,
            "account_receivable_turnover_ratio": null,
            "reinvestment_rate": null,
            "research_to_sale_ratio": null,
            "price_fair": 0,
            "eps_avg_yearly": 0,
            "eps_latest_yearly": 0,
            "eps_growth_yearly": 0
        },
        "20023": {
            "year_quarter": 20023,
            "year": 2002,
            "quarter": 3,
            "eps": null,
            "eps_growth_year": null,
            "eps_4q": null,
            "eps_4q_growth_year": null,
            "roe": null,
            "gross_profit": null,
            "gross_margin": null,
            "net_income": null,
            "revenue": null,
            "common_shares": null,
            "equity": null,
            "current_ratio": null,
            "debt_ratio": null,
            "inventory_turnover_ratio": null,
            "account_receivable_turnover_ratio": null,
            "reinvestment_rate": null,
            "research_to_sale_ratio": null,
            "price_fair": 0,
            "eps_avg_yearly": 0,
            "eps_latest_yearly": 0,
            "eps_growth_yearly": 0
        },
        "20024": {
            "year_quarter": 20024,
            "year": 2002,
            "quarter": 4,
            "eps": null,
            "eps_growth_year": null,
            "eps_4q": null,
            "eps_4q_growth_year": null,
            "roe": null,
            "gross_profit": null,
            "gross_margin": null,
            "net_income": null,
            "revenue": null,
            "common_shares": null,
            "equity": null,
            "current_ratio": null,
            "debt_ratio": null,
            "inventory_turnover_ratio": null,
            "account_receivable_turnover_ratio": null,
            "reinvestment_rate": null,
            "research_to_sale_ratio": null,
            "price_fair": 0,
            "eps_avg_yearly": 0,
            "eps_latest_yearly": 0,
            "eps_growth_yearly": 0
        },
        "20031": {
            "year_quarter": 20031,
            "year": 2003,
            "quarter": 1,
            "eps": null,
            "eps_growth_year": null,
            "eps_4q": null,
            "eps_4q_growth_year": null,
            "roe": null,
            "gross_profit": null,
            "gross_margin": null,
            "net_income": null,
            "revenue": null,
            "common_shares": null,
            "equity": null,
            "current_ratio": null,
            "debt_ratio": null,
            "inventory_turnover_ratio": null,
            "account_receivable_turnover_ratio": null,
            "reinvestment_rate": null,
            "research_to_sale_ratio": null,
            "price_fair": 0,
            "eps_avg_yearly": 0,
            "eps_latest_yearly": 0,
            "eps_growth_yearly": 0
        },
        "20032": {
            "year_quarter": 20032,
            "year": 2003,
            "quarter": 2,
            "eps": null,
            "eps_growth_year": null,
            "eps_4q": null,
            "eps_4q_growth_year": null,
            "roe": null,
            "gross_profit": null,
            "gross_margin": null,
            "net_income": null,
            "revenue": null,
            "common_shares": null,
            "equity": null,
            "current_ratio": null,
            "debt_ratio": null,
            "inventory_turnover_ratio": null,
            "account_receivable_turnover_ratio": null,
            "reinvestment_rate": null,
            "research_to_sale_ratio": null,
            "price_fair": 0,
            "eps_avg_yearly": 0,
            "eps_latest_yearly": 0,
            "eps_growth_yearly": 0
        },
        "20033": {
            "year_quarter": 20033,
            "year": 2003,
            "quarter": 3,
            "eps": null,
            "eps_growth_year": null,
            "eps_4q": null,
            "eps_4q_growth_year": null,
            "roe": null,
            "gross_profit": null,
            "gross_margin": null,
            "net_income": null,
            "revenue": null,
            "common_shares": null,
            "equity": null,
            "current_ratio": null,
            "debt_ratio": null,
            "inventory_turnover_ratio": null,
            "account_receivable_turnover_ratio": null,
            "reinvestment_rate": null,
            "research_to_sale_ratio": null,
            "price_fair": 0,
            "eps_avg_yearly": 0,
            "eps_latest_yearly": 0,
            "eps_growth_yearly": 0
        },
        "20034": {
            "year_quarter": 20034,
            "year": 2003,
            "quarter": 4,
            "eps": null,
            "eps_growth_year": null,
            "eps_4q": null,
            "eps_4q_growth_year": null,
            "roe": null,
            "gross_profit": null,
            "gross_margin": null,
            "net_income": null,
            "revenue": null,
            "common_shares": null,
            "equity": null,
            "current_ratio": null,
            "debt_ratio": null,
            "inventory_turnover_ratio": null,
            "account_receivable_turnover_ratio": null,
            "reinvestment_rate": null,
            "research_to_sale_ratio": null,
            "price_fair": 0,
            "eps_avg_yearly": 0,
            "eps_latest_yearly": 0,
            "eps_growth_yearly": 0
        },
        "20041": {
            "year_quarter": 20041,
            "year": 2004,
            "quarter": 1,
            "eps": null,
            "eps_growth_year": null,
            "eps_4q": null,
            "eps_4q_growth_year": null,
            "roe": null,
            "gross_profit": null,
            "gross_margin": null,
            "net_income": null,
            "revenue": null,
            "common_shares": null,
            "equity": null,
            "current_ratio": null,
            "debt_ratio": null,
            "inventory_turnover_ratio": null,
            "account_receivable_turnover_ratio": null,
            "reinvestment_rate": null,
            "research_to_sale_ratio": null,
            "price_fair": 0,
            "eps_avg_yearly": 0,
            "eps_latest_yearly": 0,
            "eps_growth_yearly": 0
        },
        "20042": {
            "year_quarter": 20042,
            "year": 2004,
            "quarter": 2,
            "eps": null,
            "eps_growth_year": null,
            "eps_4q": null,
            "eps_4q_growth_year": null,
            "roe": null,
            "gross_profit": null,
            "gross_margin": null,
            "net_income": null,
            "revenue": null,
            "common_shares": null,
            "equity": null,
            "current_ratio": null,
            "debt_ratio": null,
            "inventory_turnover_ratio": null,
            "account_receivable_turnover_ratio": null,
            "reinvestment_rate": null,
            "research_to_sale_ratio": null,
            "price_fair": 0,
            "eps_avg_yearly": 0,
            "eps_latest_yearly": 0,
            "eps_growth_yearly": 0
        },
        "20043": {
            "year_quarter": 20043,
            "year": 2004,
            "quarter": 3,
            "eps": null,
            "eps_growth_year": null,
            "eps_4q": null,
            "eps_4q_growth_year": null,
            "roe": null,
            "gross_profit": null,
            "gross_margin": null,
            "net_income": null,
            "revenue": null,
            "common_shares": null,
            "equity": null,
            "current_ratio": null,
            "debt_ratio": null,
            "inventory_turnover_ratio": null,
            "account_receivable_turnover_ratio": null,
            "reinvestment_rate": null,
            "research_to_sale_ratio": null,
            "price_fair": 0,
            "eps_avg_yearly": 0,
            "eps_latest_yearly": 0,
            "eps_growth_yearly": 0
        },
        "20044": {
            "year_quarter": 20044,
            "year": 2004,
            "quarter": 4,
            "eps": null,
            "eps_growth_year": null,
            "eps_4q": null,
            "eps_4q_growth_year": null,
            "roe": null,
            "gross_profit": null,
            "gross_margin": null,
            "net_income": null,
            "revenue": null,
            "common_shares": null,
            "equity": null,
            "current_ratio": null,
            "debt_ratio": null,
            "inventory_turnover_ratio": null,
            "account_receivable_turnover_ratio": null,
            "reinvestment_rate": null,
            "research_to_sale_ratio": null,
            "price_fair": 0,
            "eps_avg_yearly": 0,
            "eps_latest_yearly": 0,
            "eps_growth_yearly": 0
        },
        "20051": {
            "year_quarter": 20051,
            "year": 2005,
            "quarter": 1,
            "eps": null,
            "eps_growth_year": null,
            "eps_4q": null,
            "eps_4q_growth_year": null,
            "roe": null,
            "gross_profit": null,
            "gross_margin": null,
            "net_income": null,
            "revenue": null,
            "common_shares": null,
            "equity": null,
            "current_ratio": null,
            "debt_ratio": null,
            "inventory_turnover_ratio": null,
            "account_receivable_turnover_ratio": null,
            "reinvestment_rate": null,
            "research_to_sale_ratio": null,
            "price_fair": 0,
            "eps_avg_yearly": 0,
            "eps_latest_yearly": 0,
            "eps_growth_yearly": 0
        },
        "20052": {
            "year_quarter": 20052,
            "year": 2005,
            "quarter": 2,
            "eps": null,
            "eps_growth_year": null,
            "eps_4q": null,
            "eps_4q_growth_year": null,
            "roe": null,
            "gross_profit": null,
            "gross_margin": null,
            "net_income": null,
            "revenue": null,
            "common_shares": null,
            "equity": null,
            "current_ratio": null,
            "debt_ratio": null,
            "inventory_turnover_ratio": null,
            "account_receivable_turnover_ratio": null,
            "reinvestment_rate": null,
            "research_to_sale_ratio": null,
            "price_fair": 0,
            "eps_avg_yearly": 0,
            "eps_latest_yearly": 0,
            "eps_growth_yearly": 0
        },
        "20053": {
            "year_quarter": 20053,
            "year": 2005,
            "quarter": 3,
            "eps": null,
            "eps_growth_year": null,
            "eps_4q": null,
            "eps_4q_growth_year": null,
            "roe": null,
            "gross_profit": null,
            "gross_margin": null,
            "net_income": null,
            "revenue": null,
            "common_shares": null,
            "equity": null,
            "current_ratio": null,
            "debt_ratio": null,
            "inventory_turnover_ratio": null,
            "account_receivable_turnover_ratio": null,
            "reinvestment_rate": null,
            "research_to_sale_ratio": null,
            "price_fair": 0,
            "eps_avg_yearly": 0,
            "eps_latest_yearly": 0,
            "eps_growth_yearly": 0
        },
        "20054": {
            "year_quarter": 20054,
            "year": 2005,
            "quarter": 4,
            "eps": null,
            "eps_growth_year": null,
            "eps_4q": null,
            "eps_4q_growth_year": null,
            "roe": null,
            "gross_profit": null,
            "gross_margin": null,
            "net_income": null,
            "revenue": null,
            "common_shares": null,
            "equity": null,
            "current_ratio": null,
            "debt_ratio": null,
            "inventory_turnover_ratio": null,
            "account_receivable_turnover_ratio": null,
            "reinvestment_rate": null,
            "research_to_sale_ratio": null,
            "price_fair": 0,
            "eps_avg_yearly": 0,
            "eps_latest_yearly": 0,
            "eps_growth_yearly": 0
        },
        "20061": {
            "year_quarter": 20061,
            "year": 2006,
            "quarter": 1,
            "eps": null,
            "eps_growth_year": null,
            "eps_4q": null,
            "eps_4q_growth_year": null,
            "roe": null,
            "gross_profit": null,
            "gross_margin": null,
            "net_income": null,
            "revenue": null,
            "common_shares": null,
            "equity": null,
            "current_ratio": null,
            "debt_ratio": null,
            "inventory_turnover_ratio": null,
            "account_receivable_turnover_ratio": null,
            "reinvestment_rate": null,
            "research_to_sale_ratio": null,
            "price_fair": 0,
            "eps_avg_yearly": 0,
            "eps_latest_yearly": 0,
            "eps_growth_yearly": 0
        },
        "20062": {
            "year_quarter": 20062,
            "year": 2006,
            "quarter": 2,
            "eps": null,
            "eps_growth_year": null,
            "eps_4q": null,
            "eps_4q_growth_year": null,
            "roe": null,
            "gross_profit": null,
            "gross_margin": null,
            "net_income": null,
            "revenue": null,
            "common_shares": null,
            "equity": null,
            "current_ratio": null,
            "debt_ratio": null,
            "inventory_turnover_ratio": null,
            "account_receivable_turnover_ratio": null,
            "reinvestment_rate": null,
            "research_to_sale_ratio": null,
            "price_fair": 0,
            "eps_avg_yearly": 0,
            "eps_latest_yearly": 0,
            "eps_growth_yearly": 0
        },
        "20063": {
            "year_quarter": 20063,
            "year": 2006,
            "quarter": 3,
            "eps": null,
            "eps_growth_year": null,
            "eps_4q": null,
            "eps_4q_growth_year": null,
            "roe": null,
            "gross_profit": null,
            "gross_margin": null,
            "net_income": null,
            "revenue": null,
            "common_shares": null,
            "equity": null,
            "current_ratio": null,
            "debt_ratio": null,
            "inventory_turnover_ratio": null,
            "account_receivable_turnover_ratio": null,
            "reinvestment_rate": null,
            "research_to_sale_ratio": null,
            "price_fair": 0,
            "eps_avg_yearly": 0,
            "eps_latest_yearly": 0,
            "eps_growth_yearly": 0
        },
        "20064": {
            "year_quarter": 20064,
            "year": 2006,
            "quarter": 4,
            "eps": null,
            "eps_growth_year": null,
            "eps_4q": null,
            "eps_4q_growth_year": null,
            "roe": null,
            "gross_profit": null,
            "gross_margin": null,
            "net_income": null,
            "revenue": null,
            "common_shares": null,
            "equity": null,
            "current_ratio": null,
            "debt_ratio": null,
            "inventory_turnover_ratio": null,
            "account_receivable_turnover_ratio": null,
            "reinvestment_rate": null,
            "research_to_sale_ratio": null,
            "price_fair": 0,
            "eps_avg_yearly": 0,
            "eps_latest_yearly": 0,
            "eps_growth_yearly": 0
        },
        "20071": {
            "year_quarter": 20071,
            "year": 2007,
            "quarter": 1,
            "eps": null,
            "eps_growth_year": null,
            "eps_4q": null,
            "eps_4q_growth_year": null,
            "roe": null,
            "gross_profit": null,
            "gross_margin": null,
            "net_income": null,
            "revenue": null,
            "common_shares": null,
            "equity": null,
            "current_ratio": null,
            "debt_ratio": null,
            "inventory_turnover_ratio": null,
            "account_receivable_turnover_ratio": null,
            "reinvestment_rate": null,
            "research_to_sale_ratio": null,
            "price_fair": 0,
            "eps_avg_yearly": 0,
            "eps_latest_yearly": 0,
            "eps_growth_yearly": 0
        },
        "20072": {
            "year_quarter": 20072,
            "year": 2007,
            "quarter": 2,
            "eps": null,
            "eps_growth_year": null,
            "eps_4q": null,
            "eps_4q_growth_year": null,
            "roe": null,
            "gross_profit": null,
            "gross_margin": null,
            "net_income": null,
            "revenue": null,
            "common_shares": null,
            "equity": null,
            "current_ratio": null,
            "debt_ratio": null,
            "inventory_turnover_ratio": null,
            "account_receivable_turnover_ratio": null,
            "reinvestment_rate": null,
            "research_to_sale_ratio": null,
            "price_fair": 0,
            "eps_avg_yearly": 0,
            "eps_latest_yearly": 0,
            "eps_growth_yearly": 0
        },
        "20073": {
            "year_quarter": 20073,
            "year": 2007,
            "quarter": 3,
            "eps": null,
            "eps_growth_year": null,
            "eps_4q": null,
            "eps_4q_growth_year": null,
            "roe": null,
            "gross_profit": null,
            "gross_margin": null,
            "net_income": null,
            "revenue": null,
            "common_shares": null,
            "equity": null,
            "current_ratio": null,
            "debt_ratio": null,
            "inventory_turnover_ratio": null,
            "account_receivable_turnover_ratio": null,
            "reinvestment_rate": null,
            "research_to_sale_ratio": null,
            "price_fair": 0,
            "eps_avg_yearly": 0,
            "eps_latest_yearly": 0,
            "eps_growth_yearly": 0
        },
        "20074": {
            "year_quarter": 20074,
            "year": 2007,
            "quarter": 4,
            "eps": null,
            "eps_growth_year": null,
            "eps_4q": null,
            "eps_4q_growth_year": null,
            "roe": null,
            "gross_profit": null,
            "gross_margin": null,
            "net_income": null,
            "revenue": null,
            "common_shares": null,
            "equity": null,
            "current_ratio": null,
            "debt_ratio": null,
            "inventory_turnover_ratio": null,
            "account_receivable_turnover_ratio": null,
            "reinvestment_rate": null,
            "research_to_sale_ratio": null,
            "price_fair": 0,
            "eps_avg_yearly": 0,
            "eps_latest_yearly": 0,
            "eps_growth_yearly": 0
        },
        "20081": {
            "year_quarter": 20081,
            "year": 2008,
            "quarter": 1,
            "eps": null,
            "eps_growth_year": null,
            "eps_4q": null,
            "eps_4q_growth_year": null,
            "roe": null,
            "gross_profit": null,
            "gross_margin": null,
            "net_income": null,
            "revenue": null,
            "common_shares": null,
            "equity": null,
            "current_ratio": null,
            "debt_ratio": null,
            "inventory_turnover_ratio": null,
            "account_receivable_turnover_ratio": null,
            "reinvestment_rate": null,
            "research_to_sale_ratio": null,
            "price_fair": 0,
            "eps_avg_yearly": 0,
            "eps_latest_yearly": 0,
            "eps_growth_yearly": 0
        },
        "20082": {
            "year_quarter": 20082,
            "year": 2008,
            "quarter": 2,
            "eps": null,
            "eps_growth_year": null,
            "eps_4q": null,
            "eps_4q_growth_year": null,
            "roe": null,
            "gross_profit": null,
            "gross_margin": null,
            "net_income": null,
            "revenue": null,
            "common_shares": null,
            "equity": null,
            "current_ratio": null,
            "debt_ratio": null,
            "inventory_turnover_ratio": null,
            "account_receivable_turnover_ratio": null,
            "reinvestment_rate": null,
            "research_to_sale_ratio": null,
            "price_fair": 0,
            "eps_avg_yearly": 0,
            "eps_latest_yearly": 0,
            "eps_growth_yearly": 0
        },
        "20083": {
            "year_quarter": 20083,
            "year": 2008,
            "quarter": 3,
            "eps": null,
            "eps_growth_year": null,
            "eps_4q": null,
            "eps_4q_growth_year": null,
            "roe": null,
            "gross_profit": null,
            "gross_margin": null,
            "net_income": null,
            "revenue": null,
            "common_shares": null,
            "equity": null,
            "current_ratio": null,
            "debt_ratio": null,
            "inventory_turnover_ratio": null,
            "account_receivable_turnover_ratio": null,
            "reinvestment_rate": null,
            "research_to_sale_ratio": null,
            "price_fair": 0,
            "eps_avg_yearly": 0,
            "eps_latest_yearly": 0,
            "eps_growth_yearly": 0
        },
        "20084": {
            "year_quarter": 20084,
            "year": 2008,
            "quarter": 4,
            "eps": null,
            "eps_growth_year": null,
            "eps_4q": null,
            "eps_4q_growth_year": null,
            "roe": null,
            "gross_profit": null,
            "gross_margin": null,
            "net_income": null,
            "revenue": null,
            "common_shares": null,
            "equity": null,
            "current_ratio": null,
            "debt_ratio": null,
            "inventory_turnover_ratio": null,
            "account_receivable_turnover_ratio": null,
            "reinvestment_rate": null,
            "research_to_sale_ratio": null,
            "price_fair": 0,
            "eps_avg_yearly": 0,
            "eps_latest_yearly": 0,
            "eps_growth_yearly": 0
        },
        "20091": {
            "year_quarter": 20091,
            "year": 2009,
            "quarter": 1,
            "eps": null,
            "eps_growth_year": null,
            "eps_4q": null,
            "eps_4q_growth_year": null,
            "roe": null,
            "gross_profit": null,
            "gross_margin": null,
            "net_income": null,
            "revenue": null,
            "common_shares": null,
            "equity": null,
            "current_ratio": null,
            "debt_ratio": null,
            "inventory_turnover_ratio": null,
            "account_receivable_turnover_ratio": null,
            "reinvestment_rate": null,
            "research_to_sale_ratio": null,
            "price_fair": 0,
            "eps_avg_yearly": 0,
            "eps_latest_yearly": 0,
            "eps_growth_yearly": 0
        },
        "20092": {
            "year_quarter": 20092,
            "year": 2009,
            "quarter": 2,
            "eps": null,
            "eps_growth_year": null,
            "eps_4q": null,
            "eps_4q_growth_year": null,
            "roe": null,
            "gross_profit": null,
            "gross_margin": null,
            "net_income": null,
            "revenue": null,
            "common_shares": null,
            "equity": null,
            "current_ratio": null,
            "debt_ratio": null,
            "inventory_turnover_ratio": null,
            "account_receivable_turnover_ratio": null,
            "reinvestment_rate": null,
            "research_to_sale_ratio": null,
            "price_fair": 0,
            "eps_avg_yearly": 0,
            "eps_latest_yearly": 0,
            "eps_growth_yearly": 0
        },
        "20093": {
            "year_quarter": 20093,
            "year": 2009,
            "quarter": 3,
            "eps": null,
            "eps_growth_year": null,
            "eps_4q": null,
            "eps_4q_growth_year": null,
            "roe": null,
            "gross_profit": null,
            "gross_margin": null,
            "net_income": null,
            "revenue": null,
            "common_shares": null,
            "equity": null,
            "current_ratio": null,
            "debt_ratio": null,
            "inventory_turnover_ratio": null,
            "account_receivable_turnover_ratio": null,
            "reinvestment_rate": null,
            "research_to_sale_ratio": null,
            "price_fair": 0,
            "eps_avg_yearly": 0,
            "eps_latest_yearly": 0,
            "eps_growth_yearly": 0
        },
        "20094": {
            "year_quarter": 20094,
            "year": 2009,
            "quarter": 4,
            "eps": null,
            "eps_growth_year": null,
            "eps_4q": null,
            "eps_4q_growth_year": null,
            "roe": null,
            "gross_profit": null,
            "gross_margin": null,
            "net_income": null,
            "revenue": null,
            "common_shares": 500000,
            "equity": 909851,
            "current_ratio": 66.38,
            "debt_ratio": 51.45,
            "inventory_turnover_ratio": null,
            "account_receivable_turnover_ratio": null,
            "reinvestment_rate": null,
            "research_to_sale_ratio": null,
            "price_fair": 0,
            "eps_avg_yearly": 0,
            "eps_latest_yearly": 0,
            "eps_growth_yearly": 0
        },
        "20101": {
            "year_quarter": 20101,
            "year": 2010,
            "quarter": 1,
            "eps": null,
            "eps_growth_year": null,
            "eps_4q": null,
            "eps_4q_growth_year": null,
            "roe": null,
            "gross_profit": null,
            "gross_margin": null,
            "net_income": null,
            "revenue": null,
            "common_shares": null,
            "equity": null,
            "current_ratio": null,
            "debt_ratio": null,
            "inventory_turnover_ratio": null,
            "account_receivable_turnover_ratio": null,
            "reinvestment_rate": null,
            "research_to_sale_ratio": null,
            "price_fair": 0,
            "eps_avg_yearly": 0,
            "eps_latest_yearly": 0,
            "eps_growth_yearly": 0
        },
        "20102": {
            "year_quarter": 20102,
            "year": 2010,
            "quarter": 2,
            "eps": null,
            "eps_growth_year": null,
            "eps_4q": null,
            "eps_4q_growth_year": null,
            "roe": null,
            "gross_profit": null,
            "gross_margin": null,
            "net_income": null,
            "revenue": null,
            "common_shares": null,
            "equity": null,
            "current_ratio": null,
            "debt_ratio": null,
            "inventory_turnover_ratio": null,
            "account_receivable_turnover_ratio": null,
            "reinvestment_rate": null,
            "research_to_sale_ratio": null,
            "price_fair": 0,
            "eps_avg_yearly": 0,
            "eps_latest_yearly": 0,
            "eps_growth_yearly": 0
        },
        "20103": {
            "year_quarter": 20103,
            "year": 2010,
            "quarter": 3,
            "eps": null,
            "eps_growth_year": null,
            "eps_4q": null,
            "eps_4q_growth_year": null,
            "roe": null,
            "gross_profit": null,
            "gross_margin": null,
            "net_income": null,
            "revenue": null,
            "common_shares": null,
            "equity": null,
            "current_ratio": null,
            "debt_ratio": null,
            "inventory_turnover_ratio": null,
            "account_receivable_turnover_ratio": null,
            "reinvestment_rate": null,
            "research_to_sale_ratio": null,
            "price_fair": 0,
            "eps_avg_yearly": 0,
            "eps_latest_yearly": 0,
            "eps_growth_yearly": 0
        },
        "20104": {
            "year_quarter": 20104,
            "year": 2010,
            "quarter": 4,
            "eps": null,
            "eps_growth_year": null,
            "eps_4q": null,
            "eps_4q_growth_year": null,
            "roe": null,
            "gross_profit": null,
            "gross_margin": null,
            "net_income": null,
            "revenue": null,
            "common_shares": 500000,
            "equity": 1172079,
            "current_ratio": 81.23,
            "debt_ratio": 42.08,
            "inventory_turnover_ratio": null,
            "account_receivable_turnover_ratio": null,
            "reinvestment_rate": null,
            "research_to_sale_ratio": null,
            "price_fair": 0,
            "eps_avg_yearly": 0,
            "eps_latest_yearly": 0,
            "eps_growth_yearly": 0
        },
        "20111": {
            "year_quarter": 20111,
            "year": 2011,
            "quarter": 1,
            "eps": null,
            "eps_growth_year": null,
            "eps_4q": null,
            "eps_4q_growth_year": null,
            "roe": null,
            "gross_profit": null,
            "gross_margin": null,
            "net_income": null,
            "revenue": null,
            "common_shares": null,
            "equity": null,
            "current_ratio": null,
            "debt_ratio": null,
            "inventory_turnover_ratio": null,
            "account_receivable_turnover_ratio": null,
            "reinvestment_rate": null,
            "research_to_sale_ratio": null,
            "price_fair": 0,
            "eps_avg_yearly": 0,
            "eps_latest_yearly": 0,
            "eps_growth_yearly": 0
        },
        "20112": {
            "year_quarter": 20112,
            "year": 2011,
            "quarter": 2,
            "eps": null,
            "eps_growth_year": null,
            "eps_4q": null,
            "eps_4q_growth_year": null,
            "roe": null,
            "gross_profit": null,
            "gross_margin": null,
            "net_income": null,
            "revenue": null,
            "common_shares": null,
            "equity": null,
            "current_ratio": null,
            "debt_ratio": null,
            "inventory_turnover_ratio": null,
            "account_receivable_turnover_ratio": null,
            "reinvestment_rate": null,
            "research_to_sale_ratio": null,
            "price_fair": 0,
            "eps_avg_yearly": 0,
            "eps_latest_yearly": 0,
            "eps_growth_yearly": 0
        },
        "20113": {
            "year_quarter": 20113,
            "year": 2011,
            "quarter": 3,
            "eps": null,
            "eps_growth_year": null,
            "eps_4q": null,
            "eps_4q_growth_year": null,
            "roe": null,
            "gross_profit": null,
            "gross_margin": null,
            "net_income": null,
            "revenue": null,
            "common_shares": null,
            "equity": null,
            "current_ratio": null,
            "debt_ratio": null,
            "inventory_turnover_ratio": null,
            "account_receivable_turnover_ratio": null,
            "reinvestment_rate": null,
            "research_to_sale_ratio": null,
            "price_fair": 0,
            "eps_avg_yearly": 0,
            "eps_latest_yearly": 0,
            "eps_growth_yearly": 0
        },
        "20114": {
            "year_quarter": 20114,
            "year": 2011,
            "quarter": 4,
            "eps": null,
            "eps_growth_year": null,
            "eps_4q": null,
            "eps_4q_growth_year": null,
            "roe": null,
            "gross_profit": null,
            "gross_margin": null,
            "net_income": null,
            "revenue": null,
            "common_shares": 500000,
            "equity": 1294691,
            "current_ratio": 115.59,
            "debt_ratio": 43.97,
            "inventory_turnover_ratio": null,
            "account_receivable_turnover_ratio": null,
            "reinvestment_rate": null,
            "research_to_sale_ratio": null,
            "price_fair": 0,
            "eps_avg_yearly": 0,
            "eps_latest_yearly": 0,
            "eps_growth_yearly": 0
        },
        "20121": {
            "year_quarter": 20121,
            "year": 2012,
            "quarter": 1,
            "eps": null,
            "eps_growth_year": null,
            "eps_4q": null,
            "eps_4q_growth_year": null,
            "roe": null,
            "gross_profit": null,
            "gross_margin": null,
            "net_income": null,
            "revenue": null,
            "common_shares": null,
            "equity": null,
            "current_ratio": null,
            "debt_ratio": null,
            "inventory_turnover_ratio": null,
            "account_receivable_turnover_ratio": null,
            "reinvestment_rate": null,
            "research_to_sale_ratio": null,
            "price_fair": 0,
            "eps_avg_yearly": 0,
            "eps_latest_yearly": 0,
            "eps_growth_yearly": 0
        },
        "20122": {
            "year_quarter": 20122,
            "year": 2012,
            "quarter": 2,
            "eps": null,
            "eps_growth_year": null,
            "eps_4q": null,
            "eps_4q_growth_year": null,
            "roe": null,
            "gross_profit": null,
            "gross_margin": null,
            "net_income": null,
            "revenue": null,
            "common_shares": 500000,
            "equity": 1157876,
            "current_ratio": null,
            "debt_ratio": null,
            "inventory_turnover_ratio": null,
            "account_receivable_turnover_ratio": null,
            "reinvestment_rate": null,
            "research_to_sale_ratio": null,
            "price_fair": 0,
            "eps_avg_yearly": 0,
            "eps_latest_yearly": 0,
            "eps_growth_yearly": 0
        },
        "20123": {
            "year_quarter": 20123,
            "year": 2012,
            "quarter": 3,
            "eps": null,
            "eps_growth_year": null,
            "eps_4q": null,
            "eps_4q_growth_year": null,
            "roe": null,
            "gross_profit": null,
            "gross_margin": null,
            "net_income": null,
            "revenue": null,
            "common_shares": null,
            "equity": null,
            "current_ratio": null,
            "debt_ratio": null,
            "inventory_turnover_ratio": null,
            "account_receivable_turnover_ratio": null,
            "reinvestment_rate": null,
            "research_to_sale_ratio": null,
            "price_fair": 0,
            "eps_avg_yearly": 0,
            "eps_latest_yearly": 0,
            "eps_growth_yearly": 0
        },
        "20124": {
            "year_quarter": 20124,
            "year": 2012,
            "quarter": 4,
            "eps": null,
            "eps_growth_year": null,
            "eps_4q": null,
            "eps_4q_growth_year": null,
            "roe": null,
            "gross_profit": null,
            "gross_margin": null,
            "net_income": null,
            "revenue": null,
            "common_shares": 600000,
            "equity": 1106363,
            "current_ratio": 63.34,
            "debt_ratio": 49.56,
            "inventory_turnover_ratio": null,
            "account_receivable_turnover_ratio": null,
            "reinvestment_rate": null,
            "research_to_sale_ratio": null,
            "price_fair": 0,
            "eps_avg_yearly": 0,
            "eps_latest_yearly": 0,
            "eps_growth_yearly": 0
        },
        "20131": {
            "year_quarter": 20131,
            "year": 2013,
            "quarter": 1,
            "eps": null,
            "eps_growth_year": null,
            "eps_4q": null,
            "eps_4q_growth_year": null,
            "roe": null,
            "gross_profit": null,
            "gross_margin": null,
            "net_income": null,
            "revenue": null,
            "common_shares": null,
            "equity": null,
            "current_ratio": null,
            "debt_ratio": null,
            "inventory_turnover_ratio": null,
            "account_receivable_turnover_ratio": null,
            "reinvestment_rate": null,
            "research_to_sale_ratio": null,
            "price_fair": 0,
            "eps_avg_yearly": 0,
            "eps_latest_yearly": 0,
            "eps_growth_yearly": 0
        },
        "20132": {
            "year_quarter": 20132,
            "year": 2013,
            "quarter": 2,
            "eps": null,
            "eps_growth_year": null,
            "eps_4q": null,
            "eps_4q_growth_year": null,
            "roe": null,
            "gross_profit": null,
            "gross_margin": null,
            "net_income": null,
            "revenue": null,
            "common_shares": 600000,
            "equity": 1176368,
            "current_ratio": 65.53,
            "debt_ratio": 48.46,
            "inventory_turnover_ratio": null,
            "account_receivable_turnover_ratio": null,
            "reinvestment_rate": null,
            "research_to_sale_ratio": null,
            "price_fair": 0,
            "eps_avg_yearly": 0,
            "eps_latest_yearly": 0,
            "eps_growth_yearly": 0
        },
        "20133": {
            "year_quarter": 20133,
            "year": 2013,
            "quarter": 3,
            "eps": null,
            "eps_growth_year": null,
            "eps_4q": null,
            "eps_4q_growth_year": null,
            "roe": null,
            "gross_profit": null,
            "gross_margin": null,
            "net_income": null,
            "revenue": null,
            "common_shares": null,
            "equity": null,
            "current_ratio": null,
            "debt_ratio": null,
            "inventory_turnover_ratio": null,
            "account_receivable_turnover_ratio": null,
            "reinvestment_rate": null,
            "research_to_sale_ratio": null,
            "price_fair": 0,
            "eps_avg_yearly": 0,
            "eps_latest_yearly": 0,
            "eps_growth_yearly": 0
        },
        "20134": {
            "year_quarter": 20134,
            "year": 2013,
            "quarter": 4,
            "eps": null,
            "eps_growth_year": null,
            "eps_4q": null,
            "eps_4q_growth_year": null,
            "roe": null,
            "gross_profit": null,
            "gross_margin": null,
            "net_income": null,
            "revenue": null,
            "common_shares": 666000,
            "equity": 1333170,
            "current_ratio": 111.71,
            "debt_ratio": 40.53,
            "inventory_turnover_ratio": null,
            "account_receivable_turnover_ratio": null,
            "reinvestment_rate": null,
            "research_to_sale_ratio": null,
            "price_fair": 0,
            "eps_avg_yearly": 0,
            "eps_latest_yearly": 0,
            "eps_growth_yearly": 0
        },
        "20141": {
            "year_quarter": 20141,
            "year": 2014,
            "quarter": 1,
            "eps": null,
            "eps_growth_year": null,
            "eps_4q": null,
            "eps_4q_growth_year": null,
            "roe": null,
            "gross_profit": 138660,
            "gross_margin": null,
            "net_income": 40741,
            "revenue": 581011,
            "common_shares": 666000,
            "equity": 1420085,
            "current_ratio": 109.61,
            "debt_ratio": 41.1,
            "inventory_turnover_ratio": null,
            "account_receivable_turnover_ratio": null,
            "reinvestment_rate": null,
            "research_to_sale_ratio": null,
            "price_fair": 0,
            "eps_avg_yearly": 0,
            "eps_latest_yearly": 0,
            "eps_growth_yearly": 0
        },
        "20142": {
            "year_quarter": 20142,
            "year": 2014,
            "quarter": 2,
            "eps": 1.15,
            "eps_growth_year": null,
            "eps_4q": null,
            "eps_4q_growth_year": null,
            "roe": 5.24,
            "gross_profit": 154615,
            "gross_margin": 26.8,
            "net_income": 74977,
            "revenue": 576971,
            "common_shares": 666000,
            "equity": 1443047,
            "current_ratio": 112.65,
            "debt_ratio": 41.86,
            "inventory_turnover_ratio": 3.25,
            "account_receivable_turnover_ratio": 13.8,
            "reinvestment_rate": null,
            "research_to_sale_ratio": null,
            "price_fair": 0,
            "eps_avg_yearly": 0,
            "eps_latest_yearly": 0,
            "eps_growth_yearly": 0
        },
        "20143": {
            "year_quarter": 20143,
            "year": 2014,
            "quarter": 3,
            "eps": null,
            "eps_growth_year": null,
            "eps_4q": null,
            "eps_4q_growth_year": null,
            "roe": null,
            "gross_profit": 157209,
            "gross_margin": null,
            "net_income": 81070,
            "revenue": 616596,
            "common_shares": 666000,
            "equity": 1558426,
            "current_ratio": 84.21,
            "debt_ratio": 45.49,
            "inventory_turnover_ratio": null,
            "account_receivable_turnover_ratio": null,
            "reinvestment_rate": null,
            "research_to_sale_ratio": null,
            "price_fair": 0,
            "eps_avg_yearly": 0,
            "eps_latest_yearly": 0,
            "eps_growth_yearly": 0
        },
        "20144": {
            "year_quarter": 20144,
            "year": 2014,
            "quarter": 4,
            "eps": null,
            "eps_growth_year": null,
            "eps_4q": null,
            "eps_4q_growth_year": null,
            "roe": null,
            "gross_profit": 153627,
            "gross_margin": null,
            "net_income": 55481,
            "revenue": 563626,
            "common_shares": 666000,
            "equity": 1653120,
            "current_ratio": 79.15,
            "debt_ratio": 46.83,
            "inventory_turnover_ratio": null,
            "account_receivable_turnover_ratio": null,
            "reinvestment_rate": null,
            "research_to_sale_ratio": null,
            "price_fair": 0,
            "eps_avg_yearly": 0,
            "eps_latest_yearly": 0,
            "eps_growth_yearly": 0
        },
        "20151": {
            "year_quarter": 20151,
            "year": 2015,
            "quarter": 1,
            "eps": 1.31,
            "eps_growth_year": null,
            "eps_4q": 2.46,
            "eps_4q_growth_year": null,
            "roe": 5.13,
            "gross_profit": 170510,
            "gross_margin": 30.71,
            "net_income": 87349,
            "revenue": 555283,
            "common_shares": 666000,
            "equity": 1753592,
            "current_ratio": 67.3,
            "debt_ratio": 48.34,
            "inventory_turnover_ratio": 3.98,
            "account_receivable_turnover_ratio": 5.57,
            "reinvestment_rate": null,
            "research_to_sale_ratio": null,
            "price_fair": 0,
            "eps_avg_yearly": 0,
            "eps_latest_yearly": 0,
            "eps_growth_yearly": 0
        },
        "20152": {
            "year_quarter": 20152,
            "year": 2015,
            "quarter": 2,
            "eps": 1.47,
            "eps_growth_year": 28.18,
            "eps_4q": 2.78,
            "eps_4q_growth_year": null,
            "roe": 5.65,
            "gross_profit": 149186,
            "gross_margin": 28.51,
            "net_income": 95221,
            "revenue": 523298,
            "common_shares": 666000,
            "equity": 1617376,
            "current_ratio": 81.34,
            "debt_ratio": 56.4,
            "inventory_turnover_ratio": 4,
            "account_receivable_turnover_ratio": 4.06,
            "reinvestment_rate": null,
            "research_to_sale_ratio": null,
            "price_fair": 205.8,
            "eps_avg_yearly": 5.88,
            "eps_latest_yearly": 5.88,
            "eps_growth_yearly": 48.85
        },
        "20153": {
            "year_quarter": 20153,
            "year": 2015,
            "quarter": 3,
            "eps": 0.81,
            "eps_growth_year": null,
            "eps_4q": 3.59,
            "eps_4q_growth_year": null,
            "roe": 2.9,
            "gross_profit": 133073,
            "gross_margin": 31.08,
            "net_income": 47282,
            "revenue": 428153,
            "common_shares": 666000,
            "equity": 1644925,
            "current_ratio": 69.63,
            "debt_ratio": 57.27,
            "inventory_turnover_ratio": 4.35,
            "account_receivable_turnover_ratio": 3.16,
            "reinvestment_rate": null,
            "research_to_sale_ratio": null,
            "price_fair": 13.68,
            "eps_avg_yearly": 4.56,
            "eps_latest_yearly": 3.24,
            "eps_growth_yearly": -65.37
        },
        "20154": {
            "year_quarter": 20154,
            "year": 2015,
            "quarter": 4,
            "eps": 0.63,
            "eps_growth_year": null,
            "eps_4q": 3.86,
            "eps_4q_growth_year": null,
            "roe": 2.12,
            "gross_profit": 125891,
            "gross_margin": 28.52,
            "net_income": 39952,
            "revenue": 441408,
            "common_shares": 740300,
            "equity": 2116827,
            "current_ratio": 103.99,
            "debt_ratio": 49.12,
            "inventory_turnover_ratio": 3.82,
            "account_receivable_turnover_ratio": 4.07,
            "reinvestment_rate": null,
            "research_to_sale_ratio": null,
            "price_fair": 11.64,
            "eps_avg_yearly": 3.88,
            "eps_latest_yearly": 2.52,
            "eps_growth_yearly": -73.21
        },
        "20161": {
            "year_quarter": 20161,
            "year": 2016,
            "quarter": 1,
            "eps": 1.28,
            "eps_growth_year": -2.29,
            "eps_4q": 3.95,
            "eps_4q_growth_year": 60.89,
            "roe": 4.23,
            "gross_profit": 168577,
            "gross_margin": 34.34,
            "net_income": 91922,
            "revenue": 490911,
            "common_shares": 740300,
            "equity": 2225743,
            "current_ratio": 84.57,
            "debt_ratio": 50.85,
            "inventory_turnover_ratio": 3.09,
            "account_receivable_turnover_ratio": 4.63,
            "reinvestment_rate": null,
            "research_to_sale_ratio": null,
            "price_fair": 146.65,
            "eps_avg_yearly": 4.19,
            "eps_latest_yearly": 5.12,
            "eps_growth_yearly": 48.27
        },
        "20162": {
            "year_quarter": 20162,
            "year": 2016,
            "quarter": 2,
            "eps": 1.61,
            "eps_growth_year": 9.52,
            "eps_4q": 4.23,
            "eps_4q_growth_year": 52.24,
            "roe": 5.32,
            "gross_profit": 212796,
            "gross_margin": 33.47,
            "net_income": 117542,
            "revenue": 635834,
            "common_shares": 740300,
            "equity": 2193121,
            "current_ratio": 67.17,
            "debt_ratio": 55.22,
            "inventory_turnover_ratio": 4.02,
            "account_receivable_turnover_ratio": 5.08,
            "reinvestment_rate": null,
            "research_to_sale_ratio": null,
            "price_fair": 162.4,
            "eps_avg_yearly": 4.64,
            "eps_latest_yearly": 6.44,
            "eps_growth_yearly": 59.24
        },
        "20163": {
            "year_quarter": 20163,
            "year": 2016,
            "quarter": 3,
            "eps": 2.15,
            "eps_growth_year": 165.43,
            "eps_4q": 5.64,
            "eps_4q_growth_year": 57.19,
            "roe": 7.02,
            "gross_profit": 306277,
            "gross_margin": 37.86,
            "net_income": 158542,
            "revenue": 809022,
            "common_shares": 740300,
            "equity": 2323283,
            "current_ratio": 68.09,
            "debt_ratio": 52.12,
            "inventory_turnover_ratio": 4.16,
            "account_receivable_turnover_ratio": 5.71,
            "reinvestment_rate": null,
            "research_to_sale_ratio": null,
            "price_fair": 185.5,
            "eps_avg_yearly": 5.3,
            "eps_latest_yearly": 8.6,
            "eps_growth_yearly": 71.73
        },
        "20164": {
            "year_quarter": 20164,
            "year": 2016,
            "quarter": 4,
            "eps": 2.11,
            "eps_growth_year": 236.95,
            "eps_4q": 7.13,
            "eps_4q_growth_year": 84.84,
            "roe": 6.49,
            "gross_profit": 322986,
            "gross_margin": 36.08,
            "net_income": 155659,
            "revenue": 895310,
            "common_shares": 740300,
            "equity": 2474248,
            "current_ratio": 74.97,
            "debt_ratio": 50.55,
            "inventory_turnover_ratio": 3.99,
            "account_receivable_turnover_ratio": 6.13,
            "reinvestment_rate": null,
            "research_to_sale_ratio": null,
            "price_fair": 201.2,
            "eps_avg_yearly": 5.75,
            "eps_latest_yearly": 8.44,
            "eps_growth_yearly": 60.42
        },
        "20171": {
            "year_quarter": 20171,
            "year": 2017,
            "quarter": 1,
            "eps": 2.26,
            "eps_growth_year": 76.56,
            "eps_4q": 8.12,
            "eps_4q_growth_year": 105.45,
            "roe": 6.61,
            "gross_profit": 244949,
            "gross_margin": 31.24,
            "net_income": 167130,
            "revenue": 784097,
            "common_shares": 740300,
            "equity": 2586330,
            "current_ratio": 169.07,
            "debt_ratio": 55.87,
            "inventory_turnover_ratio": 3.61,
            "account_receivable_turnover_ratio": 5.59,
            "reinvestment_rate": null,
            "research_to_sale_ratio": null,
            "price_fair": 215.6,
            "eps_avg_yearly": 6.16,
            "eps_latest_yearly": 9.04,
            "eps_growth_yearly": 56.42
        },
        "20172": {
            "year_quarter": 20172,
            "year": 2017,
            "quarter": 2,
            "eps": 3.64,
            "eps_growth_year": 126.09,
            "eps_4q": 10.09,
            "eps_4q_growth_year": 138.45,
            "roe": 10.33,
            "gross_profit": 286875,
            "gross_margin": 31.67,
            "net_income": 271932,
            "revenue": 905801,
            "common_shares": 740300,
            "equity": 2680428,
            "current_ratio": 332.07,
            "debt_ratio": 68.31,
            "inventory_turnover_ratio": 4.58,
            "account_receivable_turnover_ratio": 5.93,
            "reinvestment_rate": null,
            "research_to_sale_ratio": null,
            "price_fair": 248.27,
            "eps_avg_yearly": 7.09,
            "eps_latest_yearly": 14.56,
            "eps_growth_yearly": 77.29
        },
        "20173": {
            "year_quarter": 20173,
            "year": 2017,
            "quarter": 3,
            "eps": 2.61,
            "eps_growth_year": 21.4,
            "eps_4q": 10.58,
            "eps_4q_growth_year": 87.34,
            "roe": 6.95,
            "gross_profit": 322491,
            "gross_margin": 34.29,
            "net_income": 195846,
            "revenue": 940581,
            "common_shares": 747703,
            "equity": 2952119,
            "current_ratio": 347.21,
            "debt_ratio": 65.85,
            "inventory_turnover_ratio": 4,
            "account_receivable_turnover_ratio": 4.99,
            "reinvestment_rate": null,
            "research_to_sale_ratio": null,
            "price_fair": 259.98,
            "eps_avg_yearly": 7.43,
            "eps_latest_yearly": 10.44,
            "eps_growth_yearly": 58.24
        },
        "20174": {
            "year_quarter": 20174,
            "year": 2017,
            "quarter": 4,
            "eps": 1,
            "eps_growth_year": -52.72,
            "eps_4q": 9.48,
            "eps_4q_growth_year": 32.98,
            "roe": 2.42,
            "gross_profit": 159849,
            "gross_margin": 19.25,
            "net_income": 72038,
            "revenue": 830411,
            "common_shares": 747703,
            "equity": 2989431,
            "current_ratio": 329.56,
            "debt_ratio": 65.52,
            "inventory_turnover_ratio": 3.15,
            "account_receivable_turnover_ratio": 4.47,
            "reinvestment_rate": 152.63,
            "research_to_sale_ratio": null,
            "price_fair": 249.07,
            "eps_avg_yearly": 7.12,
            "eps_latest_yearly": 4,
            "eps_growth_yearly": 30.52
        },
        "20181": {
            "year_quarter": 20181,
            "year": 2018,
            "quarter": 1,
            "eps": 0.13,
            "eps_growth_year": -94.25,
            "eps_4q": 7.38,
            "eps_4q_growth_year": -9.13,
            "roe": 0.33,
            "gross_profit": 78811,
            "gross_margin": 9.98,
            "net_income": 9801,
            "revenue": 789760,
            "common_shares": 747703,
            "equity": 2982603,
            "current_ratio": 325.6,
            "debt_ratio": 65.23,
            "inventory_turnover_ratio": 3.09,
            "account_receivable_turnover_ratio": 4.86,
            "reinvestment_rate": 162.59,
            "research_to_sale_ratio": null,
            "price_fair": 19.7,
            "eps_avg_yearly": 6.57,
            "eps_latest_yearly": 0.52,
            "eps_growth_yearly": -1.03
        },
        "20182": {
            "year_quarter": 20182,
            "year": 2018,
            "quarter": 2,
            "eps": 0.47,
            "eps_growth_year": -87.09,
            "eps_4q": 4.21,
            "eps_4q_growth_year": -58.25,
            "roe": 1.17,
            "gross_profit": 137723,
            "gross_margin": 16.44,
            "net_income": 33038,
            "revenue": 837539,
            "common_shares": 747703,
            "equity": 2681093,
            "current_ratio": 279.88,
            "debt_ratio": 68.52,
            "inventory_turnover_ratio": 3.38,
            "account_receivable_turnover_ratio": 4.92,
            "reinvestment_rate": 167.74,
            "research_to_sale_ratio": null,
            "price_fair": 217.22,
            "eps_avg_yearly": 6.21,
            "eps_latest_yearly": 1.88,
            "eps_growth_yearly": 79.52
        },
        "20183": {
            "year_quarter": 20183,
            "year": 2018,
            "quarter": 3,
            "eps": -1.23,
            "eps_growth_year": -147.13,
            "eps_4q": 0.37,
            "eps_4q_growth_year": -96.49,
            "roe": -3.43,
            "gross_profit": 143716,
            "gross_margin": 16.32,
            "net_income": -93685,
            "revenue": 880571,
            "common_shares": 747703,
            "equity": 2780549,
            "current_ratio": 271.03,
            "debt_ratio": 67.77,
            "inventory_turnover_ratio": 3.76,
            "account_receivable_turnover_ratio": 4.2,
            "reinvestment_rate": 201.79,
            "research_to_sale_ratio": null,
            "price_fair": 217.22,
            "eps_avg_yearly": 6.21,
            "eps_latest_yearly": 1.88,
            "eps_growth_yearly": 79.52
        },
        "20184": {
            "year_quarter": 20184,
            "year": 2018,
            "quarter": 4,
            "eps": -0.73,
            "eps_growth_year": -173.2,
            "eps_4q": -1.37,
            "eps_4q_growth_year": -114.42,
            "roe": -1.66,
            "gross_profit": 44102,
            "gross_margin": 6.34,
            "net_income": -45302,
            "revenue": 695980,
            "common_shares": 747703,
            "equity": 2670593,
            "current_ratio": 235.73,
            "debt_ratio": 67.81,
            "inventory_turnover_ratio": 3.31,
            "account_receivable_turnover_ratio": 3.64,
            "reinvestment_rate": 260.93,
            "research_to_sale_ratio": null,
            "price_fair": 217.22,
            "eps_avg_yearly": 6.21,
            "eps_latest_yearly": 1.88,
            "eps_growth_yearly": 79.52
        },
        "20191": {
            "year_quarter": 20191,
            "year": 2019,
            "quarter": 1,
            "eps": -0.97,
            "eps_growth_year": -846.15,
            "eps_4q": -2.48,
            "eps_4q_growth_year": -133.66,
            "roe": -2.81,
            "gross_profit": 47841,
            "gross_margin": 7.93,
            "net_income": -75596,
            "revenue": 603424,
            "common_shares": 737703,
            "equity": 2716181,
            "current_ratio": 188.2,
            "debt_ratio": 67.89,
            "inventory_turnover_ratio": 2.68,
            "account_receivable_turnover_ratio": 4.04,
            "reinvestment_rate": 324.31,
            "research_to_sale_ratio": null,
            "price_fair": 217.22,
            "eps_avg_yearly": 6.21,
            "eps_latest_yearly": 1.88,
            "eps_growth_yearly": 79.52
        },
        "20192": {
            "year_quarter": 20192,
            "year": 2019,
            "quarter": 2,
            "eps": -0.81,
            "eps_growth_year": -272.34,
            "eps_4q": -3.77,
            "eps_4q_growth_year": -189.59,
            "roe": -2.22,
            "gross_profit": 103568,
            "gross_margin": 12.88,
            "net_income": -61532,
            "revenue": 803814,
            "common_shares": 737703,
            "equity": 2833905,
            "current_ratio": 133.16,
            "debt_ratio": 67.84,
            "inventory_turnover_ratio": 3.19,
            "account_receivable_turnover_ratio": 3.84,
            "reinvestment_rate": 431.41,
            "research_to_sale_ratio": null,
            "price_fair": 218.17,
            "eps_avg_yearly": 6.23,
            "eps_latest_yearly": 1.88,
            "eps_growth_yearly": 82.08
        },
        "20193": {
            "year_quarter": 20193,
            "year": 2019,
            "quarter": 3,
            "eps": -0.91,
            "eps_growth_year": null,
            "eps_4q": -3.43,
            "eps_4q_growth_year": -1024.66,
            "roe": -2.49,
            "gross_profit": 39220,
            "gross_margin": 5.24,
            "net_income": -69960,
            "revenue": 748029,
            "common_shares": 737703,
            "equity": 2792064,
            "current_ratio": 116.88,
            "debt_ratio": 68.19,
            "inventory_turnover_ratio": 3.37,
            "account_receivable_turnover_ratio": 3.03,
            "reinvestment_rate": 390.14,
            "research_to_sale_ratio": null,
            "price_fair": 227.69,
            "eps_avg_yearly": 6.51,
            "eps_latest_yearly": 1.88,
            "eps_growth_yearly": 105.87
        },
        "20194": {
            "year_quarter": 20194,
            "year": 2019,
            "quarter": 4,
            "eps": -1.49,
            "eps_growth_year": null,
            "eps_4q": -4.18,
            "eps_4q_growth_year": null,
            "roe": -4.17,
            "gross_profit": -14015,
            "gross_margin": -2.15,
            "net_income": -112251,
            "revenue": 651587,
            "common_shares": 737703,
            "equity": 2595921,
            "current_ratio": 93,
            "debt_ratio": 69.9,
            "inventory_turnover_ratio": 3.21,
            "account_receivable_turnover_ratio": 3.43,
            "reinvestment_rate": 449.74,
            "research_to_sale_ratio": null,
            "price_fair": 241.64,
            "eps_avg_yearly": 6.9,
            "eps_latest_yearly": 1.88,
            "eps_growth_yearly": 125.35
        },
        "20201": {
            "year_quarter": 20201,
            "year": 2020,
            "quarter": 1,
            "eps": -0.54,
            "eps_growth_year": null,
            "eps_4q": -3.75,
            "eps_4q_growth_year": null,
            "roe": -1.85,
            "gross_profit": 32121,
            "gross_margin": 5.59,
            "net_income": -42059,
            "revenue": 574568,
            "common_shares": 737703,
            "equity": 1952339,
            "current_ratio": 69.68,
            "debt_ratio": 75.63,
            "inventory_turnover_ratio": 2.37,
            "account_receivable_turnover_ratio": 4.23,
            "reinvestment_rate": 464.9,
            "research_to_sale_ratio": null,
            "price_fair": 248.58,
            "eps_avg_yearly": 7.1,
            "eps_latest_yearly": 1.88,
            "eps_growth_yearly": 93.42
        },
        "20202": {
            "year_quarter": 20202,
            "year": 2020,
            "quarter": 2,
            "eps": -0.13,
            "eps_growth_year": null,
            "eps_4q": -2.69,
            "eps_4q_growth_year": null,
            "roe": -0.68,
            "gross_profit": 100776,
            "gross_margin": 14.59,
            "net_income": -14110,
            "revenue": 690842,
            "common_shares": 737703,
            "equity": 2206993,
            "current_ratio": 58.61,
            "debt_ratio": 74.45,
            "inventory_turnover_ratio": 2.46,
            "account_receivable_turnover_ratio": 5.2,
            "reinvestment_rate": 630.66,
            "research_to_sale_ratio": null,
            "price_fair": 251.48,
            "eps_avg_yearly": 7.19,
            "eps_latest_yearly": 1.88,
            "eps_growth_yearly": 92.2
        },
        "20203": {
            "year_quarter": 20203,
            "year": 2020,
            "quarter": 3,
            "eps": 0.96,
            "eps_growth_year": null,
            "eps_4q": -0.94,
            "eps_4q_growth_year": null,
            "roe": 3.69,
            "gross_profit": 207373,
            "gross_margin": 20.39,
            "net_income": 77410,
            "revenue": 1017166,
            "common_shares": 847669,
            "equity": 1992601,
            "current_ratio": 67.35,
            "debt_ratio": 76.49,
            "inventory_turnover_ratio": 3,
            "account_receivable_turnover_ratio": 5.94,
            "reinvestment_rate": 676.39,
            "research_to_sale_ratio": null,
            "price_fair": 244.4,
            "eps_avg_yearly": 6.98,
            "eps_latest_yearly": 1.88,
            "eps_growth_yearly": 86.21
        },
        "20204": {
            "year_quarter": 20204,
            "year": 2020,
            "quarter": 4,
            "eps": -0.63,
            "eps_growth_year": null,
            "eps_4q": -0.27,
            "eps_4q_growth_year": null,
            "roe": -2.65,
            "gross_profit": 97915,
            "gross_margin": 8.02,
            "net_income": -55126,
            "revenue": 1221077,
            "common_shares": 847669,
            "equity": 2168323,
            "current_ratio": 61.5,
            "debt_ratio": 75.39,
            "inventory_turnover_ratio": 3.36,
            "account_receivable_turnover_ratio": 5.37,
            "reinvestment_rate": 1309.86,
            "research_to_sale_ratio": null,
            "price_fair": 235.9,
            "eps_avg_yearly": 6.74,
            "eps_latest_yearly": 1.88,
            "eps_growth_yearly": 101.82
        },
        "20211": {
            "year_quarter": 20211,
            "year": 2021,
            "quarter": 1,
            "eps": -0.49,
            "eps_growth_year": null,
            "eps_4q": -0.29,
            "eps_4q_growth_year": null,
            "roe": -2.15,
            "gross_profit": 149728,
            "gross_margin": 11.55,
            "net_income": -42987,
            "revenue": 1296554,
            "common_shares": 847669,
            "equity": 1831816,
            "current_ratio": 36.88,
            "debt_ratio": 78.64,
            "inventory_turnover_ratio": 3.18,
            "account_receivable_turnover_ratio": 4.99,
            "reinvestment_rate": 4910.91,
            "research_to_sale_ratio": null,
            "price_fair": 219.8,
            "eps_avg_yearly": 6.28,
            "eps_latest_yearly": 1.88,
            "eps_growth_yearly": 116.49
        },
        "20212": {
            "year_quarter": 20212,
            "year": 2021,
            "quarter": 2,
            "eps": 1.87,
            "eps_growth_year": null,
            "eps_4q": 1.71,
            "eps_4q_growth_year": null,
            "roe": 8.85,
            "gross_profit": 418252,
            "gross_margin": 26.13,
            "net_income": 155719,
            "revenue": 1600878,
            "common_shares": 847669,
            "equity": 1688407,
            "current_ratio": 19.56,
            "debt_ratio": 79.52,
            "inventory_turnover_ratio": 3.25,
            "account_receivable_turnover_ratio": 5.43,
            "reinvestment_rate": null,
            "research_to_sale_ratio": null,
            "price_fair": 147.35,
            "eps_avg_yearly": 4.21,
            "eps_latest_yearly": 1.88,
            "eps_growth_yearly": 84.56
        },
        "20213": {
            "year_quarter": 20213,
            "year": 2021,
            "quarter": 3,
            "eps": 1.63,
            "eps_growth_year": 69.79,
            "eps_4q": 2.39,
            "eps_4q_growth_year": null,
            "roe": 8.51,
            "gross_profit": 360206,
            "gross_margin": 30.08,
            "net_income": 134627,
            "revenue": 1197551,
            "common_shares": 847669,
            "equity": 1475621,
            "current_ratio": 21.82,
            "debt_ratio": 81.63,
            "inventory_turnover_ratio": 1.95,
            "account_receivable_turnover_ratio": 4.02,
            "reinvestment_rate": null,
            "research_to_sale_ratio": null,
            "price_fair": 113.05,
            "eps_avg_yearly": 3.23,
            "eps_latest_yearly": 6.52,
            "eps_growth_yearly": 100.02
        },
        "20214": {
            "year_quarter": 20214,
            "year": 2021,
            "quarter": 4,
            "eps": 1.57,
            "eps_growth_year": null,
            "eps_4q": 4.42,
            "eps_4q_growth_year": null,
            "roe": 7.73,
            "gross_profit": 446834,
            "gross_margin": 26.96,
            "net_income": 136200,
            "revenue": 1657494,
            "common_shares": 897669,
            "equity": 2048491,
            "current_ratio": 25.38,
            "debt_ratio": 75.65,
            "inventory_turnover_ratio": 2.28,
            "account_receivable_turnover_ratio": 4.16,
            "reinvestment_rate": null,
            "research_to_sale_ratio": null,
            "price_fair": 133,
            "eps_avg_yearly": 3.8,
            "eps_latest_yearly": 6.28,
            "eps_growth_yearly": 158.02
        },
        "20221": {
            "year_quarter": 20221,
            "year": 2022,
            "quarter": 1,
            "eps": -0.89,
            "eps_growth_year": null,
            "eps_4q": 3.98,
            "eps_4q_growth_year": null,
            "roe": -4.05,
            "gross_profit": 250579,
            "gross_margin": 19.23,
            "net_income": -86611,
            "revenue": 1303113,
            "common_shares": 897669,
            "equity": 2228796,
            "current_ratio": 27.01,
            "debt_ratio": 74.04,
            "inventory_turnover_ratio": 1.74,
            "account_receivable_turnover_ratio": 2.71,
            "reinvestment_rate": null,
            "research_to_sale_ratio": null,
            "price_fair": 171.27,
            "eps_avg_yearly": 4.89,
            "eps_latest_yearly": 6.28,
            "eps_growth_yearly": 326.7
        },
        "20222": {
            "year_quarter": 20222,
            "year": 2022,
            "quarter": 2,
            "eps": -1.18,
            "eps_growth_year": -163.1,
            "eps_4q": 1.05,
            "eps_4q_growth_year": -39.04,
            "roe": -5.14,
            "gross_profit": 201953,
            "gross_margin": 18.98,
            "net_income": -107803,
            "revenue": 1063909,
            "common_shares": 897669,
            "equity": 1963991,
            "current_ratio": 172.35,
            "debt_ratio": 76.67,
            "inventory_turnover_ratio": 1.37,
            "account_receivable_turnover_ratio": 3.01,
            "reinvestment_rate": null,
            "research_to_sale_ratio": null,
            "price_fair": 19.2,
            "eps_avg_yearly": 6.4,
            "eps_latest_yearly": 6.28,
            "eps_growth_yearly": -33.03
        },
        "20223": {
            "year_quarter": 20223,
            "year": 2022,
            "quarter": 3,
            "eps": -5.84,
            "eps_growth_year": -458.28,
            "eps_4q": -6.34,
            "eps_4q_growth_year": -365.48,
            "roe": -31.29,
            "gross_profit": -17905,
            "gross_margin": -2.79,
            "net_income": -523883,
            "revenue": 641209,
            "common_shares": 897669,
            "equity": 1384427,
            "current_ratio": 129.77,
            "debt_ratio": 82.84,
            "inventory_turnover_ratio": 1.14,
            "account_receivable_turnover_ratio": 2.8,
            "reinvestment_rate": null,
            "research_to_sale_ratio": null,
            "price_fair": 19.2,
            "eps_avg_yearly": 6.4,
            "eps_latest_yearly": 6.28,
            "eps_growth_yearly": -33.03
        },
        "20224": {
            "year_quarter": 20224,
            "year": 2022,
            "quarter": 4,
            "eps": -0.93,
            "eps_growth_year": -159.5,
            "eps_4q": -8.85,
            "eps_4q_growth_year": -300.42,
            "roe": -5.66,
            "gross_profit": -32663,
            "gross_margin": -4.2,
            "net_income": -86330,
            "revenue": 777601,
            "common_shares": 897669,
            "equity": 1664870,
            "current_ratio": 91.7,
            "debt_ratio": 80.68,
            "inventory_turnover_ratio": 1.38,
            "account_receivable_turnover_ratio": 4.56,
            "reinvestment_rate": null,
            "research_to_sale_ratio": null,
            "price_fair": 19.2,
            "eps_avg_yearly": 6.4,
            "eps_latest_yearly": 6.28,
            "eps_growth_yearly": -33.03
        },
        "20231": {
            "year_quarter": 20231,
            "year": 2023,
            "quarter": 1,
            "eps": -1.72,
            "eps_growth_year": null,
            "eps_4q": -9.68,
            "eps_4q_growth_year": -342.88,
            "roe": -9.61,
            "gross_profit": 29526,
            "gross_margin": 2.73,
            "net_income": -153817,
            "revenue": 1082060,
            "common_shares": 897669,
            "equity": 1534989,
            "current_ratio": 75.4,
            "debt_ratio": 81.83,
            "inventory_turnover_ratio": 1.82,
            "account_receivable_turnover_ratio": 5.89,
            "reinvestment_rate": null,
            "research_to_sale_ratio": null,
            "price_fair": 19.2,
            "eps_avg_yearly": 6.4,
            "eps_latest_yearly": 6.28,
            "eps_growth_yearly": -33.03
        }
    },
    "months": {
        "2013-07": {
            "month": "2013-07",
            "price": "23.45",
            "revenue": 175777
        },
        "2013-08": {
            "month": "2013-08",
            "price": "25.56",
            "revenue": 172619
        },
        "2013-09": {
            "month": "2013-09",
            "price": "26.30",
            "revenue": 198758
        },
        "2013-10": {
            "month": "2013-10",
            "price": "24.17",
            "revenue": 224379
        },
        "2013-11": {
            "month": "2013-11",
            "price": "23.28",
            "revenue": 189770
        },
        "2013-12": {
            "month": "2013-12",
            "price": "24.05",
            "revenue": 165514
        },
        "2014-01": {
            "month": "2014-01",
            "price": "25.16",
            "revenue": 131406
        },
        "2014-02": {
            "month": "2014-02",
            "price": "31.03",
            "revenue": 227424
        },
        "2014-03": {
            "month": "2014-03",
            "price": "37.85",
            "revenue": 222509
        },
        "2014-04": {
            "month": "2014-04",
            "price": "36.75",
            "revenue": 182432
        },
        "2014-05": {
            "month": "2014-05",
            "price": "31.01",
            "revenue": 201418
        },
        "2014-06": {
            "month": "2014-06",
            "price": "28.77",
            "revenue": 192834
        },
        "2014-07": {
            "month": "2014-07",
            "price": "30.74",
            "revenue": 224124
        },
        "2014-08": {
            "month": "2014-08",
            "price": "32.58",
            "revenue": 190680
        },
        "2014-09": {
            "month": "2014-09",
            "price": "35.22",
            "revenue": 203450
        },
        "2014-10": {
            "month": "2014-10",
            "price": "36.32",
            "revenue": 199257
        },
        "2014-11": {
            "month": "2014-11",
            "price": "34.36",
            "revenue": 185672
        },
        "2014-12": {
            "month": "2014-12",
            "price": "35.08",
            "revenue": 178846
        },
        "2015-01": {
            "month": "2015-01",
            "price": "42.44",
            "revenue": 169870
        },
        "2015-02": {
            "month": "2015-02",
            "price": "43.85",
            "revenue": 169489
        },
        "2015-03": {
            "month": "2015-03",
            "price": "52.02",
            "revenue": 215924
        },
        "2015-04": {
            "month": "2015-04",
            "price": "54.29",
            "revenue": 175729
        },
        "2015-05": {
            "month": "2015-05",
            "price": "54.74",
            "revenue": 176474
        },
        "2015-06": {
            "month": "2015-06",
            "price": "61.63",
            "revenue": 171089
        },
        "2015-07": {
            "month": "2015-07",
            "price": "66.10",
            "revenue": 136448
        },
        "2015-08": {
            "month": "2015-08",
            "price": "68.63",
            "revenue": 141523
        },
        "2015-09": {
            "month": "2015-09",
            "price": "78.97",
            "revenue": 150188
        },
        "2015-10": {
            "month": "2015-10",
            "price": "64.35",
            "revenue": 158695
        },
        "2015-11": {
            "month": "2015-11",
            "price": "67.06",
            "revenue": 137345
        },
        "2015-12": {
            "month": "2015-12",
            "price": "76.27",
            "revenue": 145368
        },
        "2016-01": {
            "month": "2016-01",
            "price": "72.20",
            "revenue": 138794
        },
        "2016-02": {
            "month": "2016-02",
            "price": "75.06",
            "revenue": 163507
        },
        "2016-03": {
            "month": "2016-03",
            "price": "75.76",
            "revenue": 188610
        },
        "2016-04": {
            "month": "2016-04",
            "price": "84.62",
            "revenue": 200020
        },
        "2016-05": {
            "month": "2016-05",
            "price": "93.61",
            "revenue": 188019
        },
        "2016-06": {
            "month": "2016-06",
            "price": "114.08",
            "revenue": 247795
        },
        "2016-07": {
            "month": "2016-07",
            "price": "152.22",
            "revenue": 274490
        },
        "2016-08": {
            "month": "2016-08",
            "price": "163.13",
            "revenue": 264748
        },
        "2016-09": {
            "month": "2016-09",
            "price": "190.37",
            "revenue": 269784
        },
        "2016-10": {
            "month": "2016-10",
            "price": "171.98",
            "revenue": 296567
        },
        "2016-11": {
            "month": "2016-11",
            "price": "174.66",
            "revenue": 302739
        },
        "2016-12": {
            "month": "2016-12",
            "price": "189.09",
            "revenue": 296004
        },
        "2017-01": {
            "month": "2017-01",
            "price": "193.22",
            "revenue": 262085
        },
        "2017-02": {
            "month": "2017-02",
            "price": "181.94",
            "revenue": 243729
        },
        "2017-03": {
            "month": "2017-03",
            "price": "179.83",
            "revenue": 278283
        },
        "2017-04": {
            "month": "2017-04",
            "price": "176.00",
            "revenue": 301226
        },
        "2017-05": {
            "month": "2017-05",
            "price": "173.78",
            "revenue": 298694
        },
        "2017-06": {
            "month": "2017-06",
            "price": "166.87",
            "revenue": 305881
        },
        "2017-07": {
            "month": "2017-07",
            "price": "163.21",
            "revenue": 323376
        },
        "2017-08": {
            "month": "2017-08",
            "price": "164.48",
            "revenue": 289604
        },
        "2017-09": {
            "month": "2017-09",
            "price": "155.25",
            "revenue": 327601
        },
        "2017-10": {
            "month": "2017-10",
            "price": "154.87",
            "revenue": 309047
        },
        "2017-11": {
            "month": "2017-11",
            "price": "151.98",
            "revenue": 247696
        },
        "2017-12": {
            "month": "2017-12",
            "price": "148.29",
            "revenue": 273668
        },
        "2018-01": {
            "month": "2018-01",
            "price": "152.11",
            "revenue": 273581
        },
        "2018-02": {
            "month": "2018-02",
            "price": "149.38",
            "revenue": 246308
        },
        "2018-03": {
            "month": "2018-03",
            "price": "150.35",
            "revenue": 269871
        },
        "2018-04": {
            "month": "2018-04",
            "price": "141.36",
            "revenue": 266255
        },
        "2018-05": {
            "month": "2018-05",
            "price": "133.66",
            "revenue": 287984
        },
        "2018-06": {
            "month": "2018-06",
            "price": "142.30",
            "revenue": 283300
        },
        "2018-07": {
            "month": "2018-07",
            "price": "133.02",
            "revenue": 293428
        },
        "2018-08": {
            "month": "2018-08",
            "price": "122.26",
            "revenue": 294362
        },
        "2018-09": {
            "month": "2018-09",
            "price": "120.11",
            "revenue": 292781
        },
        "2018-10": {
            "month": "2018-10",
            "price": "109.74",
            "revenue": 267989
        },
        "2018-11": {
            "month": "2018-11",
            "price": "104.82",
            "revenue": 237293
        },
        "2018-12": {
            "month": "2018-12",
            "price": "107.57",
            "revenue": 190698
        },
        "2019-01": {
            "month": "2019-01",
            "price": "100.65",
            "revenue": 181075
        },
        "2019-02": {
            "month": "2019-02",
            "price": "98.18",
            "revenue": 181601
        },
        "2019-03": {
            "month": "2019-03",
            "price": "89.14",
            "revenue": 240748
        },
        "2019-04": {
            "month": "2019-04",
            "price": "95.12",
            "revenue": 255300
        },
        "2019-05": {
            "month": "2019-05",
            "price": "101.73",
            "revenue": 267247
        },
        "2019-06": {
            "month": "2019-06",
            "price": "93.72",
            "revenue": 281267
        },
        "2019-07": {
            "month": "2019-07",
            "price": "93.52",
            "revenue": 263356
        },
        "2019-08": {
            "month": "2019-08",
            "price": "88.04",
            "revenue": 252435
        },
        "2019-09": {
            "month": "2019-09",
            "price": "85.54",
            "revenue": 232238
        },
        "2019-10": {
            "month": "2019-10",
            "price": "79.78",
            "revenue": 246750
        },
        "2019-11": {
            "month": "2019-11",
            "price": "64.62",
            "revenue": 216298
        },
        "2019-12": {
            "month": "2019-12",
            "price": "65.39",
            "revenue": 188539
        },
        "2020-01": {
            "month": "2020-01",
            "price": "62.23",
            "revenue": 198575
        },
        "2020-02": {
            "month": "2020-02",
            "price": "60.28",
            "revenue": 230497
        },
        "2020-03": {
            "month": "2020-03",
            "price": "50.62",
            "revenue": 145496
        },
        "2020-04": {
            "month": "2020-04",
            "price": "39.24",
            "revenue": 190871
        },
        "2020-05": {
            "month": "2020-05",
            "price": "46.34",
            "revenue": 221807
        },
        "2020-06": {
            "month": "2020-06",
            "price": "55.54",
            "revenue": 278164
        },
        "2020-07": {
            "month": "2020-07",
            "price": "66.88",
            "revenue": 312159
        },
        "2020-08": {
            "month": "2020-08",
            "price": "69.64",
            "revenue": 331858
        },
        "2020-09": {
            "month": "2020-09",
            "price": "65.24",
            "revenue": 373149
        },
        "2020-10": {
            "month": "2020-10",
            "price": "64.69",
            "revenue": 399741
        },
        "2020-11": {
            "month": "2020-11",
            "price": "68.26",
            "revenue": 432562
        },
        "2020-12": {
            "month": "2020-12",
            "price": "67.26",
            "revenue": 388774
        },
        "2021-01": {
            "month": "2021-01",
            "price": "66.02",
            "revenue": 404048
        },
        "2021-02": {
            "month": "2021-02",
            "price": "66.52",
            "revenue": 360667
        },
        "2021-03": {
            "month": "2021-03",
            "price": "72.18",
            "revenue": 531839
        },
        "2021-04": {
            "month": "2021-04",
            "price": "78.98",
            "revenue": 501524
        },
        "2021-05": {
            "month": "2021-05",
            "price": "80.13",
            "revenue": 525497
        },
        "2021-06": {
            "month": "2021-06",
            "price": "79.93",
            "revenue": 573857
        },
        "2021-07": {
            "month": "2021-07",
            "price": "77.68",
            "revenue": 478934
        },
        "2021-08": {
            "month": "2021-08",
            "price": "79.62",
            "revenue": 305345
        },
        "2021-09": {
            "month": "2021-09",
            "price": "83.49",
            "revenue": 413272
        },
        "2021-10": {
            "month": "2021-10",
            "price": "86.18",
            "revenue": 467710
        },
        "2021-11": {
            "month": "2021-11",
            "price": "119.91",
            "revenue": 559097
        },
        "2021-12": {
            "month": "2021-12",
            "price": "133.09",
            "revenue": 630687
        },
        "2022-01": {
            "month": "2022-01",
            "price": "118.31",
            "revenue": 427890
        },
        "2022-02": {
            "month": "2022-02",
            "price": "105.76",
            "revenue": 362882
        },
        "2022-03": {
            "month": "2022-03",
            "price": "99.10",
            "revenue": 512341
        },
        "2022-04": {
            "month": "2022-04",
            "price": "85.46",
            "revenue": 452326
        },
        "2022-05": {
            "month": "2022-05",
            "price": "65.31",
            "revenue": 378715
        },
        "2022-06": {
            "month": "2022-06",
            "price": "54.43",
            "revenue": 232868
        },
        "2022-07": {
            "month": "2022-07",
            "price": "48.74",
            "revenue": 251077
        },
        "2022-08": {
            "month": "2022-08",
            "price": "49.85",
            "revenue": 169804
        },
        "2022-09": {
            "month": "2022-09",
            "price": "43.60",
            "revenue": 220328
        },
        "2022-10": {
            "month": "2022-10",
            "price": "40.11",
            "revenue": 256715
        },
        "2022-11": {
            "month": "2022-11",
            "price": "40.33",
            "revenue": 269758
        },
        "2022-12": {
            "month": "2022-12",
            "price": "39.59",
            "revenue": 251128
        },
        "2023-01": {
            "month": "2023-01",
            "price": "38.76",
            "revenue": 264815
        },
        "2023-02": {
            "month": "2023-02",
            "price": "46.79",
            "revenue": 360359
        },
        "2023-03": {
            "month": "2023-03",
            "price": "48.98",
            "revenue": 456886
        },
        "2023-04": {
            "month": "2023-04",
            "price": "59.14",
            "revenue": 440876
        }
    }
}
