{
    "summary": {
        "stock_name": "華研",
        "stock_id": "8446",
        "category": "文化創意",
        "main_business": "流行音樂之製作及發行<br>著作權授權<br>藝人演藝經紀",
        "website_url": "http://www.him.com.tw",
        "ceo": "何燕玲",
        "pe_ratio": 17,
        "report_year_from": 2011,
        "report_year_to": 2023,
        "age": 12,
        "eps_negative_percentage": 0,
        "eps_growth_avg": {
            "last_all": 5.78,
            "last_2y": -15.75,
            "last_4y": -1.2,
            "last_8y": 5.78,
            "last_12y": null,
            "last_16y": null,
            "last_20y": null,
            "at_2006_last_3y": null,
            "at_2007_last_3y": null,
            "at_2008_last_3y": null,
            "at_2009_last_3y": null,
            "at_2010_last_3y": null,
            "at_2011_last_3y": null,
            "at_2012_last_3y": null,
            "at_2013_last_3y": null,
            "at_2014_last_3y": null,
            "at_2015_last_3y": null,
            "at_2016_last_3y": null,
            "at_2017_last_3y": 14.5,
            "at_2018_last_3y": 13.36,
            "at_2019_last_3y": 17.11,
            "at_2020_last_3y": 10.48,
            "at_2021_last_3y": 0.83,
            "at_2022_last_3y": -8.65,
            "at_2023_last_3y": -8.65,
            "at_2006_last_all": null,
            "at_2007_last_all": null,
            "at_2008_last_all": null,
            "at_2009_last_all": null,
            "at_2010_last_all": null,
            "at_2011_last_all": null,
            "at_2012_last_all": null,
            "at_2013_last_all": null,
            "at_2014_last_all": null,
            "at_2015_last_all": 15.43,
            "at_2016_last_all": 16.91,
            "at_2017_last_all": 14.5,
            "at_2018_last_all": 17.32,
            "at_2019_last_all": 16.55,
            "at_2020_last_all": 13.23,
            "at_2021_last_all": 7.67,
            "at_2022_last_all": 5.78,
            "at_2023_last_all": 5.78
        },
        "latest_eps": 6.6,
        "latest_price": 113,
        "latest_roe": 24.55,
        "latest_gross_margin": 68.21,
        "latest_equity": 1462925,
        "latest_revenue": 244767,
        "latest_gross_profit": 166961,
        "latest_net_income": 78083,
        "latest_debt_ratio": 54.11,
        "latest_current_ratio": 112.42,
        "latest_account_receivable_turnover_ratio": 10.72,
        "latest_inventory_turnover_ratio": 45.9,
        "latest_reinvestment_rate": -13.73,
        "latest_research_to_sale_ratio": 7.08
    },
    "eps_dividends": {
        "2001": {
            "cash": 0,
            "stock": 0,
            "eps": 0
        },
        "2002": {
            "cash": 0,
            "stock": 0,
            "eps": 0
        },
        "2003": {
            "cash": 0,
            "stock": 0,
            "eps": 0
        },
        "2004": {
            "cash": 0,
            "stock": 0,
            "eps": 0
        },
        "2005": {
            "cash": 0,
            "stock": 0,
            "eps": 0
        },
        "2006": {
            "cash": 0,
            "stock": 0,
            "eps": 0
        },
        "2007": {
            "cash": 0,
            "stock": 0,
            "eps": 0
        },
        "2008": {
            "cash": 0,
            "stock": 0,
            "eps": 0
        },
        "2009": {
            "cash": 0,
            "stock": 0,
            "eps": 0
        },
        "2010": {
            "cash": 0,
            "stock": 0,
            "eps": 0
        },
        "2011": {
            "cash": 0,
            "stock": 0,
            "eps": 0
        },
        "2012": {
            "cash": 0,
            "stock": 0,
            "eps": 0
        },
        "2013": {
            "cash": 1,
            "stock": 1,
            "eps": 4.22
        },
        "2014": {
            "cash": 2,
            "stock": 2,
            "eps": 5.62
        },
        "2015": {
            "cash": 2,
            "stock": 2,
            "eps": 5.49
        },
        "2016": {
            "cash": 5,
            "stock": 0,
            "eps": 6.58
        },
        "2017": {
            "cash": 5,
            "stock": 1,
            "eps": 7.06
        },
        "2018": {
            "cash": 5,
            "stock": 2,
            "eps": 9.08
        },
        "2019": {
            "cash": 11,
            "stock": 0,
            "eps": 10.23
        },
        "2020": {
            "cash": 9,
            "stock": 0,
            "eps": 9.55
        },
        "2021": {
            "cash": 4,
            "stock": 0,
            "eps": 6.56
        },
        "2022": {
            "cash": 5,
            "stock": 0,
            "eps": 5.95
        },
        "2023": {
            "cash": 5,
            "stock": 0,
            "eps": 1.48
        }
    },
    "dividends": {
        "2013-06-26": {
            "cash": 0.8,
            "stock": 0.8
        },
        "2014-08-19": {
            "cash": 1.8,
            "stock": 1.8
        },
        "2015-08-07": {
            "cash": 2,
            "stock": 2
        },
        "2016-07-29": {
            "cash": 4.5,
            "stock": 0
        },
        "2017-09-15": {
            "cash": 5,
            "stock": 1
        },
        "2018-07-31": {
            "cash": 5,
            "stock": 1.5
        },
        "2019-07-30": {
            "cash": 6,
            "stock": 0
        },
        "2019-12-06": {
            "cash": 4.5,
            "stock": 0
        },
        "2020-05-05": {
            "cash": 4.5,
            "stock": 0
        },
        "2020-09-10": {
            "cash": 3.5,
            "stock": 0
        },
        "2021-05-14": {
            "cash": 3.5,
            "stock": 0
        },
        "2022-05-17": {
            "cash": 4.5,
            "stock": 0
        },
        "2023-05-10": {
            "cash": 5,
            "stock": 0
        }
    },
    "prices": {
        "200101": "無",
        "200102": "無",
        "200103": "無",
        "200104": "無",
        "200105": "無",
        "200106": "無",
        "200107": "無",
        "200108": "無",
        "200109": "無",
        "200110": "無",
        "200111": "無",
        "200112": "無",
        "200201": "無",
        "200202": "無",
        "200203": "無",
        "200204": "無",
        "200205": "無",
        "200206": "無",
        "200207": "無",
        "200208": "無",
        "200209": "無",
        "200210": "無",
        "200211": "無",
        "200212": "無",
        "200301": "無",
        "200302": "無",
        "200303": "無",
        "200304": "無",
        "200305": "無",
        "200306": "無",
        "200307": "無",
        "200308": "無",
        "200309": "無",
        "200310": "無",
        "200311": "無",
        "200312": "無",
        "200401": "無",
        "200402": "無",
        "200403": "無",
        "200404": "無",
        "200405": "無",
        "200406": "無",
        "200407": "無",
        "200408": "無",
        "200409": "無",
        "200410": "無",
        "200411": "無",
        "200412": "無",
        "200501": "無",
        "200502": "無",
        "200503": "無",
        "200504": "無",
        "200505": "無",
        "200506": "無",
        "200507": "無",
        "200508": "無",
        "200509": "無",
        "200510": "無",
        "200511": "無",
        "200512": "無",
        "200601": "無",
        "200602": "無",
        "200603": "無",
        "200604": "無",
        "200605": "無",
        "200606": "無",
        "200607": "無",
        "200608": "無",
        "200609": "無",
        "200610": "無",
        "200611": "無",
        "200612": "無",
        "200701": "無",
        "200702": "無",
        "200703": "無",
        "200704": "無",
        "200705": "無",
        "200706": "無",
        "200707": "無",
        "200708": "無",
        "200709": "無",
        "200710": "無",
        "200711": "無",
        "200712": "無",
        "200801": "無",
        "200802": "無",
        "200803": "無",
        "200804": "無",
        "200805": "無",
        "200806": "無",
        "200807": "無",
        "200808": "無",
        "200809": "無",
        "200810": "無",
        "200811": "無",
        "200812": "無",
        "200901": "無",
        "200902": "無",
        "200903": "無",
        "200904": "無",
        "200905": "無",
        "200906": "無",
        "200907": "無",
        "200908": "無",
        "200909": "無",
        "200910": "無",
        "200911": "無",
        "200912": "無",
        "201001": "無",
        "201002": "無",
        "201003": "無",
        "201004": "無",
        "201005": "無",
        "201006": "無",
        "201007": "無",
        "201008": "無",
        "201009": "無",
        "201010": "無",
        "201011": "無",
        "201012": "無",
        "201101": "無",
        "201102": "無",
        "201103": "無",
        "201104": "無",
        "201105": "無",
        "201106": "無",
        "201107": "無",
        "201108": "無",
        "201109": "無",
        "201110": "無",
        "201111": "無",
        "201112": "無",
        "201201": "無",
        "201202": "無",
        "201203": "無",
        "201204": "無",
        "201205": "無",
        "201206": "無",
        "201207": "無",
        "201208": "無",
        "201209": "無",
        "201210": "64.54",
        "201211": "61.92",
        "201212": "63.42",
        "201301": "75.04",
        "201302": "76.24",
        "201303": "78.89",
        "201304": "91.98",
        "201305": "94.68",
        "201306": "98.10",
        "201307": "118.72",
        "201308": "151.69",
        "201309": "137.10",
        "201310": "141.46",
        "201311": "130.53",
        "201312": "185.33",
        "201401": "149.50",
        "201402": "138.76",
        "201403": "143.19",
        "201404": "132.83",
        "201405": "128.45",
        "201406": "134.90",
        "201407": "120.86",
        "201408": "99.07",
        "201409": "100.44",
        "201410": "79.50",
        "201411": "73.78",
        "201412": "85.93",
        "201501": "87.94",
        "201502": "89.48",
        "201503": "90.19",
        "201504": "110.26",
        "201505": "127.08",
        "201506": "145.52",
        "201507": "114.87",
        "201508": "81.75",
        "201509": "83.21",
        "201510": "93.89",
        "201511": "97.58",
        "201512": "116.70",
        "201601": "93.22",
        "201602": "102.12",
        "201603": "111.43",
        "201604": "132.58",
        "201605": "132.86",
        "201606": "129.45",
        "201607": "125.85",
        "201608": "132.57",
        "201609": "122.89",
        "201610": "115.68",
        "201611": "103.30",
        "201612": "109.66",
        "201701": "115.00",
        "201702": "117.25",
        "201703": "117.28",
        "201704": "122.47",
        "201705": "120.45",
        "201706": "121.67",
        "201707": "123.43",
        "201708": "115.89",
        "201709": "102.28",
        "201710": "97.09",
        "201711": "100.34",
        "201712": "96.24",
        "201801": "105.75",
        "201802": "105.77",
        "201803": "136.74",
        "201804": "160.61",
        "201805": "146.36",
        "201806": "139.92",
        "201807": "131.66",
        "201808": "125.24",
        "201809": "109.44",
        "201810": "81.63",
        "201811": "82.55",
        "201812": "85.06",
        "201901": "91.85",
        "201902": "107.23",
        "201903": "108.70",
        "201904": "103.82",
        "201905": "114.41",
        "201906": "124.29",
        "201907": "130.67",
        "201908": "125.69",
        "201909": "127.21",
        "201910": "127.33",
        "201911": "130.95",
        "201912": "124.91",
        "202001": "120.93",
        "202002": "116.61",
        "202003": "102.01",
        "202004": "108.35",
        "202005": "111.58",
        "202006": "111.45",
        "202007": "106.07",
        "202008": "103.88",
        "202009": "100.93",
        "202010": "101.32",
        "202011": "104.50",
        "202012": "104.22",
        "202101": "101.07",
        "202102": "101.85",
        "202103": "115.86",
        "202104": "107.74",
        "202105": "95.19",
        "202106": "93.87",
        "202107": "91.45",
        "202108": "87.67",
        "202109": "85.84",
        "202110": "89.14",
        "202111": "89.17",
        "202112": "88.65",
        "202201": "88.70",
        "202202": "88.36",
        "202203": "86.94",
        "202204": "85.46",
        "202205": "75.94",
        "202206": "74.21",
        "202207": "71.47",
        "202208": "74.37",
        "202209": "74.85",
        "202210": "72.81",
        "202211": "75.12",
        "202212": "82.88",
        "202301": "82.39",
        "202302": "85.50",
        "202303": "87.88",
        "202304": "91.37",
        "202305": "98.84"
    },
    "quarters": {
        "20011": {
            "year_quarter": 20011,
            "year": 2001,
            "quarter": 1,
            "eps": null,
            "eps_growth_year": null,
            "eps_4q": null,
            "eps_4q_growth_year": null,
            "roe": null,
            "roe_4q": 0,
            "gross_profit": null,
            "gross_margin": null,
            "gross_margin_4q_avg": 0,
            "net_income": null,
            "revenue": null,
            "common_shares": null,
            "book_valuer_per_share": null,
            "book_valuer_per_share_4q_avg": 0,
            "equity": null,
            "current_ratio": null,
            "debt_ratio": null,
            "inventory_turnover_ratio": null,
            "account_receivable_turnover_ratio": null,
            "reinvestment_rate": null,
            "research_to_sale_ratio": null,
            "price_fair": 0,
            "eps_avg_yearly": 0,
            "eps_latest_yearly": 0,
            "eps_growth_yearly": 0
        },
        "20012": {
            "year_quarter": 20012,
            "year": 2001,
            "quarter": 2,
            "eps": null,
            "eps_growth_year": null,
            "eps_4q": null,
            "eps_4q_growth_year": null,
            "roe": null,
            "roe_4q": 0,
            "gross_profit": null,
            "gross_margin": null,
            "gross_margin_4q_avg": 0,
            "net_income": null,
            "revenue": null,
            "common_shares": null,
            "book_valuer_per_share": null,
            "book_valuer_per_share_4q_avg": 0,
            "equity": null,
            "current_ratio": null,
            "debt_ratio": null,
            "inventory_turnover_ratio": null,
            "account_receivable_turnover_ratio": null,
            "reinvestment_rate": null,
            "research_to_sale_ratio": null,
            "price_fair": 0,
            "eps_avg_yearly": 0,
            "eps_latest_yearly": 0,
            "eps_growth_yearly": 0
        },
        "20013": {
            "year_quarter": 20013,
            "year": 2001,
            "quarter": 3,
            "eps": null,
            "eps_growth_year": null,
            "eps_4q": null,
            "eps_4q_growth_year": null,
            "roe": null,
            "roe_4q": 0,
            "gross_profit": null,
            "gross_margin": null,
            "gross_margin_4q_avg": 0,
            "net_income": null,
            "revenue": null,
            "common_shares": null,
            "book_valuer_per_share": null,
            "book_valuer_per_share_4q_avg": 0,
            "equity": null,
            "current_ratio": null,
            "debt_ratio": null,
            "inventory_turnover_ratio": null,
            "account_receivable_turnover_ratio": null,
            "reinvestment_rate": null,
            "research_to_sale_ratio": null,
            "price_fair": 0,
            "eps_avg_yearly": 0,
            "eps_latest_yearly": 0,
            "eps_growth_yearly": 0
        },
        "20014": {
            "year_quarter": 20014,
            "year": 2001,
            "quarter": 4,
            "eps": null,
            "eps_growth_year": null,
            "eps_4q": null,
            "eps_4q_growth_year": null,
            "roe": null,
            "roe_4q": 0,
            "gross_profit": null,
            "gross_margin": null,
            "gross_margin_4q_avg": 0,
            "net_income": null,
            "revenue": null,
            "common_shares": null,
            "book_valuer_per_share": null,
            "book_valuer_per_share_4q_avg": 0,
            "equity": null,
            "current_ratio": null,
            "debt_ratio": null,
            "inventory_turnover_ratio": null,
            "account_receivable_turnover_ratio": null,
            "reinvestment_rate": null,
            "research_to_sale_ratio": null,
            "price_fair": 0,
            "eps_avg_yearly": 0,
            "eps_latest_yearly": 0,
            "eps_growth_yearly": 0
        },
        "20021": {
            "year_quarter": 20021,
            "year": 2002,
            "quarter": 1,
            "eps": null,
            "eps_growth_year": null,
            "eps_4q": null,
            "eps_4q_growth_year": null,
            "roe": null,
            "roe_4q": 0,
            "gross_profit": null,
            "gross_margin": null,
            "gross_margin_4q_avg": 0,
            "net_income": null,
            "revenue": null,
            "common_shares": null,
            "book_valuer_per_share": null,
            "book_valuer_per_share_4q_avg": 0,
            "equity": null,
            "current_ratio": null,
            "debt_ratio": null,
            "inventory_turnover_ratio": null,
            "account_receivable_turnover_ratio": null,
            "reinvestment_rate": null,
            "research_to_sale_ratio": null,
            "price_fair": 0,
            "eps_avg_yearly": 0,
            "eps_latest_yearly": 0,
            "eps_growth_yearly": 0
        },
        "20022": {
            "year_quarter": 20022,
            "year": 2002,
            "quarter": 2,
            "eps": null,
            "eps_growth_year": null,
            "eps_4q": null,
            "eps_4q_growth_year": null,
            "roe": null,
            "roe_4q": 0,
            "gross_profit": null,
            "gross_margin": null,
            "gross_margin_4q_avg": 0,
            "net_income": null,
            "revenue": null,
            "common_shares": null,
            "book_valuer_per_share": null,
            "book_valuer_per_share_4q_avg": 0,
            "equity": null,
            "current_ratio": null,
            "debt_ratio": null,
            "inventory_turnover_ratio": null,
            "account_receivable_turnover_ratio": null,
            "reinvestment_rate": null,
            "research_to_sale_ratio": null,
            "price_fair": 0,
            "eps_avg_yearly": 0,
            "eps_latest_yearly": 0,
            "eps_growth_yearly": 0
        },
        "20023": {
            "year_quarter": 20023,
            "year": 2002,
            "quarter": 3,
            "eps": null,
            "eps_growth_year": null,
            "eps_4q": null,
            "eps_4q_growth_year": null,
            "roe": null,
            "roe_4q": 0,
            "gross_profit": null,
            "gross_margin": null,
            "gross_margin_4q_avg": 0,
            "net_income": null,
            "revenue": null,
            "common_shares": null,
            "book_valuer_per_share": null,
            "book_valuer_per_share_4q_avg": 0,
            "equity": null,
            "current_ratio": null,
            "debt_ratio": null,
            "inventory_turnover_ratio": null,
            "account_receivable_turnover_ratio": null,
            "reinvestment_rate": null,
            "research_to_sale_ratio": null,
            "price_fair": 0,
            "eps_avg_yearly": 0,
            "eps_latest_yearly": 0,
            "eps_growth_yearly": 0
        },
        "20024": {
            "year_quarter": 20024,
            "year": 2002,
            "quarter": 4,
            "eps": null,
            "eps_growth_year": null,
            "eps_4q": null,
            "eps_4q_growth_year": null,
            "roe": null,
            "roe_4q": 0,
            "gross_profit": null,
            "gross_margin": null,
            "gross_margin_4q_avg": 0,
            "net_income": null,
            "revenue": null,
            "common_shares": null,
            "book_valuer_per_share": null,
            "book_valuer_per_share_4q_avg": 0,
            "equity": null,
            "current_ratio": null,
            "debt_ratio": null,
            "inventory_turnover_ratio": null,
            "account_receivable_turnover_ratio": null,
            "reinvestment_rate": null,
            "research_to_sale_ratio": null,
            "price_fair": 0,
            "eps_avg_yearly": 0,
            "eps_latest_yearly": 0,
            "eps_growth_yearly": 0
        },
        "20031": {
            "year_quarter": 20031,
            "year": 2003,
            "quarter": 1,
            "eps": null,
            "eps_growth_year": null,
            "eps_4q": null,
            "eps_4q_growth_year": null,
            "roe": null,
            "roe_4q": 0,
            "gross_profit": null,
            "gross_margin": null,
            "gross_margin_4q_avg": 0,
            "net_income": null,
            "revenue": null,
            "common_shares": null,
            "book_valuer_per_share": null,
            "book_valuer_per_share_4q_avg": 0,
            "equity": null,
            "current_ratio": null,
            "debt_ratio": null,
            "inventory_turnover_ratio": null,
            "account_receivable_turnover_ratio": null,
            "reinvestment_rate": null,
            "research_to_sale_ratio": null,
            "price_fair": 0,
            "eps_avg_yearly": 0,
            "eps_latest_yearly": 0,
            "eps_growth_yearly": 0
        },
        "20032": {
            "year_quarter": 20032,
            "year": 2003,
            "quarter": 2,
            "eps": null,
            "eps_growth_year": null,
            "eps_4q": null,
            "eps_4q_growth_year": null,
            "roe": null,
            "roe_4q": 0,
            "gross_profit": null,
            "gross_margin": null,
            "gross_margin_4q_avg": 0,
            "net_income": null,
            "revenue": null,
            "common_shares": null,
            "book_valuer_per_share": null,
            "book_valuer_per_share_4q_avg": 0,
            "equity": null,
            "current_ratio": null,
            "debt_ratio": null,
            "inventory_turnover_ratio": null,
            "account_receivable_turnover_ratio": null,
            "reinvestment_rate": null,
            "research_to_sale_ratio": null,
            "price_fair": 0,
            "eps_avg_yearly": 0,
            "eps_latest_yearly": 0,
            "eps_growth_yearly": 0
        },
        "20033": {
            "year_quarter": 20033,
            "year": 2003,
            "quarter": 3,
            "eps": null,
            "eps_growth_year": null,
            "eps_4q": null,
            "eps_4q_growth_year": null,
            "roe": null,
            "roe_4q": 0,
            "gross_profit": null,
            "gross_margin": null,
            "gross_margin_4q_avg": 0,
            "net_income": null,
            "revenue": null,
            "common_shares": null,
            "book_valuer_per_share": null,
            "book_valuer_per_share_4q_avg": 0,
            "equity": null,
            "current_ratio": null,
            "debt_ratio": null,
            "inventory_turnover_ratio": null,
            "account_receivable_turnover_ratio": null,
            "reinvestment_rate": null,
            "research_to_sale_ratio": null,
            "price_fair": 0,
            "eps_avg_yearly": 0,
            "eps_latest_yearly": 0,
            "eps_growth_yearly": 0
        },
        "20034": {
            "year_quarter": 20034,
            "year": 2003,
            "quarter": 4,
            "eps": null,
            "eps_growth_year": null,
            "eps_4q": null,
            "eps_4q_growth_year": null,
            "roe": null,
            "roe_4q": 0,
            "gross_profit": null,
            "gross_margin": null,
            "gross_margin_4q_avg": 0,
            "net_income": null,
            "revenue": null,
            "common_shares": null,
            "book_valuer_per_share": null,
            "book_valuer_per_share_4q_avg": 0,
            "equity": null,
            "current_ratio": null,
            "debt_ratio": null,
            "inventory_turnover_ratio": null,
            "account_receivable_turnover_ratio": null,
            "reinvestment_rate": null,
            "research_to_sale_ratio": null,
            "price_fair": 0,
            "eps_avg_yearly": 0,
            "eps_latest_yearly": 0,
            "eps_growth_yearly": 0
        },
        "20041": {
            "year_quarter": 20041,
            "year": 2004,
            "quarter": 1,
            "eps": null,
            "eps_growth_year": null,
            "eps_4q": null,
            "eps_4q_growth_year": null,
            "roe": null,
            "roe_4q": 0,
            "gross_profit": null,
            "gross_margin": null,
            "gross_margin_4q_avg": 0,
            "net_income": null,
            "revenue": null,
            "common_shares": null,
            "book_valuer_per_share": null,
            "book_valuer_per_share_4q_avg": 0,
            "equity": null,
            "current_ratio": null,
            "debt_ratio": null,
            "inventory_turnover_ratio": null,
            "account_receivable_turnover_ratio": null,
            "reinvestment_rate": null,
            "research_to_sale_ratio": null,
            "price_fair": 0,
            "eps_avg_yearly": 0,
            "eps_latest_yearly": 0,
            "eps_growth_yearly": 0
        },
        "20042": {
            "year_quarter": 20042,
            "year": 2004,
            "quarter": 2,
            "eps": null,
            "eps_growth_year": null,
            "eps_4q": null,
            "eps_4q_growth_year": null,
            "roe": null,
            "roe_4q": 0,
            "gross_profit": null,
            "gross_margin": null,
            "gross_margin_4q_avg": 0,
            "net_income": null,
            "revenue": null,
            "common_shares": null,
            "book_valuer_per_share": null,
            "book_valuer_per_share_4q_avg": 0,
            "equity": null,
            "current_ratio": null,
            "debt_ratio": null,
            "inventory_turnover_ratio": null,
            "account_receivable_turnover_ratio": null,
            "reinvestment_rate": null,
            "research_to_sale_ratio": null,
            "price_fair": 0,
            "eps_avg_yearly": 0,
            "eps_latest_yearly": 0,
            "eps_growth_yearly": 0
        },
        "20043": {
            "year_quarter": 20043,
            "year": 2004,
            "quarter": 3,
            "eps": null,
            "eps_growth_year": null,
            "eps_4q": null,
            "eps_4q_growth_year": null,
            "roe": null,
            "roe_4q": 0,
            "gross_profit": null,
            "gross_margin": null,
            "gross_margin_4q_avg": 0,
            "net_income": null,
            "revenue": null,
            "common_shares": null,
            "book_valuer_per_share": null,
            "book_valuer_per_share_4q_avg": 0,
            "equity": null,
            "current_ratio": null,
            "debt_ratio": null,
            "inventory_turnover_ratio": null,
            "account_receivable_turnover_ratio": null,
            "reinvestment_rate": null,
            "research_to_sale_ratio": null,
            "price_fair": 0,
            "eps_avg_yearly": 0,
            "eps_latest_yearly": 0,
            "eps_growth_yearly": 0
        },
        "20044": {
            "year_quarter": 20044,
            "year": 2004,
            "quarter": 4,
            "eps": null,
            "eps_growth_year": null,
            "eps_4q": null,
            "eps_4q_growth_year": null,
            "roe": null,
            "roe_4q": 0,
            "gross_profit": null,
            "gross_margin": null,
            "gross_margin_4q_avg": 0,
            "net_income": null,
            "revenue": null,
            "common_shares": null,
            "book_valuer_per_share": null,
            "book_valuer_per_share_4q_avg": 0,
            "equity": null,
            "current_ratio": null,
            "debt_ratio": null,
            "inventory_turnover_ratio": null,
            "account_receivable_turnover_ratio": null,
            "reinvestment_rate": null,
            "research_to_sale_ratio": null,
            "price_fair": 0,
            "eps_avg_yearly": 0,
            "eps_latest_yearly": 0,
            "eps_growth_yearly": 0
        },
        "20051": {
            "year_quarter": 20051,
            "year": 2005,
            "quarter": 1,
            "eps": null,
            "eps_growth_year": null,
            "eps_4q": null,
            "eps_4q_growth_year": null,
            "roe": null,
            "roe_4q": 0,
            "gross_profit": null,
            "gross_margin": null,
            "gross_margin_4q_avg": 0,
            "net_income": null,
            "revenue": null,
            "common_shares": null,
            "book_valuer_per_share": null,
            "book_valuer_per_share_4q_avg": 0,
            "equity": null,
            "current_ratio": null,
            "debt_ratio": null,
            "inventory_turnover_ratio": null,
            "account_receivable_turnover_ratio": null,
            "reinvestment_rate": null,
            "research_to_sale_ratio": null,
            "price_fair": 0,
            "eps_avg_yearly": 0,
            "eps_latest_yearly": 0,
            "eps_growth_yearly": 0
        },
        "20052": {
            "year_quarter": 20052,
            "year": 2005,
            "quarter": 2,
            "eps": null,
            "eps_growth_year": null,
            "eps_4q": null,
            "eps_4q_growth_year": null,
            "roe": null,
            "roe_4q": 0,
            "gross_profit": null,
            "gross_margin": null,
            "gross_margin_4q_avg": 0,
            "net_income": null,
            "revenue": null,
            "common_shares": null,
            "book_valuer_per_share": null,
            "book_valuer_per_share_4q_avg": 0,
            "equity": null,
            "current_ratio": null,
            "debt_ratio": null,
            "inventory_turnover_ratio": null,
            "account_receivable_turnover_ratio": null,
            "reinvestment_rate": null,
            "research_to_sale_ratio": null,
            "price_fair": 0,
            "eps_avg_yearly": 0,
            "eps_latest_yearly": 0,
            "eps_growth_yearly": 0
        },
        "20053": {
            "year_quarter": 20053,
            "year": 2005,
            "quarter": 3,
            "eps": null,
            "eps_growth_year": null,
            "eps_4q": null,
            "eps_4q_growth_year": null,
            "roe": null,
            "roe_4q": 0,
            "gross_profit": null,
            "gross_margin": null,
            "gross_margin_4q_avg": 0,
            "net_income": null,
            "revenue": null,
            "common_shares": null,
            "book_valuer_per_share": null,
            "book_valuer_per_share_4q_avg": 0,
            "equity": null,
            "current_ratio": null,
            "debt_ratio": null,
            "inventory_turnover_ratio": null,
            "account_receivable_turnover_ratio": null,
            "reinvestment_rate": null,
            "research_to_sale_ratio": null,
            "price_fair": 0,
            "eps_avg_yearly": 0,
            "eps_latest_yearly": 0,
            "eps_growth_yearly": 0
        },
        "20054": {
            "year_quarter": 20054,
            "year": 2005,
            "quarter": 4,
            "eps": null,
            "eps_growth_year": null,
            "eps_4q": null,
            "eps_4q_growth_year": null,
            "roe": null,
            "roe_4q": 0,
            "gross_profit": null,
            "gross_margin": null,
            "gross_margin_4q_avg": 0,
            "net_income": null,
            "revenue": null,
            "common_shares": null,
            "book_valuer_per_share": null,
            "book_valuer_per_share_4q_avg": 0,
            "equity": null,
            "current_ratio": null,
            "debt_ratio": null,
            "inventory_turnover_ratio": null,
            "account_receivable_turnover_ratio": null,
            "reinvestment_rate": null,
            "research_to_sale_ratio": null,
            "price_fair": 0,
            "eps_avg_yearly": 0,
            "eps_latest_yearly": 0,
            "eps_growth_yearly": 0
        },
        "20061": {
            "year_quarter": 20061,
            "year": 2006,
            "quarter": 1,
            "eps": null,
            "eps_growth_year": null,
            "eps_4q": null,
            "eps_4q_growth_year": null,
            "roe": null,
            "roe_4q": 0,
            "gross_profit": null,
            "gross_margin": null,
            "gross_margin_4q_avg": 0,
            "net_income": null,
            "revenue": null,
            "common_shares": null,
            "book_valuer_per_share": null,
            "book_valuer_per_share_4q_avg": 0,
            "equity": null,
            "current_ratio": null,
            "debt_ratio": null,
            "inventory_turnover_ratio": null,
            "account_receivable_turnover_ratio": null,
            "reinvestment_rate": null,
            "research_to_sale_ratio": null,
            "price_fair": 0,
            "eps_avg_yearly": 0,
            "eps_latest_yearly": 0,
            "eps_growth_yearly": 0
        },
        "20062": {
            "year_quarter": 20062,
            "year": 2006,
            "quarter": 2,
            "eps": null,
            "eps_growth_year": null,
            "eps_4q": null,
            "eps_4q_growth_year": null,
            "roe": null,
            "roe_4q": 0,
            "gross_profit": null,
            "gross_margin": null,
            "gross_margin_4q_avg": 0,
            "net_income": null,
            "revenue": null,
            "common_shares": null,
            "book_valuer_per_share": null,
            "book_valuer_per_share_4q_avg": 0,
            "equity": null,
            "current_ratio": null,
            "debt_ratio": null,
            "inventory_turnover_ratio": null,
            "account_receivable_turnover_ratio": null,
            "reinvestment_rate": null,
            "research_to_sale_ratio": null,
            "price_fair": 0,
            "eps_avg_yearly": 0,
            "eps_latest_yearly": 0,
            "eps_growth_yearly": 0
        },
        "20063": {
            "year_quarter": 20063,
            "year": 2006,
            "quarter": 3,
            "eps": null,
            "eps_growth_year": null,
            "eps_4q": null,
            "eps_4q_growth_year": null,
            "roe": null,
            "roe_4q": 0,
            "gross_profit": null,
            "gross_margin": null,
            "gross_margin_4q_avg": 0,
            "net_income": null,
            "revenue": null,
            "common_shares": null,
            "book_valuer_per_share": null,
            "book_valuer_per_share_4q_avg": 0,
            "equity": null,
            "current_ratio": null,
            "debt_ratio": null,
            "inventory_turnover_ratio": null,
            "account_receivable_turnover_ratio": null,
            "reinvestment_rate": null,
            "research_to_sale_ratio": null,
            "price_fair": 0,
            "eps_avg_yearly": 0,
            "eps_latest_yearly": 0,
            "eps_growth_yearly": 0
        },
        "20064": {
            "year_quarter": 20064,
            "year": 2006,
            "quarter": 4,
            "eps": null,
            "eps_growth_year": null,
            "eps_4q": null,
            "eps_4q_growth_year": null,
            "roe": null,
            "roe_4q": 0,
            "gross_profit": null,
            "gross_margin": null,
            "gross_margin_4q_avg": 0,
            "net_income": null,
            "revenue": null,
            "common_shares": null,
            "book_valuer_per_share": null,
            "book_valuer_per_share_4q_avg": 0,
            "equity": null,
            "current_ratio": null,
            "debt_ratio": null,
            "inventory_turnover_ratio": null,
            "account_receivable_turnover_ratio": null,
            "reinvestment_rate": null,
            "research_to_sale_ratio": null,
            "price_fair": 0,
            "eps_avg_yearly": 0,
            "eps_latest_yearly": 0,
            "eps_growth_yearly": 0
        },
        "20071": {
            "year_quarter": 20071,
            "year": 2007,
            "quarter": 1,
            "eps": null,
            "eps_growth_year": null,
            "eps_4q": null,
            "eps_4q_growth_year": null,
            "roe": null,
            "roe_4q": 0,
            "gross_profit": null,
            "gross_margin": null,
            "gross_margin_4q_avg": 0,
            "net_income": null,
            "revenue": null,
            "common_shares": null,
            "book_valuer_per_share": null,
            "book_valuer_per_share_4q_avg": 0,
            "equity": null,
            "current_ratio": null,
            "debt_ratio": null,
            "inventory_turnover_ratio": null,
            "account_receivable_turnover_ratio": null,
            "reinvestment_rate": null,
            "research_to_sale_ratio": null,
            "price_fair": 0,
            "eps_avg_yearly": 0,
            "eps_latest_yearly": 0,
            "eps_growth_yearly": 0
        },
        "20072": {
            "year_quarter": 20072,
            "year": 2007,
            "quarter": 2,
            "eps": null,
            "eps_growth_year": null,
            "eps_4q": null,
            "eps_4q_growth_year": null,
            "roe": null,
            "roe_4q": 0,
            "gross_profit": null,
            "gross_margin": null,
            "gross_margin_4q_avg": 0,
            "net_income": null,
            "revenue": null,
            "common_shares": null,
            "book_valuer_per_share": null,
            "book_valuer_per_share_4q_avg": 0,
            "equity": null,
            "current_ratio": null,
            "debt_ratio": null,
            "inventory_turnover_ratio": null,
            "account_receivable_turnover_ratio": null,
            "reinvestment_rate": null,
            "research_to_sale_ratio": null,
            "price_fair": 0,
            "eps_avg_yearly": 0,
            "eps_latest_yearly": 0,
            "eps_growth_yearly": 0
        },
        "20073": {
            "year_quarter": 20073,
            "year": 2007,
            "quarter": 3,
            "eps": null,
            "eps_growth_year": null,
            "eps_4q": null,
            "eps_4q_growth_year": null,
            "roe": null,
            "roe_4q": 0,
            "gross_profit": null,
            "gross_margin": null,
            "gross_margin_4q_avg": 0,
            "net_income": null,
            "revenue": null,
            "common_shares": null,
            "book_valuer_per_share": null,
            "book_valuer_per_share_4q_avg": 0,
            "equity": null,
            "current_ratio": null,
            "debt_ratio": null,
            "inventory_turnover_ratio": null,
            "account_receivable_turnover_ratio": null,
            "reinvestment_rate": null,
            "research_to_sale_ratio": null,
            "price_fair": 0,
            "eps_avg_yearly": 0,
            "eps_latest_yearly": 0,
            "eps_growth_yearly": 0
        },
        "20074": {
            "year_quarter": 20074,
            "year": 2007,
            "quarter": 4,
            "eps": null,
            "eps_growth_year": null,
            "eps_4q": null,
            "eps_4q_growth_year": null,
            "roe": null,
            "roe_4q": 0,
            "gross_profit": null,
            "gross_margin": null,
            "gross_margin_4q_avg": 0,
            "net_income": null,
            "revenue": null,
            "common_shares": 200000,
            "book_valuer_per_share": 6.59,
            "book_valuer_per_share_4q_avg": 1.65,
            "equity": 131784,
            "current_ratio": 221.16,
            "debt_ratio": 37.83,
            "inventory_turnover_ratio": null,
            "account_receivable_turnover_ratio": null,
            "reinvestment_rate": null,
            "research_to_sale_ratio": null,
            "price_fair": 0,
            "eps_avg_yearly": 0,
            "eps_latest_yearly": 0,
            "eps_growth_yearly": 0
        },
        "20081": {
            "year_quarter": 20081,
            "year": 2008,
            "quarter": 1,
            "eps": null,
            "eps_growth_year": null,
            "eps_4q": null,
            "eps_4q_growth_year": null,
            "roe": null,
            "roe_4q": 0,
            "gross_profit": null,
            "gross_margin": null,
            "gross_margin_4q_avg": 0,
            "net_income": null,
            "revenue": null,
            "common_shares": null,
            "book_valuer_per_share": null,
            "book_valuer_per_share_4q_avg": 1.65,
            "equity": null,
            "current_ratio": null,
            "debt_ratio": null,
            "inventory_turnover_ratio": null,
            "account_receivable_turnover_ratio": null,
            "reinvestment_rate": null,
            "research_to_sale_ratio": null,
            "price_fair": 0,
            "eps_avg_yearly": 0,
            "eps_latest_yearly": 0,
            "eps_growth_yearly": 0
        },
        "20082": {
            "year_quarter": 20082,
            "year": 2008,
            "quarter": 2,
            "eps": null,
            "eps_growth_year": null,
            "eps_4q": null,
            "eps_4q_growth_year": null,
            "roe": null,
            "roe_4q": 0,
            "gross_profit": null,
            "gross_margin": null,
            "gross_margin_4q_avg": 0,
            "net_income": null,
            "revenue": null,
            "common_shares": null,
            "book_valuer_per_share": null,
            "book_valuer_per_share_4q_avg": 1.65,
            "equity": null,
            "current_ratio": null,
            "debt_ratio": null,
            "inventory_turnover_ratio": null,
            "account_receivable_turnover_ratio": null,
            "reinvestment_rate": null,
            "research_to_sale_ratio": null,
            "price_fair": 0,
            "eps_avg_yearly": 0,
            "eps_latest_yearly": 0,
            "eps_growth_yearly": 0
        },
        "20083": {
            "year_quarter": 20083,
            "year": 2008,
            "quarter": 3,
            "eps": null,
            "eps_growth_year": null,
            "eps_4q": null,
            "eps_4q_growth_year": null,
            "roe": null,
            "roe_4q": 0,
            "gross_profit": null,
            "gross_margin": null,
            "gross_margin_4q_avg": 0,
            "net_income": null,
            "revenue": null,
            "common_shares": null,
            "book_valuer_per_share": null,
            "book_valuer_per_share_4q_avg": 1.65,
            "equity": null,
            "current_ratio": null,
            "debt_ratio": null,
            "inventory_turnover_ratio": null,
            "account_receivable_turnover_ratio": null,
            "reinvestment_rate": null,
            "research_to_sale_ratio": null,
            "price_fair": 0,
            "eps_avg_yearly": 0,
            "eps_latest_yearly": 0,
            "eps_growth_yearly": 0
        },
        "20084": {
            "year_quarter": 20084,
            "year": 2008,
            "quarter": 4,
            "eps": null,
            "eps_growth_year": null,
            "eps_4q": null,
            "eps_4q_growth_year": null,
            "roe": null,
            "roe_4q": 0,
            "gross_profit": null,
            "gross_margin": null,
            "gross_margin_4q_avg": 0,
            "net_income": null,
            "revenue": null,
            "common_shares": 200000,
            "book_valuer_per_share": 6.16,
            "book_valuer_per_share_4q_avg": 1.54,
            "equity": 123258,
            "current_ratio": 210.52,
            "debt_ratio": 40.06,
            "inventory_turnover_ratio": null,
            "account_receivable_turnover_ratio": null,
            "reinvestment_rate": null,
            "research_to_sale_ratio": null,
            "price_fair": 0,
            "eps_avg_yearly": 0,
            "eps_latest_yearly": 0,
            "eps_growth_yearly": 0
        },
        "20091": {
            "year_quarter": 20091,
            "year": 2009,
            "quarter": 1,
            "eps": null,
            "eps_growth_year": null,
            "eps_4q": null,
            "eps_4q_growth_year": null,
            "roe": null,
            "roe_4q": 0,
            "gross_profit": null,
            "gross_margin": null,
            "gross_margin_4q_avg": 0,
            "net_income": null,
            "revenue": null,
            "common_shares": null,
            "book_valuer_per_share": null,
            "book_valuer_per_share_4q_avg": 1.54,
            "equity": null,
            "current_ratio": null,
            "debt_ratio": null,
            "inventory_turnover_ratio": null,
            "account_receivable_turnover_ratio": null,
            "reinvestment_rate": null,
            "research_to_sale_ratio": null,
            "price_fair": 0,
            "eps_avg_yearly": 0,
            "eps_latest_yearly": 0,
            "eps_growth_yearly": 0
        },
        "20092": {
            "year_quarter": 20092,
            "year": 2009,
            "quarter": 2,
            "eps": null,
            "eps_growth_year": null,
            "eps_4q": null,
            "eps_4q_growth_year": null,
            "roe": null,
            "roe_4q": 0,
            "gross_profit": null,
            "gross_margin": null,
            "gross_margin_4q_avg": 0,
            "net_income": null,
            "revenue": null,
            "common_shares": null,
            "book_valuer_per_share": null,
            "book_valuer_per_share_4q_avg": 1.54,
            "equity": null,
            "current_ratio": null,
            "debt_ratio": null,
            "inventory_turnover_ratio": null,
            "account_receivable_turnover_ratio": null,
            "reinvestment_rate": null,
            "research_to_sale_ratio": null,
            "price_fair": 0,
            "eps_avg_yearly": 0,
            "eps_latest_yearly": 0,
            "eps_growth_yearly": 0
        },
        "20093": {
            "year_quarter": 20093,
            "year": 2009,
            "quarter": 3,
            "eps": null,
            "eps_growth_year": null,
            "eps_4q": null,
            "eps_4q_growth_year": null,
            "roe": null,
            "roe_4q": 0,
            "gross_profit": null,
            "gross_margin": null,
            "gross_margin_4q_avg": 0,
            "net_income": null,
            "revenue": null,
            "common_shares": null,
            "book_valuer_per_share": null,
            "book_valuer_per_share_4q_avg": 1.54,
            "equity": null,
            "current_ratio": null,
            "debt_ratio": null,
            "inventory_turnover_ratio": null,
            "account_receivable_turnover_ratio": null,
            "reinvestment_rate": null,
            "research_to_sale_ratio": null,
            "price_fair": 0,
            "eps_avg_yearly": 0,
            "eps_latest_yearly": 0,
            "eps_growth_yearly": 0
        },
        "20094": {
            "year_quarter": 20094,
            "year": 2009,
            "quarter": 4,
            "eps": null,
            "eps_growth_year": null,
            "eps_4q": null,
            "eps_4q_growth_year": null,
            "roe": null,
            "roe_4q": 0,
            "gross_profit": null,
            "gross_margin": null,
            "gross_margin_4q_avg": 0,
            "net_income": null,
            "revenue": null,
            "common_shares": 200000,
            "book_valuer_per_share": 6.8,
            "book_valuer_per_share_4q_avg": 1.7,
            "equity": 136098,
            "current_ratio": 303.06,
            "debt_ratio": 26.92,
            "inventory_turnover_ratio": null,
            "account_receivable_turnover_ratio": null,
            "reinvestment_rate": null,
            "research_to_sale_ratio": null,
            "price_fair": 0,
            "eps_avg_yearly": 0,
            "eps_latest_yearly": 0,
            "eps_growth_yearly": 0
        },
        "20101": {
            "year_quarter": 20101,
            "year": 2010,
            "quarter": 1,
            "eps": null,
            "eps_growth_year": null,
            "eps_4q": null,
            "eps_4q_growth_year": null,
            "roe": null,
            "roe_4q": 0,
            "gross_profit": null,
            "gross_margin": null,
            "gross_margin_4q_avg": 0,
            "net_income": null,
            "revenue": null,
            "common_shares": null,
            "book_valuer_per_share": null,
            "book_valuer_per_share_4q_avg": 1.7,
            "equity": null,
            "current_ratio": null,
            "debt_ratio": null,
            "inventory_turnover_ratio": null,
            "account_receivable_turnover_ratio": null,
            "reinvestment_rate": null,
            "research_to_sale_ratio": null,
            "price_fair": 0,
            "eps_avg_yearly": 0,
            "eps_latest_yearly": 0,
            "eps_growth_yearly": 0
        },
        "20102": {
            "year_quarter": 20102,
            "year": 2010,
            "quarter": 2,
            "eps": null,
            "eps_growth_year": null,
            "eps_4q": null,
            "eps_4q_growth_year": null,
            "roe": null,
            "roe_4q": 0,
            "gross_profit": null,
            "gross_margin": null,
            "gross_margin_4q_avg": 0,
            "net_income": null,
            "revenue": null,
            "common_shares": null,
            "book_valuer_per_share": null,
            "book_valuer_per_share_4q_avg": 1.7,
            "equity": null,
            "current_ratio": null,
            "debt_ratio": null,
            "inventory_turnover_ratio": null,
            "account_receivable_turnover_ratio": null,
            "reinvestment_rate": null,
            "research_to_sale_ratio": null,
            "price_fair": 0,
            "eps_avg_yearly": 0,
            "eps_latest_yearly": 0,
            "eps_growth_yearly": 0
        },
        "20103": {
            "year_quarter": 20103,
            "year": 2010,
            "quarter": 3,
            "eps": null,
            "eps_growth_year": null,
            "eps_4q": null,
            "eps_4q_growth_year": null,
            "roe": null,
            "roe_4q": 0,
            "gross_profit": null,
            "gross_margin": null,
            "gross_margin_4q_avg": 0,
            "net_income": null,
            "revenue": null,
            "common_shares": null,
            "book_valuer_per_share": null,
            "book_valuer_per_share_4q_avg": 1.7,
            "equity": null,
            "current_ratio": null,
            "debt_ratio": null,
            "inventory_turnover_ratio": null,
            "account_receivable_turnover_ratio": null,
            "reinvestment_rate": null,
            "research_to_sale_ratio": null,
            "price_fair": 0,
            "eps_avg_yearly": 0,
            "eps_latest_yearly": 0,
            "eps_growth_yearly": 0
        },
        "20104": {
            "year_quarter": 20104,
            "year": 2010,
            "quarter": 4,
            "eps": null,
            "eps_growth_year": null,
            "eps_4q": null,
            "eps_4q_growth_year": null,
            "roe": null,
            "roe_4q": 0,
            "gross_profit": null,
            "gross_margin": null,
            "gross_margin_4q_avg": 0,
            "net_income": null,
            "revenue": null,
            "common_shares": 200000,
            "book_valuer_per_share": 7.47,
            "book_valuer_per_share_4q_avg": 1.87,
            "equity": 203833,
            "current_ratio": 184.27,
            "debt_ratio": 50.3,
            "inventory_turnover_ratio": null,
            "account_receivable_turnover_ratio": null,
            "reinvestment_rate": null,
            "research_to_sale_ratio": null,
            "price_fair": 0,
            "eps_avg_yearly": 0,
            "eps_latest_yearly": 0,
            "eps_growth_yearly": 0
        },
        "20111": {
            "year_quarter": 20111,
            "year": 2011,
            "quarter": 1,
            "eps": null,
            "eps_growth_year": null,
            "eps_4q": null,
            "eps_4q_growth_year": null,
            "roe": null,
            "roe_4q": 0,
            "gross_profit": null,
            "gross_margin": null,
            "gross_margin_4q_avg": 0,
            "net_income": null,
            "revenue": null,
            "common_shares": null,
            "book_valuer_per_share": null,
            "book_valuer_per_share_4q_avg": 1.87,
            "equity": null,
            "current_ratio": null,
            "debt_ratio": null,
            "inventory_turnover_ratio": null,
            "account_receivable_turnover_ratio": null,
            "reinvestment_rate": null,
            "research_to_sale_ratio": null,
            "price_fair": 0,
            "eps_avg_yearly": 0,
            "eps_latest_yearly": 0,
            "eps_growth_yearly": 0
        },
        "20112": {
            "year_quarter": 20112,
            "year": 2011,
            "quarter": 2,
            "eps": null,
            "eps_growth_year": null,
            "eps_4q": null,
            "eps_4q_growth_year": null,
            "roe": null,
            "roe_4q": 0,
            "gross_profit": null,
            "gross_margin": null,
            "gross_margin_4q_avg": 0,
            "net_income": null,
            "revenue": null,
            "common_shares": 0,
            "book_valuer_per_share": null,
            "book_valuer_per_share_4q_avg": 1.87,
            "equity": 0,
            "current_ratio": null,
            "debt_ratio": null,
            "inventory_turnover_ratio": null,
            "account_receivable_turnover_ratio": null,
            "reinvestment_rate": null,
            "research_to_sale_ratio": null,
            "price_fair": 0,
            "eps_avg_yearly": 0,
            "eps_latest_yearly": 0,
            "eps_growth_yearly": 0
        },
        "20113": {
            "year_quarter": 20113,
            "year": 2011,
            "quarter": 3,
            "eps": null,
            "eps_growth_year": null,
            "eps_4q": null,
            "eps_4q_growth_year": null,
            "roe": null,
            "roe_4q": 0,
            "gross_profit": null,
            "gross_margin": null,
            "gross_margin_4q_avg": 0,
            "net_income": null,
            "revenue": null,
            "common_shares": null,
            "book_valuer_per_share": null,
            "book_valuer_per_share_4q_avg": 1.87,
            "equity": null,
            "current_ratio": null,
            "debt_ratio": null,
            "inventory_turnover_ratio": null,
            "account_receivable_turnover_ratio": null,
            "reinvestment_rate": null,
            "research_to_sale_ratio": null,
            "price_fair": 0,
            "eps_avg_yearly": 0,
            "eps_latest_yearly": 0,
            "eps_growth_yearly": 0
        },
        "20114": {
            "year_quarter": 20114,
            "year": 2011,
            "quarter": 4,
            "eps": null,
            "eps_growth_year": null,
            "eps_4q": null,
            "eps_4q_growth_year": null,
            "roe": null,
            "roe_4q": 0,
            "gross_profit": null,
            "gross_margin": null,
            "gross_margin_4q_avg": 0,
            "net_income": null,
            "revenue": null,
            "common_shares": 225000,
            "book_valuer_per_share": 9.25,
            "book_valuer_per_share_4q_avg": 2.31,
            "equity": 211566,
            "current_ratio": 158.67,
            "debt_ratio": 61.64,
            "inventory_turnover_ratio": null,
            "account_receivable_turnover_ratio": null,
            "reinvestment_rate": null,
            "research_to_sale_ratio": null,
            "price_fair": 0,
            "eps_avg_yearly": 0,
            "eps_latest_yearly": 0,
            "eps_growth_yearly": 0
        },
        "20121": {
            "year_quarter": 20121,
            "year": 2012,
            "quarter": 1,
            "eps": null,
            "eps_growth_year": null,
            "eps_4q": null,
            "eps_4q_growth_year": null,
            "roe": null,
            "roe_4q": 0,
            "gross_profit": 47805,
            "gross_margin": null,
            "gross_margin_4q_avg": 0,
            "net_income": 4485,
            "revenue": 97193,
            "common_shares": 225000,
            "book_valuer_per_share": null,
            "book_valuer_per_share_4q_avg": 2.31,
            "equity": 210518,
            "current_ratio": null,
            "debt_ratio": null,
            "inventory_turnover_ratio": null,
            "account_receivable_turnover_ratio": null,
            "reinvestment_rate": null,
            "research_to_sale_ratio": null,
            "price_fair": 0,
            "eps_avg_yearly": 0,
            "eps_latest_yearly": 0,
            "eps_growth_yearly": 0
        },
        "20122": {
            "year_quarter": 20122,
            "year": 2012,
            "quarter": 2,
            "eps": null,
            "eps_growth_year": null,
            "eps_4q": null,
            "eps_4q_growth_year": null,
            "roe": null,
            "roe_4q": 0,
            "gross_profit": 65349,
            "gross_margin": null,
            "gross_margin_4q_avg": 0,
            "net_income": 24286,
            "revenue": 157293,
            "common_shares": 250000,
            "book_valuer_per_share": 10.5,
            "book_valuer_per_share_4q_avg": 4.94,
            "equity": 265773,
            "current_ratio": 179.91,
            "debt_ratio": 53.49,
            "inventory_turnover_ratio": null,
            "account_receivable_turnover_ratio": null,
            "reinvestment_rate": null,
            "research_to_sale_ratio": null,
            "price_fair": 0,
            "eps_avg_yearly": 0,
            "eps_latest_yearly": 0,
            "eps_growth_yearly": 0
        },
        "20123": {
            "year_quarter": 20123,
            "year": 2012,
            "quarter": 3,
            "eps": null,
            "eps_growth_year": null,
            "eps_4q": null,
            "eps_4q_growth_year": null,
            "roe": null,
            "roe_4q": 0,
            "gross_profit": 65856,
            "gross_margin": null,
            "gross_margin_4q_avg": 0,
            "net_income": 13567,
            "revenue": 150984,
            "common_shares": 250000,
            "book_valuer_per_share": null,
            "book_valuer_per_share_4q_avg": 4.94,
            "equity": 274111,
            "current_ratio": null,
            "debt_ratio": null,
            "inventory_turnover_ratio": null,
            "account_receivable_turnover_ratio": null,
            "reinvestment_rate": null,
            "research_to_sale_ratio": null,
            "price_fair": 0,
            "eps_avg_yearly": 0,
            "eps_latest_yearly": 0,
            "eps_growth_yearly": 0
        },
        "20124": {
            "year_quarter": 20124,
            "year": 2012,
            "quarter": 4,
            "eps": null,
            "eps_growth_year": null,
            "eps_4q": null,
            "eps_4q_growth_year": null,
            "roe": null,
            "roe_4q": 0,
            "gross_profit": 101576,
            "gross_margin": null,
            "gross_margin_4q_avg": 0,
            "net_income": 33807,
            "revenue": 254422,
            "common_shares": 250000,
            "book_valuer_per_share": 12.4,
            "book_valuer_per_share_4q_avg": 5.73,
            "equity": 313452,
            "current_ratio": 174.5,
            "debt_ratio": 56.67,
            "inventory_turnover_ratio": null,
            "account_receivable_turnover_ratio": null,
            "reinvestment_rate": null,
            "research_to_sale_ratio": null,
            "price_fair": 0,
            "eps_avg_yearly": 0,
            "eps_latest_yearly": 0,
            "eps_growth_yearly": 0
        },
        "20131": {
            "year_quarter": 20131,
            "year": 2013,
            "quarter": 1,
            "eps": 0.99,
            "eps_growth_year": null,
            "eps_4q": 0.99,
            "eps_4q_growth_year": null,
            "roe": 7.68,
            "roe_4q": 7.68,
            "gross_profit": 65101,
            "gross_margin": 39.66,
            "gross_margin_4q_avg": 9.92,
            "net_income": 24859,
            "revenue": 164143,
            "common_shares": 250000,
            "book_valuer_per_share": 13.21,
            "book_valuer_per_share_4q_avg": 9.03,
            "equity": 333611,
            "current_ratio": 195.4,
            "debt_ratio": 50.81,
            "inventory_turnover_ratio": 39.18,
            "account_receivable_turnover_ratio": 2.4,
            "reinvestment_rate": null,
            "research_to_sale_ratio": null,
            "price_fair": 0,
            "eps_avg_yearly": 0,
            "eps_latest_yearly": 0,
            "eps_growth_yearly": 0
        },
        "20132": {
            "year_quarter": 20132,
            "year": 2013,
            "quarter": 2,
            "eps": 1.38,
            "eps_growth_year": null,
            "eps_4q": 2.3,
            "eps_4q_growth_year": null,
            "roe": 11.01,
            "roe_4q": 18.689999999999998,
            "gross_profit": 89266,
            "gross_margin": 36.35,
            "gross_margin_4q_avg": 19,
            "net_income": 37687,
            "revenue": 245581,
            "common_shares": 250000,
            "book_valuer_per_share": 13.88,
            "book_valuer_per_share_4q_avg": 9.87,
            "equity": 350768,
            "current_ratio": 186.4,
            "debt_ratio": 53.29,
            "inventory_turnover_ratio": 46.36,
            "account_receivable_turnover_ratio": 3.19,
            "reinvestment_rate": null,
            "research_to_sale_ratio": null,
            "price_fair": 193.2,
            "eps_avg_yearly": 5.52,
            "eps_latest_yearly": 5.52,
            "eps_growth_yearly": 157.58
        },
        "20133": {
            "year_quarter": 20133,
            "year": 2013,
            "quarter": 3,
            "eps": 0.83,
            "eps_growth_year": null,
            "eps_4q": 3.13,
            "eps_4q_growth_year": null,
            "roe": 6.2,
            "roe_4q": 24.89,
            "gross_profit": 83071,
            "gross_margin": 35.31,
            "gross_margin_4q_avg": 27.83,
            "net_income": 22410,
            "revenue": 235229,
            "common_shares": 270000,
            "book_valuer_per_share": 13.67,
            "book_valuer_per_share_4q_avg": 13.29,
            "equity": 372502,
            "current_ratio": 174.89,
            "debt_ratio": 56.64,
            "inventory_turnover_ratio": 47.34,
            "account_receivable_turnover_ratio": 3.05,
            "reinvestment_rate": null,
            "research_to_sale_ratio": null,
            "price_fair": 13.26,
            "eps_avg_yearly": 4.42,
            "eps_latest_yearly": 3.32,
            "eps_growth_yearly": -0.92
        },
        "20134": {
            "year_quarter": 20134,
            "year": 2013,
            "quarter": 4,
            "eps": 1.02,
            "eps_growth_year": null,
            "eps_4q": 3.84,
            "eps_4q_growth_year": null,
            "roe": 5.53,
            "roe_4q": 30.42,
            "gross_profit": 102957,
            "gross_margin": 35.06,
            "gross_margin_4q_avg": 36.6,
            "net_income": 30312,
            "revenue": 293701,
            "common_shares": 300000,
            "book_valuer_per_share": 24,
            "book_valuer_per_share_4q_avg": 16.19,
            "equity": 723464,
            "current_ratio": 259.49,
            "debt_ratio": 38.61,
            "inventory_turnover_ratio": 101.43,
            "account_receivable_turnover_ratio": 5.08,
            "reinvestment_rate": null,
            "research_to_sale_ratio": null,
            "price_fair": 150.73,
            "eps_avg_yearly": 4.31,
            "eps_latest_yearly": 4.08,
            "eps_growth_yearly": 29.91
        },
        "20141": {
            "year_quarter": 20141,
            "year": 2014,
            "quarter": 1,
            "eps": 1.16,
            "eps_growth_year": 17.17,
            "eps_4q": 4.17,
            "eps_4q_growth_year": 318.86,
            "roe": 4.65,
            "roe_4q": 27.39,
            "gross_profit": 75684,
            "gross_margin": 48.86,
            "gross_margin_4q_avg": 38.9,
            "net_income": 34496,
            "revenue": 154887,
            "common_shares": 300000,
            "book_valuer_per_share": 25.19,
            "book_valuer_per_share_4q_avg": 19.19,
            "equity": 758861,
            "current_ratio": 304.92,
            "debt_ratio": 32.9,
            "inventory_turnover_ratio": 52.57,
            "account_receivable_turnover_ratio": 3.36,
            "reinvestment_rate": null,
            "research_to_sale_ratio": null,
            "price_fair": 153.65,
            "eps_avg_yearly": 4.39,
            "eps_latest_yearly": 4.64,
            "eps_growth_yearly": 36.16
        },
        "20142": {
            "year_quarter": 20142,
            "year": 2014,
            "quarter": 2,
            "eps": 1.03,
            "eps_growth_year": -25.36,
            "eps_4q": 3.5,
            "eps_4q_growth_year": 52.37,
            "roe": 4.87,
            "roe_4q": 21.25,
            "gross_profit": 97203,
            "gross_margin": 40.65,
            "gross_margin_4q_avg": 39.97,
            "net_income": 36527,
            "revenue": 239131,
            "common_shares": 300000,
            "book_valuer_per_share": 24.59,
            "book_valuer_per_share_4q_avg": 21.86,
            "equity": 741113,
            "current_ratio": 253.9,
            "debt_ratio": 39.28,
            "inventory_turnover_ratio": 86.36,
            "account_receivable_turnover_ratio": 5.59,
            "reinvestment_rate": null,
            "research_to_sale_ratio": null,
            "price_fair": 129.9,
            "eps_avg_yearly": 4.34,
            "eps_latest_yearly": 4.12,
            "eps_growth_yearly": 19.96
        },
        "20143": {
            "year_quarter": 20143,
            "year": 2014,
            "quarter": 3,
            "eps": 1.15,
            "eps_growth_year": 38.55,
            "eps_4q": 4.02,
            "eps_4q_growth_year": 28.19,
            "roe": 5.36,
            "roe_4q": 20.41,
            "gross_profit": 103998,
            "gross_margin": 34.28,
            "gross_margin_4q_avg": 39.71,
            "net_income": 40783,
            "revenue": 303365,
            "common_shares": 354000,
            "book_valuer_per_share": 21.99,
            "book_valuer_per_share_4q_avg": 23.94,
            "equity": 781857,
            "current_ratio": 285.73,
            "debt_ratio": 31.79,
            "inventory_turnover_ratio": 97.66,
            "account_receivable_turnover_ratio": 5.67,
            "reinvestment_rate": null,
            "research_to_sale_ratio": null,
            "price_fair": 150.67,
            "eps_avg_yearly": 4.38,
            "eps_latest_yearly": 4.6,
            "eps_growth_yearly": 24.4
        },
        "20144": {
            "year_quarter": 20144,
            "year": 2014,
            "quarter": 4,
            "eps": 2.28,
            "eps_growth_year": 123.72,
            "eps_4q": 5.43,
            "eps_4q_growth_year": 41.52,
            "roe": 9.82,
            "roe_4q": 24.700000000000003,
            "gross_profit": 110306,
            "gross_margin": 41.94,
            "gross_margin_4q_avg": 41.43,
            "net_income": 80710,
            "revenue": 262996,
            "common_shares": 354000,
            "book_valuer_per_share": 24.27,
            "book_valuer_per_share_4q_avg": 24.01,
            "equity": 862739,
            "current_ratio": 191.5,
            "debt_ratio": 49.46,
            "inventory_turnover_ratio": 81.02,
            "account_receivable_turnover_ratio": 5.46,
            "reinvestment_rate": null,
            "research_to_sale_ratio": null,
            "price_fair": 177,
            "eps_avg_yearly": 5.06,
            "eps_latest_yearly": 9.12,
            "eps_growth_yearly": 77.06
        },
        "20151": {
            "year_quarter": 20151,
            "year": 2015,
            "quarter": 1,
            "eps": 1.1,
            "eps_growth_year": -5.17,
            "eps_4q": 5.56,
            "eps_4q_growth_year": 33.35,
            "roe": 4.44,
            "roe_4q": 24.490000000000002,
            "gross_profit": 100928,
            "gross_margin": 50.22,
            "gross_margin_4q_avg": 41.77,
            "net_income": 39113,
            "revenue": 200973,
            "common_shares": 354000,
            "book_valuer_per_share": 25.32,
            "book_valuer_per_share_4q_avg": 24.04,
            "equity": 899709,
            "current_ratio": 239.38,
            "debt_ratio": 47.08,
            "inventory_turnover_ratio": 70.21,
            "account_receivable_turnover_ratio": 3.44,
            "reinvestment_rate": null,
            "research_to_sale_ratio": null,
            "price_fair": 174.13,
            "eps_avg_yearly": 4.98,
            "eps_latest_yearly": 4.4,
            "eps_growth_yearly": 41.55
        },
        "20152": {
            "year_quarter": 20152,
            "year": 2015,
            "quarter": 2,
            "eps": 1.05,
            "eps_growth_year": 1.94,
            "eps_4q": 4.82,
            "eps_4q_growth_year": 37.61,
            "roe": 5.03,
            "roe_4q": 24.65,
            "gross_profit": 121667,
            "gross_margin": 43.8,
            "gross_margin_4q_avg": 42.56,
            "net_income": 44552,
            "revenue": 277764,
            "common_shares": 354000,
            "book_valuer_per_share": 24.58,
            "book_valuer_per_share_4q_avg": 24.04,
            "equity": 873338,
            "current_ratio": 159.91,
            "debt_ratio": 54.64,
            "inventory_turnover_ratio": 109.27,
            "account_receivable_turnover_ratio": 3.76,
            "reinvestment_rate": null,
            "research_to_sale_ratio": null,
            "price_fair": 171.11,
            "eps_avg_yearly": 4.89,
            "eps_latest_yearly": 4.2,
            "eps_growth_yearly": 34.92
        },
        "20153": {
            "year_quarter": 20153,
            "year": 2015,
            "quarter": 3,
            "eps": 1.46,
            "eps_growth_year": 26.96,
            "eps_4q": 5.33,
            "eps_4q_growth_year": 32.62,
            "roe": 6.9,
            "roe_4q": 26.19,
            "gross_profit": 120090,
            "gross_margin": 46,
            "gross_margin_4q_avg": 45.49,
            "net_income": 62365,
            "revenue": 261057,
            "common_shares": 424800,
            "book_valuer_per_share": 21.93,
            "book_valuer_per_share_4q_avg": 24.03,
            "equity": 934845,
            "current_ratio": 158.33,
            "debt_ratio": 46.09,
            "inventory_turnover_ratio": 95.34,
            "account_receivable_turnover_ratio": 4.95,
            "reinvestment_rate": null,
            "research_to_sale_ratio": null,
            "price_fair": 174.44,
            "eps_avg_yearly": 4.98,
            "eps_latest_yearly": 5.84,
            "eps_growth_yearly": 47.04
        },
        "20154": {
            "year_quarter": 20154,
            "year": 2015,
            "quarter": 4,
            "eps": 1.88,
            "eps_growth_year": -17.56,
            "eps_4q": 5.31,
            "eps_4q_growth_year": -2.29,
            "roe": 8.18,
            "roe_4q": 24.55,
            "gross_profit": 160586,
            "gross_margin": 51.46,
            "gross_margin_4q_avg": 47.87,
            "net_income": 79703,
            "revenue": 312078,
            "common_shares": 424800,
            "book_valuer_per_share": 23.81,
            "book_valuer_per_share_4q_avg": 23.91,
            "equity": 1014917,
            "current_ratio": 165.9,
            "debt_ratio": 45.71,
            "inventory_turnover_ratio": 126.67,
            "account_receivable_turnover_ratio": 7.68,
            "reinvestment_rate": -4.54,
            "research_to_sale_ratio": null,
            "price_fair": 182.51,
            "eps_avg_yearly": 5.21,
            "eps_latest_yearly": 7.52,
            "eps_growth_yearly": 53.23
        },
        "20161": {
            "year_quarter": 20161,
            "year": 2016,
            "quarter": 1,
            "eps": 1.16,
            "eps_growth_year": 5.45,
            "eps_4q": 5.51,
            "eps_4q_growth_year": -0.81,
            "roe": 4.74,
            "roe_4q": 24.85,
            "gross_profit": 128087,
            "gross_margin": 51.58,
            "gross_margin_4q_avg": 48.21,
            "net_income": 49445,
            "revenue": 248344,
            "common_shares": 427800,
            "book_valuer_per_share": 24.94,
            "book_valuer_per_share_4q_avg": 23.82,
            "equity": 1070474,
            "current_ratio": 153.32,
            "debt_ratio": 44.14,
            "inventory_turnover_ratio": 122.77,
            "account_receivable_turnover_ratio": 6.22,
            "reinvestment_rate": 3.07,
            "research_to_sale_ratio": 4.85,
            "price_fair": 180.83,
            "eps_avg_yearly": 5.17,
            "eps_latest_yearly": 4.64,
            "eps_growth_yearly": 36.03
        },
        "20162": {
            "year_quarter": 20162,
            "year": 2016,
            "quarter": 2,
            "eps": 1.59,
            "eps_growth_year": 51.43,
            "eps_4q": 6.06,
            "eps_4q_growth_year": 25.66,
            "roe": 6.72,
            "roe_4q": 26.54,
            "gross_profit": 156482,
            "gross_margin": 46.48,
            "gross_margin_4q_avg": 48.88,
            "net_income": 67893,
            "revenue": 336648,
            "common_shares": 427800,
            "book_valuer_per_share": 22.13,
            "book_valuer_per_share_4q_avg": 23.2,
            "equity": 950153,
            "current_ratio": 116.95,
            "debt_ratio": 52.83,
            "inventory_turnover_ratio": 169.81,
            "account_receivable_turnover_ratio": 4.97,
            "reinvestment_rate": -6.25,
            "research_to_sale_ratio": 4.45,
            "price_fair": 184.05,
            "eps_avg_yearly": 5.26,
            "eps_latest_yearly": 6.36,
            "eps_growth_yearly": 44.66
        },
        "20163": {
            "year_quarter": 20163,
            "year": 2016,
            "quarter": 3,
            "eps": 1.5,
            "eps_growth_year": 2.74,
            "eps_4q": 6.1,
            "eps_4q_growth_year": 14.57,
            "roe": 6.5,
            "roe_4q": 26.14,
            "gross_profit": 188516,
            "gross_margin": 42,
            "gross_margin_4q_avg": 47.88,
            "net_income": 63902,
            "revenue": 448869,
            "common_shares": 427770,
            "book_valuer_per_share": 23.69,
            "book_valuer_per_share_4q_avg": 23.64,
            "equity": 1016791,
            "current_ratio": 119.06,
            "debt_ratio": 54.01,
            "inventory_turnover_ratio": 180.3,
            "account_receivable_turnover_ratio": 3.22,
            "reinvestment_rate": 3.78,
            "research_to_sale_ratio": 3.71,
            "price_fair": 185.9,
            "eps_avg_yearly": 5.31,
            "eps_latest_yearly": 6,
            "eps_growth_yearly": 39.85
        },
        "20164": {
            "year_quarter": 20164,
            "year": 2016,
            "quarter": 4,
            "eps": 2.33,
            "eps_growth_year": 24.17,
            "eps_4q": 6.57,
            "eps_4q_growth_year": 23.81,
            "roe": 9.35,
            "roe_4q": 27.310000000000002,
            "gross_profit": 235384,
            "gross_margin": 39.25,
            "gross_margin_4q_avg": 44.83,
            "net_income": 99833,
            "revenue": 599768,
            "common_shares": 427770,
            "book_valuer_per_share": 26.09,
            "book_valuer_per_share_4q_avg": 24.21,
            "equity": 1119365,
            "current_ratio": 126.01,
            "debt_ratio": 53.29,
            "inventory_turnover_ratio": 129.35,
            "account_receivable_turnover_ratio": 4.11,
            "reinvestment_rate": -3.57,
            "research_to_sale_ratio": 3.05,
            "price_fair": 195.25,
            "eps_avg_yearly": 5.58,
            "eps_latest_yearly": 9.32,
            "eps_growth_yearly": 51.95
        },
        "20171": {
            "year_quarter": 20171,
            "year": 2017,
            "quarter": 1,
            "eps": 1.23,
            "eps_growth_year": 6.03,
            "eps_4q": 6.64,
            "eps_4q_growth_year": 20.53,
            "roe": 4.57,
            "roe_4q": 27.14,
            "gross_profit": 151146,
            "gross_margin": 59.25,
            "gross_margin_4q_avg": 46.75,
            "net_income": 52326,
            "revenue": 255113,
            "common_shares": 427770,
            "book_valuer_per_share": 27.35,
            "book_valuer_per_share_4q_avg": 24.82,
            "equity": 1172785,
            "current_ratio": 130.66,
            "debt_ratio": 51.82,
            "inventory_turnover_ratio": 29.29,
            "account_receivable_turnover_ratio": 2.71,
            "reinvestment_rate": 2.59,
            "research_to_sale_ratio": 6.59,
            "price_fair": 193.81,
            "eps_avg_yearly": 5.54,
            "eps_latest_yearly": 4.92,
            "eps_growth_yearly": 36.9
        },
        "20172": {
            "year_quarter": 20172,
            "year": 2017,
            "quarter": 2,
            "eps": 1.52,
            "eps_growth_year": -4.4,
            "eps_4q": 5.97,
            "eps_4q_growth_year": -1.42,
            "roe": 5.87,
            "roe_4q": 26.29,
            "gross_profit": 133533,
            "gross_margin": 33.73,
            "gross_margin_4q_avg": 43.56,
            "net_income": 64535,
            "revenue": 395848,
            "common_shares": 427770,
            "book_valuer_per_share": 23.94,
            "book_valuer_per_share_4q_avg": 25.27,
            "equity": 1026562,
            "current_ratio": 111.39,
            "debt_ratio": 60.46,
            "inventory_turnover_ratio": 106.98,
            "account_receivable_turnover_ratio": 5.05,
            "reinvestment_rate": 2.6,
            "research_to_sale_ratio": 4.43,
            "price_fair": 195.04,
            "eps_avg_yearly": 5.57,
            "eps_latest_yearly": 6.08,
            "eps_growth_yearly": 32.95
        },
        "20173": {
            "year_quarter": 20173,
            "year": 2017,
            "quarter": 3,
            "eps": 1.68,
            "eps_growth_year": 12,
            "eps_4q": 6.3,
            "eps_4q_growth_year": 3.17,
            "roe": 7.41,
            "roe_4q": 27.200000000000003,
            "gross_profit": 165150,
            "gross_margin": 40.02,
            "gross_margin_4q_avg": 43.06,
            "net_income": 79069,
            "revenue": 412674,
            "common_shares": 470457,
            "book_valuer_per_share": 23.5,
            "book_valuer_per_share_4q_avg": 25.22,
            "equity": 1108351,
            "current_ratio": 120.59,
            "debt_ratio": 54,
            "inventory_turnover_ratio": 170.77,
            "account_receivable_turnover_ratio": 4.8,
            "reinvestment_rate": 2.48,
            "research_to_sale_ratio": 4.41,
            "price_fair": 202.48,
            "eps_avg_yearly": 5.79,
            "eps_latest_yearly": 6.72,
            "eps_growth_yearly": 45.54
        },
        "20174": {
            "year_quarter": 20174,
            "year": 2017,
            "quarter": 4,
            "eps": 2.63,
            "eps_growth_year": 13.04,
            "eps_4q": 6.81,
            "eps_4q_growth_year": 3.69,
            "roe": 10.6,
            "roe_4q": 28.45,
            "gross_profit": 198406,
            "gross_margin": 40.57,
            "gross_margin_4q_avg": 43.39,
            "net_income": 124275,
            "revenue": 489069,
            "common_shares": 470457,
            "book_valuer_per_share": 26.21,
            "book_valuer_per_share_4q_avg": 25.25,
            "equity": 1236167,
            "current_ratio": 126.05,
            "debt_ratio": 51.85,
            "inventory_turnover_ratio": 33.89,
            "account_receivable_turnover_ratio": 4.32,
            "reinvestment_rate": 2.27,
            "research_to_sale_ratio": 4.26,
            "price_fair": 216.56,
            "eps_avg_yearly": 6.19,
            "eps_latest_yearly": 10.52,
            "eps_growth_yearly": 53.96
        },
        "20181": {
            "year_quarter": 20181,
            "year": 2018,
            "quarter": 1,
            "eps": 1.63,
            "eps_growth_year": 32.52,
            "eps_4q": 7.28,
            "eps_4q_growth_year": 9.68,
            "roe": 6,
            "roe_4q": 29.880000000000003,
            "gross_profit": 168810,
            "gross_margin": 50.57,
            "gross_margin_4q_avg": 41.22,
            "net_income": 76677,
            "revenue": 333837,
            "common_shares": 473457,
            "book_valuer_per_share": 27.79,
            "book_valuer_per_share_4q_avg": 25.36,
            "equity": 1318458,
            "current_ratio": 126.27,
            "debt_ratio": 55.29,
            "inventory_turnover_ratio": 18.04,
            "account_receivable_turnover_ratio": 3.11,
            "reinvestment_rate": 2.09,
            "research_to_sale_ratio": 6.53,
            "price_fair": 220.68,
            "eps_avg_yearly": 6.31,
            "eps_latest_yearly": 6.52,
            "eps_growth_yearly": 41.02
        },
        "20182": {
            "year_quarter": 20182,
            "year": 2018,
            "quarter": 2,
            "eps": 3.16,
            "eps_growth_year": 107.89,
            "eps_4q": 8.31,
            "eps_4q_growth_year": 39.05,
            "roe": 13.34,
            "roe_4q": 37.349999999999994,
            "gross_profit": 261151,
            "gross_margin": 50.14,
            "gross_margin_4q_avg": 45.33,
            "net_income": 171869,
            "revenue": 520814,
            "common_shares": 473457,
            "book_valuer_per_share": 26.54,
            "book_valuer_per_share_4q_avg": 26.01,
            "equity": 1259104,
            "current_ratio": 120.69,
            "debt_ratio": 57.37,
            "inventory_turnover_ratio": 117.07,
            "account_receivable_turnover_ratio": 4.39,
            "reinvestment_rate": 1.9,
            "research_to_sale_ratio": 4.47,
            "price_fair": 239.31,
            "eps_avg_yearly": 6.84,
            "eps_latest_yearly": 12.64,
            "eps_growth_yearly": 67.29
        },
        "20183": {
            "year_quarter": 20183,
            "year": 2018,
            "quarter": 3,
            "eps": 1.92,
            "eps_growth_year": 14.29,
            "eps_4q": 8.96,
            "eps_4q_growth_year": 42.33,
            "roe": 8.37,
            "roe_4q": 38.31,
            "gross_profit": 233801,
            "gross_margin": 56.5,
            "gross_margin_4q_avg": 49.45,
            "net_income": 104235,
            "revenue": 413799,
            "common_shares": 544476,
            "book_valuer_per_share": 23.08,
            "book_valuer_per_share_4q_avg": 25.91,
            "equity": 1231700,
            "current_ratio": 121.99,
            "debt_ratio": 50.27,
            "inventory_turnover_ratio": 83.58,
            "account_receivable_turnover_ratio": 2.66,
            "reinvestment_rate": 1.45,
            "research_to_sale_ratio": 6.3,
            "price_fair": 246.05,
            "eps_avg_yearly": 7.03,
            "eps_latest_yearly": 7.68,
            "eps_growth_yearly": 54.57
        },
        "20184": {
            "year_quarter": 20184,
            "year": 2018,
            "quarter": 4,
            "eps": 2.37,
            "eps_growth_year": -10.21,
            "eps_4q": 9.04,
            "eps_4q_growth_year": 32.75,
            "roe": 9.75,
            "roe_4q": 37.459999999999994,
            "gross_profit": 246730,
            "gross_margin": 57.72,
            "gross_margin_4q_avg": 53.73,
            "net_income": 125014,
            "revenue": 427488,
            "common_shares": 529176,
            "book_valuer_per_share": 25.15,
            "book_valuer_per_share_4q_avg": 25.64,
            "equity": 1332914,
            "current_ratio": 135.79,
            "debt_ratio": 45.9,
            "inventory_turnover_ratio": 93.66,
            "account_receivable_turnover_ratio": 3.14,
            "reinvestment_rate": 1.23,
            "research_to_sale_ratio": 5.63,
            "price_fair": 246.84,
            "eps_avg_yearly": 7.05,
            "eps_latest_yearly": 9.48,
            "eps_growth_yearly": 35.86
        },
        "20191": {
            "year_quarter": 20191,
            "year": 2019,
            "quarter": 1,
            "eps": 2.47,
            "eps_growth_year": 51.53,
            "eps_4q": 10.05,
            "eps_4q_growth_year": 38.02,
            "roe": 9.31,
            "roe_4q": 40.769999999999996,
            "gross_profit": 223327,
            "gross_margin": 68.49,
            "gross_margin_4q_avg": 58.21,
            "net_income": 130244,
            "revenue": 326085,
            "common_shares": 529176,
            "book_valuer_per_share": 27.67,
            "book_valuer_per_share_4q_avg": 25.61,
            "equity": 1466429,
            "current_ratio": 117.5,
            "debt_ratio": 53.36,
            "inventory_turnover_ratio": 69.86,
            "account_receivable_turnover_ratio": 3.1,
            "reinvestment_rate": 23.04,
            "research_to_sale_ratio": 8.14,
            "price_fair": 258.83,
            "eps_avg_yearly": 7.4,
            "eps_latest_yearly": 9.88,
            "eps_growth_yearly": 49.85
        },
        "20192": {
            "year_quarter": 20192,
            "year": 2019,
            "quarter": 2,
            "eps": 2.85,
            "eps_growth_year": -9.81,
            "eps_4q": 9.65,
            "eps_4q_growth_year": 16.16,
            "roe": 10.86,
            "roe_4q": 38.29,
            "gross_profit": 243959,
            "gross_margin": 63.51,
            "gross_margin_4q_avg": 61.56,
            "net_income": 150346,
            "revenue": 384128,
            "common_shares": 529176,
            "book_valuer_per_share": 24.57,
            "book_valuer_per_share_4q_avg": 25.12,
            "equity": 1302257,
            "current_ratio": 101.67,
            "debt_ratio": 58.57,
            "inventory_turnover_ratio": 107.78,
            "account_receivable_turnover_ratio": 3.93,
            "reinvestment_rate": 21.33,
            "research_to_sale_ratio": 7.02,
            "price_fair": 274.58,
            "eps_avg_yearly": 7.85,
            "eps_latest_yearly": 11.4,
            "eps_growth_yearly": 54.84
        },
        "20193": {
            "year_quarter": 20193,
            "year": 2019,
            "quarter": 3,
            "eps": 2.42,
            "eps_growth_year": 26.04,
            "eps_4q": 10.1,
            "eps_4q_growth_year": 12.67,
            "roe": 9.34,
            "roe_4q": 39.26,
            "gross_profit": 251981,
            "gross_margin": 64.83,
            "gross_margin_4q_avg": 63.64,
            "net_income": 127716,
            "revenue": 388667,
            "common_shares": 529176,
            "book_valuer_per_share": 27.04,
            "book_valuer_per_share_4q_avg": 26.11,
            "equity": 1432206,
            "current_ratio": 110.09,
            "debt_ratio": 47.85,
            "inventory_turnover_ratio": 113.48,
            "account_receivable_turnover_ratio": 4.89,
            "reinvestment_rate": 22.17,
            "research_to_sale_ratio": 6.9,
            "price_fair": 282.98,
            "eps_avg_yearly": 8.09,
            "eps_latest_yearly": 9.68,
            "eps_growth_yearly": 41.3
        },
        "20194": {
            "year_quarter": 20194,
            "year": 2019,
            "quarter": 4,
            "eps": 2.49,
            "eps_growth_year": 5.34,
            "eps_4q": 10.22,
            "eps_4q_growth_year": 13.05,
            "roe": 9.55,
            "roe_4q": 39.06,
            "gross_profit": 243432,
            "gross_margin": 60.75,
            "gross_margin_4q_avg": 64.4,
            "net_income": 131885,
            "revenue": 400726,
            "common_shares": 529144,
            "book_valuer_per_share": 25.08,
            "book_valuer_per_share_4q_avg": 26.09,
            "equity": 1328594,
            "current_ratio": 97.14,
            "debt_ratio": 48.95,
            "inventory_turnover_ratio": 156.82,
            "account_receivable_turnover_ratio": 6.36,
            "reinvestment_rate": 20.2,
            "research_to_sale_ratio": 5.88,
            "price_fair": 288.31,
            "eps_avg_yearly": 8.24,
            "eps_latest_yearly": 9.96,
            "eps_growth_yearly": 34.83
        },
        "20201": {
            "year_quarter": 20201,
            "year": 2020,
            "quarter": 1,
            "eps": 2.47,
            "eps_growth_year": 0,
            "eps_4q": 10.23,
            "eps_4q_growth_year": 1.74,
            "roe": 10.25,
            "roe_4q": 40,
            "gross_profit": 244598,
            "gross_margin": 77.69,
            "gross_margin_4q_avg": 66.7,
            "net_income": 130576,
            "revenue": 314837,
            "common_shares": 529144,
            "book_valuer_per_share": 23.03,
            "book_valuer_per_share_4q_avg": 24.93,
            "equity": 1219908,
            "current_ratio": 91.27,
            "debt_ratio": 61.15,
            "inventory_turnover_ratio": 82.2,
            "account_receivable_turnover_ratio": 4.07,
            "reinvestment_rate": 19.14,
            "research_to_sale_ratio": 7.18,
            "price_fair": 299.78,
            "eps_avg_yearly": 8.57,
            "eps_latest_yearly": 9.88,
            "eps_growth_yearly": 44.21
        },
        "20202": {
            "year_quarter": 20202,
            "year": 2020,
            "quarter": 2,
            "eps": 2.16,
            "eps_growth_year": -24.21,
            "eps_4q": 9.54,
            "eps_4q_growth_year": -1.09,
            "roe": 8.94,
            "roe_4q": 38.08,
            "gross_profit": 224739,
            "gross_margin": 82.73,
            "gross_margin_4q_avg": 71.5,
            "net_income": 114099,
            "revenue": 271654,
            "common_shares": 529144,
            "book_valuer_per_share": 25.19,
            "book_valuer_per_share_4q_avg": 25.09,
            "equity": 1333965,
            "current_ratio": 97.8,
            "debt_ratio": 54.19,
            "inventory_turnover_ratio": 55.69,
            "account_receivable_turnover_ratio": 4,
            "reinvestment_rate": 18.54,
            "research_to_sale_ratio": 8.46,
            "price_fair": 304.76,
            "eps_avg_yearly": 8.71,
            "eps_latest_yearly": 8.64,
            "eps_growth_yearly": 31.8
        },
        "20203": {
            "year_quarter": 20203,
            "year": 2020,
            "quarter": 3,
            "eps": 2.33,
            "eps_growth_year": -3.72,
            "eps_4q": 9.45,
            "eps_4q_growth_year": -6.41,
            "roe": 9.43,
            "roe_4q": 38.17,
            "gross_profit": 225682,
            "gross_margin": 80.82,
            "gross_margin_4q_avg": 75.5,
            "net_income": 122867,
            "revenue": 279239,
            "common_shares": 529144,
            "book_valuer_per_share": 24.02,
            "book_valuer_per_share_4q_avg": 24.33,
            "equity": 1271710,
            "current_ratio": 93.35,
            "debt_ratio": 56.36,
            "inventory_turnover_ratio": 60.76,
            "account_receivable_turnover_ratio": 6.09,
            "reinvestment_rate": 17.5,
            "research_to_sale_ratio": 7.97,
            "price_fair": 312.03,
            "eps_avg_yearly": 8.92,
            "eps_latest_yearly": 9.32,
            "eps_growth_yearly": 35.18
        },
        "20204": {
            "year_quarter": 20204,
            "year": 2020,
            "quarter": 4,
            "eps": 2.59,
            "eps_growth_year": 3.91,
            "eps_4q": 9.55,
            "eps_4q_growth_year": -6.61,
            "roe": 10.2,
            "roe_4q": 38.82,
            "gross_profit": 231820,
            "gross_margin": 77.56,
            "gross_margin_4q_avg": 79.7,
            "net_income": 136733,
            "revenue": 298892,
            "common_shares": 529144,
            "book_valuer_per_share": 26.61,
            "book_valuer_per_share_4q_avg": 24.71,
            "equity": 1408689,
            "current_ratio": 99.92,
            "debt_ratio": 52.9,
            "inventory_turnover_ratio": 63.31,
            "account_receivable_turnover_ratio": 7.61,
            "reinvestment_rate": 18.13,
            "research_to_sale_ratio": 5.98,
            "price_fair": 306.59,
            "eps_avg_yearly": 8.98,
            "eps_latest_yearly": 10.36,
            "eps_growth_yearly": 24.14
        },
        "20211": {
            "year_quarter": 20211,
            "year": 2021,
            "quarter": 1,
            "eps": 2.25,
            "eps_growth_year": -8.91,
            "eps_4q": 9.33,
            "eps_4q_growth_year": -8.83,
            "roe": 8.64,
            "roe_4q": 37.21,
            "gross_profit": 195005,
            "gross_margin": 81.94,
            "gross_margin_4q_avg": 80.76,
            "net_income": 118801,
            "revenue": 237997,
            "common_shares": 529144,
            "book_valuer_per_share": 25.36,
            "book_valuer_per_share_4q_avg": 25.3,
            "equity": 1341987,
            "current_ratio": 95.35,
            "debt_ratio": 54.66,
            "inventory_turnover_ratio": 35.3,
            "account_receivable_turnover_ratio": 4.74,
            "reinvestment_rate": 17.71,
            "research_to_sale_ratio": 8.56,
            "price_fair": 323.23,
            "eps_avg_yearly": 9.24,
            "eps_latest_yearly": 9,
            "eps_growth_yearly": 32.66
        },
        "20212": {
            "year_quarter": 20212,
            "year": 2021,
            "quarter": 2,
            "eps": 1.25,
            "eps_growth_year": -42.13,
            "eps_4q": 8.41,
            "eps_4q_growth_year": -11.83,
            "roe": 4.79,
            "roe_4q": 33.06,
            "gross_profit": 146891,
            "gross_margin": 80.34,
            "gross_margin_4q_avg": 80.17,
            "net_income": 65845,
            "revenue": 182844,
            "common_shares": 529144,
            "book_valuer_per_share": 26.6,
            "book_valuer_per_share_4q_avg": 25.65,
            "equity": 1407498,
            "current_ratio": 98.49,
            "debt_ratio": 57.69,
            "inventory_turnover_ratio": 32.79,
            "account_receivable_turnover_ratio": 4.04,
            "reinvestment_rate": 18.43,
            "research_to_sale_ratio": 11.03,
            "price_fair": 235.2,
            "eps_avg_yearly": 9.17,
            "eps_latest_yearly": 5,
            "eps_growth_yearly": 15.66
        },
        "20213": {
            "year_quarter": 20213,
            "year": 2021,
            "quarter": 3,
            "eps": 1.25,
            "eps_growth_year": -46.35,
            "eps_4q": 7.34,
            "eps_4q_growth_year": -22.34,
            "roe": 4.58,
            "roe_4q": 28.21,
            "gross_profit": 151899,
            "gross_margin": 83.32,
            "gross_margin_4q_avg": 80.79,
            "net_income": 66035,
            "revenue": 182311,
            "common_shares": 529144,
            "book_valuer_per_share": 27.85,
            "book_valuer_per_share_4q_avg": 26.61,
            "equity": 1473365,
            "current_ratio": 102.1,
            "debt_ratio": 54.45,
            "inventory_turnover_ratio": 28.13,
            "account_receivable_turnover_ratio": 5.61,
            "reinvestment_rate": 18.57,
            "research_to_sale_ratio": 11.52,
            "price_fair": 208.6,
            "eps_avg_yearly": 9.06,
            "eps_latest_yearly": 5,
            "eps_growth_yearly": 13.02
        },
        "20214": {
            "year_quarter": 20214,
            "year": 2021,
            "quarter": 4,
            "eps": 1.81,
            "eps_growth_year": -29.93,
            "eps_4q": 6.56,
            "eps_4q_growth_year": -31.25,
            "roe": 6.29,
            "roe_4q": 24.3,
            "gross_profit": 163057,
            "gross_margin": 69.86,
            "gross_margin_4q_avg": 78.87,
            "net_income": 95680,
            "revenue": 233421,
            "common_shares": 529144,
            "book_valuer_per_share": 29.69,
            "book_valuer_per_share_4q_avg": 27.38,
            "equity": 1570467,
            "current_ratio": 124.17,
            "debt_ratio": 51.12,
            "inventory_turnover_ratio": 46.52,
            "account_receivable_turnover_ratio": 5.92,
            "reinvestment_rate": 3.76,
            "research_to_sale_ratio": 6.6,
            "price_fair": 177.88,
            "eps_avg_yearly": 8.86,
            "eps_latest_yearly": 7.24,
            "eps_growth_yearly": 10.09
        },
        "20221": {
            "year_quarter": 20221,
            "year": 2022,
            "quarter": 1,
            "eps": 0.82,
            "eps_growth_year": -63.56,
            "eps_4q": 5.13,
            "eps_4q_growth_year": -44.95,
            "roe": 2.93,
            "roe_4q": 18.59,
            "gross_profit": 158470,
            "gross_margin": 71.79,
            "gross_margin_4q_avg": 76.33,
            "net_income": 43234,
            "revenue": 220750,
            "common_shares": 529144,
            "book_valuer_per_share": 26.01,
            "book_valuer_per_share_4q_avg": 27.54,
            "equity": 1377032,
            "current_ratio": 109.32,
            "debt_ratio": 56.48,
            "inventory_turnover_ratio": 48.15,
            "account_receivable_turnover_ratio": 4.75,
            "reinvestment_rate": 4.05,
            "research_to_sale_ratio": 7.15,
            "price_fair": 137.74,
            "eps_avg_yearly": 8.65,
            "eps_latest_yearly": 3.28,
            "eps_growth_yearly": 5.92
        },
        "20222": {
            "year_quarter": 20222,
            "year": 2022,
            "quarter": 2,
            "eps": 1.71,
            "eps_growth_year": 36.8,
            "eps_4q": 5.59,
            "eps_4q_growth_year": -33.53,
            "roe": 6.33,
            "roe_4q": 20.130000000000003,
            "gross_profit": 151382,
            "gross_margin": 77.39,
            "gross_margin_4q_avg": 75.59,
            "net_income": 90066,
            "revenue": 195616,
            "common_shares": 529144,
            "book_valuer_per_share": 27.72,
            "book_valuer_per_share_4q_avg": 27.82,
            "equity": 1467182,
            "current_ratio": 114.8,
            "debt_ratio": 54.17,
            "inventory_turnover_ratio": 53.81,
            "account_receivable_turnover_ratio": 5.14,
            "reinvestment_rate": 4.38,
            "research_to_sale_ratio": 7.96,
            "price_fair": 162.38,
            "eps_avg_yearly": 8.29,
            "eps_latest_yearly": 6.84,
            "eps_growth_yearly": 9.59
        },
        "20223": {
            "year_quarter": 20223,
            "year": 2022,
            "quarter": 3,
            "eps": 1.49,
            "eps_growth_year": 19.2,
            "eps_4q": 5.83,
            "eps_4q_growth_year": -20.59,
            "roe": 5.21,
            "roe_4q": 20.759999999999998,
            "gross_profit": 157074,
            "gross_margin": 69.59,
            "gross_margin_4q_avg": 72.16,
            "net_income": 78510,
            "revenue": 225705,
            "common_shares": 529144,
            "book_valuer_per_share": 29.21,
            "book_valuer_per_share_4q_avg": 28.16,
            "equity": 1546197,
            "current_ratio": 119.76,
            "debt_ratio": 51.78,
            "inventory_turnover_ratio": 44.74,
            "account_receivable_turnover_ratio": 6.5,
            "reinvestment_rate": 4.54,
            "research_to_sale_ratio": 7.09,
            "price_fair": 214.23,
            "eps_avg_yearly": 8.18,
            "eps_latest_yearly": 5.96,
            "eps_growth_yearly": 16.18
        },
        "20224": {
            "year_quarter": 20224,
            "year": 2022,
            "quarter": 4,
            "eps": 1.93,
            "eps_growth_year": 6.12,
            "eps_4q": 5.94,
            "eps_4q_growth_year": -9.52,
            "roe": 6.38,
            "roe_4q": 20.85,
            "gross_profit": 172364,
            "gross_margin": 67.52,
            "gross_margin_4q_avg": 71.57,
            "net_income": 101886,
            "revenue": 255295,
            "common_shares": 529144,
            "book_valuer_per_share": 31.16,
            "book_valuer_per_share_4q_avg": 28.53,
            "equity": 1649419,
            "current_ratio": 129.91,
            "debt_ratio": 47.23,
            "inventory_turnover_ratio": 40.42,
            "account_receivable_turnover_ratio": 7.27,
            "reinvestment_rate": 4.89,
            "research_to_sale_ratio": 6.4,
            "price_fair": 223.64,
            "eps_avg_yearly": 8.07,
            "eps_latest_yearly": 7.72,
            "eps_growth_yearly": 17.7
        },
        "20231": {
            "year_quarter": 20231,
            "year": 2023,
            "quarter": 1,
            "eps": 1.48,
            "eps_growth_year": 80.49,
            "eps_4q": 6.6,
            "eps_4q_growth_year": 28.54,
            "roe": 5.02,
            "roe_4q": 22.939999999999998,
            "gross_profit": 166961,
            "gross_margin": 68.21,
            "gross_margin_4q_avg": 70.68,
            "net_income": 78083,
            "revenue": 244767,
            "common_shares": 529144,
            "book_valuer_per_share": 27.64,
            "book_valuer_per_share_4q_avg": 28.93,
            "equity": 1462925,
            "current_ratio": 112.42,
            "debt_ratio": 54.11,
            "inventory_turnover_ratio": 45.9,
            "account_receivable_turnover_ratio": 10.72,
            "reinvestment_rate": -13.73,
            "research_to_sale_ratio": 7.08,
            "price_fair": 162.92,
            "eps_avg_yearly": 7.83,
            "eps_latest_yearly": 5.92,
            "eps_growth_yearly": 10.82
        }
    },
    "months": {
        "2012-10": {
            "month": "2012-10",
            "price": "64.54",
            "revenue": 56956
        },
        "2012-11": {
            "month": "2012-11",
            "price": "61.92",
            "revenue": 65929
        },
        "2012-12": {
            "month": "2012-12",
            "price": "63.42",
            "revenue": 86059
        },
        "2013-01": {
            "month": "2013-01",
            "price": "75.04",
            "revenue": 50975
        },
        "2013-02": {
            "month": "2013-02",
            "price": "76.24",
            "revenue": 32409
        },
        "2013-03": {
            "month": "2013-03",
            "price": "78.89",
            "revenue": 78185
        },
        "2013-04": {
            "month": "2013-04",
            "price": "91.98",
            "revenue": 52318
        },
        "2013-05": {
            "month": "2013-05",
            "price": "94.68",
            "revenue": 71306
        },
        "2013-06": {
            "month": "2013-06",
            "price": "98.10",
            "revenue": 124122
        },
        "2013-07": {
            "month": "2013-07",
            "price": "118.72",
            "revenue": 74337
        },
        "2013-08": {
            "month": "2013-08",
            "price": "151.69",
            "revenue": 74432
        },
        "2013-09": {
            "month": "2013-09",
            "price": "137.10",
            "revenue": 91399
        },
        "2013-10": {
            "month": "2013-10",
            "price": "141.46",
            "revenue": 96862
        },
        "2013-11": {
            "month": "2013-11",
            "price": "130.53",
            "revenue": 77474
        },
        "2013-12": {
            "month": "2013-12",
            "price": "185.33",
            "revenue": 113333
        },
        "2014-01": {
            "month": "2014-01",
            "price": "149.50",
            "revenue": 55275
        },
        "2014-02": {
            "month": "2014-02",
            "price": "138.76",
            "revenue": 42270
        },
        "2014-03": {
            "month": "2014-03",
            "price": "143.19",
            "revenue": 57348
        },
        "2014-04": {
            "month": "2014-04",
            "price": "132.83",
            "revenue": 58250
        },
        "2014-05": {
            "month": "2014-05",
            "price": "128.45",
            "revenue": 102661
        },
        "2014-06": {
            "month": "2014-06",
            "price": "134.90",
            "revenue": 78186
        },
        "2014-07": {
            "month": "2014-07",
            "price": "120.86",
            "revenue": 98539
        },
        "2014-08": {
            "month": "2014-08",
            "price": "99.07",
            "revenue": 143362
        },
        "2014-09": {
            "month": "2014-09",
            "price": "100.44",
            "revenue": 61432
        },
        "2014-10": {
            "month": "2014-10",
            "price": "79.50",
            "revenue": 77286
        },
        "2014-11": {
            "month": "2014-11",
            "price": "73.78",
            "revenue": 58276
        },
        "2014-12": {
            "month": "2014-12",
            "price": "85.93",
            "revenue": 126110
        },
        "2015-01": {
            "month": "2015-01",
            "price": "87.94",
            "revenue": 54866
        },
        "2015-02": {
            "month": "2015-02",
            "price": "89.48",
            "revenue": 49268
        },
        "2015-03": {
            "month": "2015-03",
            "price": "90.19",
            "revenue": 96596
        },
        "2015-04": {
            "month": "2015-04",
            "price": "110.26",
            "revenue": 82744
        },
        "2015-05": {
            "month": "2015-05",
            "price": "127.08",
            "revenue": 108192
        },
        "2015-06": {
            "month": "2015-06",
            "price": "145.52",
            "revenue": 86320
        },
        "2015-07": {
            "month": "2015-07",
            "price": "114.87",
            "revenue": 74690
        },
        "2015-08": {
            "month": "2015-08",
            "price": "81.75",
            "revenue": 90314
        },
        "2015-09": {
            "month": "2015-09",
            "price": "83.21",
            "revenue": 96407
        },
        "2015-10": {
            "month": "2015-10",
            "price": "93.89",
            "revenue": 98503
        },
        "2015-11": {
            "month": "2015-11",
            "price": "97.58",
            "revenue": 96954
        },
        "2015-12": {
            "month": "2015-12",
            "price": "116.70",
            "revenue": 116801
        },
        "2016-01": {
            "month": "2016-01",
            "price": "93.22",
            "revenue": 89599
        },
        "2016-02": {
            "month": "2016-02",
            "price": "102.12",
            "revenue": 71833
        },
        "2016-03": {
            "month": "2016-03",
            "price": "111.43",
            "revenue": 86829
        },
        "2016-04": {
            "month": "2016-04",
            "price": "132.58",
            "revenue": 78738
        },
        "2016-05": {
            "month": "2016-05",
            "price": "132.86",
            "revenue": 129361
        },
        "2016-06": {
            "month": "2016-06",
            "price": "129.45",
            "revenue": 119486
        },
        "2016-07": {
            "month": "2016-07",
            "price": "125.85",
            "revenue": 147286
        },
        "2016-08": {
            "month": "2016-08",
            "price": "132.57",
            "revenue": 160675
        },
        "2016-09": {
            "month": "2016-09",
            "price": "122.89",
            "revenue": 150947
        },
        "2016-10": {
            "month": "2016-10",
            "price": "115.68",
            "revenue": 168706
        },
        "2016-11": {
            "month": "2016-11",
            "price": "103.30",
            "revenue": 161132
        },
        "2016-12": {
            "month": "2016-12",
            "price": "109.66",
            "revenue": 266781
        },
        "2017-01": {
            "month": "2017-01",
            "price": "115.00",
            "revenue": 102951
        },
        "2017-02": {
            "month": "2017-02",
            "price": "117.25",
            "revenue": 69910
        },
        "2017-03": {
            "month": "2017-03",
            "price": "117.28",
            "revenue": 82294
        },
        "2017-04": {
            "month": "2017-04",
            "price": "122.47",
            "revenue": 156496
        },
        "2017-05": {
            "month": "2017-05",
            "price": "120.45",
            "revenue": 135587
        },
        "2017-06": {
            "month": "2017-06",
            "price": "121.67",
            "revenue": 103778
        },
        "2017-07": {
            "month": "2017-07",
            "price": "123.43",
            "revenue": 134875
        },
        "2017-08": {
            "month": "2017-08",
            "price": "115.89",
            "revenue": 114507
        },
        "2017-09": {
            "month": "2017-09",
            "price": "102.28",
            "revenue": 163396
        },
        "2017-10": {
            "month": "2017-10",
            "price": "97.09",
            "revenue": 145433
        },
        "2017-11": {
            "month": "2017-11",
            "price": "100.34",
            "revenue": 152576
        },
        "2017-12": {
            "month": "2017-12",
            "price": "96.24",
            "revenue": 180499
        },
        "2018-01": {
            "month": "2018-01",
            "price": "105.75",
            "revenue": 126444
        },
        "2018-02": {
            "month": "2018-02",
            "price": "105.77",
            "revenue": 76325
        },
        "2018-03": {
            "month": "2018-03",
            "price": "136.74",
            "revenue": 131042
        },
        "2018-04": {
            "month": "2018-04",
            "price": "160.61",
            "revenue": 180940
        },
        "2018-05": {
            "month": "2018-05",
            "price": "146.36",
            "revenue": 206455
        },
        "2018-06": {
            "month": "2018-06",
            "price": "139.92",
            "revenue": 133385
        },
        "2018-07": {
            "month": "2018-07",
            "price": "131.66",
            "revenue": 121743
        },
        "2018-08": {
            "month": "2018-08",
            "price": "125.24",
            "revenue": 140650
        },
        "2018-09": {
            "month": "2018-09",
            "price": "109.44",
            "revenue": 151329
        },
        "2018-10": {
            "month": "2018-10",
            "price": "81.63",
            "revenue": 122101
        },
        "2018-11": {
            "month": "2018-11",
            "price": "82.55",
            "revenue": 127371
        },
        "2018-12": {
            "month": "2018-12",
            "price": "85.06",
            "revenue": 177344
        },
        "2019-01": {
            "month": "2019-01",
            "price": "91.85",
            "revenue": 124057
        },
        "2019-02": {
            "month": "2019-02",
            "price": "107.23",
            "revenue": 96552
        },
        "2019-03": {
            "month": "2019-03",
            "price": "108.70",
            "revenue": 105475
        },
        "2019-04": {
            "month": "2019-04",
            "price": "103.82",
            "revenue": 116433
        },
        "2019-05": {
            "month": "2019-05",
            "price": "114.41",
            "revenue": 143134
        },
        "2019-06": {
            "month": "2019-06",
            "price": "124.29",
            "revenue": 124585
        },
        "2019-07": {
            "month": "2019-07",
            "price": "130.67",
            "revenue": 138525
        },
        "2019-08": {
            "month": "2019-08",
            "price": "125.69",
            "revenue": 128767
        },
        "2019-09": {
            "month": "2019-09",
            "price": "127.21",
            "revenue": 121385
        },
        "2019-10": {
            "month": "2019-10",
            "price": "127.33",
            "revenue": 140878
        },
        "2019-11": {
            "month": "2019-11",
            "price": "130.95",
            "revenue": 127495
        },
        "2019-12": {
            "month": "2019-12",
            "price": "124.91",
            "revenue": 132918
        },
        "2020-01": {
            "month": "2020-01",
            "price": "120.93",
            "revenue": 115728
        },
        "2020-02": {
            "month": "2020-02",
            "price": "116.61",
            "revenue": 93821
        },
        "2020-03": {
            "month": "2020-03",
            "price": "102.01",
            "revenue": 105354
        },
        "2020-04": {
            "month": "2020-04",
            "price": "108.35",
            "revenue": 97344
        },
        "2020-05": {
            "month": "2020-05",
            "price": "111.58",
            "revenue": 88501
        },
        "2020-06": {
            "month": "2020-06",
            "price": "111.45",
            "revenue": 85789
        },
        "2020-07": {
            "month": "2020-07",
            "price": "106.07",
            "revenue": 91358
        },
        "2020-08": {
            "month": "2020-08",
            "price": "103.88",
            "revenue": 91992
        },
        "2020-09": {
            "month": "2020-09",
            "price": "100.93",
            "revenue": 95894
        },
        "2020-10": {
            "month": "2020-10",
            "price": "101.32",
            "revenue": 96685
        },
        "2020-11": {
            "month": "2020-11",
            "price": "104.50",
            "revenue": 101063
        },
        "2020-12": {
            "month": "2020-12",
            "price": "104.22",
            "revenue": 101312
        },
        "2021-01": {
            "month": "2021-01",
            "price": "101.07",
            "revenue": 91489
        },
        "2021-02": {
            "month": "2021-02",
            "price": "101.85",
            "revenue": 84768
        },
        "2021-03": {
            "month": "2021-03",
            "price": "115.86",
            "revenue": 64408
        },
        "2021-04": {
            "month": "2021-04",
            "price": "107.74",
            "revenue": 61797
        },
        "2021-05": {
            "month": "2021-05",
            "price": "95.19",
            "revenue": 61648
        },
        "2021-06": {
            "month": "2021-06",
            "price": "93.87",
            "revenue": 57439
        },
        "2021-07": {
            "month": "2021-07",
            "price": "91.45",
            "revenue": 60593
        },
        "2021-08": {
            "month": "2021-08",
            "price": "87.67",
            "revenue": 61612
        },
        "2021-09": {
            "month": "2021-09",
            "price": "85.84",
            "revenue": 60137
        },
        "2021-10": {
            "month": "2021-10",
            "price": "89.14",
            "revenue": 73380
        },
        "2021-11": {
            "month": "2021-11",
            "price": "89.17",
            "revenue": 74190
        },
        "2021-12": {
            "month": "2021-12",
            "price": "88.65",
            "revenue": 84621
        },
        "2022-01": {
            "month": "2022-01",
            "price": "88.70",
            "revenue": 66640
        },
        "2022-02": {
            "month": "2022-02",
            "price": "88.36",
            "revenue": 63374
        },
        "2022-03": {
            "month": "2022-03",
            "price": "86.94",
            "revenue": 90736
        },
        "2022-04": {
            "month": "2022-04",
            "price": "85.46",
            "revenue": 63628
        },
        "2022-05": {
            "month": "2022-05",
            "price": "75.94",
            "revenue": 67372
        },
        "2022-06": {
            "month": "2022-06",
            "price": "74.21",
            "revenue": 64643
        },
        "2022-07": {
            "month": "2022-07",
            "price": "71.47",
            "revenue": 67632
        },
        "2022-08": {
            "month": "2022-08",
            "price": "74.37",
            "revenue": 75231
        },
        "2022-09": {
            "month": "2022-09",
            "price": "74.85",
            "revenue": 83130
        },
        "2022-10": {
            "month": "2022-10",
            "price": "72.81",
            "revenue": 98240
        },
        "2022-11": {
            "month": "2022-11",
            "price": "75.12",
            "revenue": 77256
        },
        "2022-12": {
            "month": "2022-12",
            "price": "82.88",
            "revenue": 79808
        },
        "2023-01": {
            "month": "2023-01",
            "price": "82.39",
            "revenue": 72599
        },
        "2023-02": {
            "month": "2023-02",
            "price": "85.50",
            "revenue": 88995
        },
        "2023-03": {
            "month": "2023-03",
            "price": "87.88",
            "revenue": 83170
        },
        "2023-04": {
            "month": "2023-04",
            "price": "91.37",
            "revenue": 141894
        }
    }
}
