{
    "summary": {
        "stock_name": "霹靂",
        "stock_id": "8450",
        "category": "文化創意",
        "main_business": "劇集節目、電視節目、錄影節目帶、電影片之製作及發行<br>商品及肖像授權<br>商品銷售",
        "website_url": "http://www.pili.com.tw/",
        "ceo": "黃亮勛",
        "pe_ratio": -10,
        "report_year_from": 2012,
        "report_year_to": 2023,
        "age": 11,
        "eps_negative_percentage": 50,
        "eps_growth_avg": {
            "last_all": 2.02,
            "last_2y": null,
            "last_4y": 0,
            "last_8y": null,
            "last_12y": null,
            "last_16y": null,
            "last_20y": null,
            "at_2006_last_3y": null,
            "at_2007_last_3y": null,
            "at_2008_last_3y": null,
            "at_2009_last_3y": null,
            "at_2010_last_3y": null,
            "at_2011_last_3y": null,
            "at_2012_last_3y": null,
            "at_2013_last_3y": null,
            "at_2014_last_3y": null,
            "at_2015_last_3y": null,
            "at_2016_last_3y": null,
            "at_2017_last_3y": null,
            "at_2018_last_3y": 27.52,
            "at_2019_last_3y": -22.48,
            "at_2020_last_3y": -32.52,
            "at_2021_last_3y": 0,
            "at_2022_last_3y": -100,
            "at_2023_last_3y": -100,
            "at_2006_last_all": null,
            "at_2007_last_all": null,
            "at_2008_last_all": null,
            "at_2009_last_all": null,
            "at_2010_last_all": null,
            "at_2011_last_all": null,
            "at_2012_last_all": null,
            "at_2013_last_all": null,
            "at_2014_last_all": null,
            "at_2015_last_all": null,
            "at_2016_last_all": 53.81,
            "at_2017_last_all": 3.36,
            "at_2018_last_all": 27.52,
            "at_2019_last_all": 2.02,
            "at_2020_last_all": 2.02,
            "at_2021_last_all": 2.02,
            "at_2022_last_all": 2.02,
            "at_2023_last_all": 2.02
        },
        "latest_eps": -2.51,
        "latest_price": 25.2,
        "latest_roe": -12.47,
        "latest_gross_margin": 20.76,
        "latest_equity": 972636,
        "latest_revenue": 92970,
        "latest_gross_profit": 19303,
        "latest_net_income": -42542,
        "latest_debt_ratio": 44.09,
        "latest_current_ratio": 265.28,
        "latest_account_receivable_turnover_ratio": 1.83,
        "latest_inventory_turnover_ratio": 0.67,
        "latest_reinvestment_rate": null,
        "latest_research_to_sale_ratio": null
    },
    "eps_dividends": {
        "2001": {
            "cash": 0,
            "stock": 0,
            "eps": 0
        },
        "2002": {
            "cash": 0,
            "stock": 0,
            "eps": 0
        },
        "2003": {
            "cash": 0,
            "stock": 0,
            "eps": 0
        },
        "2004": {
            "cash": 0,
            "stock": 0,
            "eps": 0
        },
        "2005": {
            "cash": 0,
            "stock": 0,
            "eps": 0
        },
        "2006": {
            "cash": 0,
            "stock": 0,
            "eps": 0
        },
        "2007": {
            "cash": 0,
            "stock": 0,
            "eps": 0
        },
        "2008": {
            "cash": 0,
            "stock": 0,
            "eps": 0
        },
        "2009": {
            "cash": 0,
            "stock": 0,
            "eps": 0
        },
        "2010": {
            "cash": 0,
            "stock": 0,
            "eps": 0
        },
        "2011": {
            "cash": 0,
            "stock": 0,
            "eps": 0
        },
        "2012": {
            "cash": 0,
            "stock": 0,
            "eps": 0
        },
        "2013": {
            "cash": 3.1,
            "stock": 0,
            "eps": 0
        },
        "2014": {
            "cash": 3.5,
            "stock": 0,
            "eps": 0.75
        },
        "2015": {
            "cash": 1.4,
            "stock": 0,
            "eps": 3.41
        },
        "2016": {
            "cash": 2.8,
            "stock": 0,
            "eps": 3.67
        },
        "2017": {
            "cash": 2,
            "stock": 0,
            "eps": 0.09
        },
        "2018": {
            "cash": 0,
            "stock": 1,
            "eps": 2.05
        },
        "2019": {
            "cash": 0.8,
            "stock": 0,
            "eps": -1.16
        },
        "2020": {
            "cash": 0,
            "stock": 0,
            "eps": -2.89
        },
        "2021": {
            "cash": 0,
            "stock": 0,
            "eps": -4.6
        },
        "2022": {
            "cash": 0,
            "stock": 0,
            "eps": -2.37
        },
        "2023": {
            "cash": 0,
            "stock": 0,
            "eps": -0.83
        }
    },
    "dividends": {
        "2013-05-31": {
            "cash": 3.1,
            "stock": 0
        },
        "2014-05-30": {
            "cash": 3.5,
            "stock": 0
        },
        "2015-10-15": {
            "cash": 1.4,
            "stock": 0
        },
        "2016-10-04": {
            "cash": 2.8,
            "stock": 0
        },
        "2017-10-03": {
            "cash": 2,
            "stock": 0
        },
        "2018-03-31": {
            "cash": 0,
            "stock": 1
        },
        "2019-10-09": {
            "cash": 0.8,
            "stock": 0
        }
    },
    "prices": {
        "200101": "無",
        "200102": "無",
        "200103": "無",
        "200104": "無",
        "200105": "無",
        "200106": "無",
        "200107": "無",
        "200108": "無",
        "200109": "無",
        "200110": "無",
        "200111": "無",
        "200112": "無",
        "200201": "無",
        "200202": "無",
        "200203": "無",
        "200204": "無",
        "200205": "無",
        "200206": "無",
        "200207": "無",
        "200208": "無",
        "200209": "無",
        "200210": "無",
        "200211": "無",
        "200212": "無",
        "200301": "無",
        "200302": "無",
        "200303": "無",
        "200304": "無",
        "200305": "無",
        "200306": "無",
        "200307": "無",
        "200308": "無",
        "200309": "無",
        "200310": "無",
        "200311": "無",
        "200312": "無",
        "200401": "無",
        "200402": "無",
        "200403": "無",
        "200404": "無",
        "200405": "無",
        "200406": "無",
        "200407": "無",
        "200408": "無",
        "200409": "無",
        "200410": "無",
        "200411": "無",
        "200412": "無",
        "200501": "無",
        "200502": "無",
        "200503": "無",
        "200504": "無",
        "200505": "無",
        "200506": "無",
        "200507": "無",
        "200508": "無",
        "200509": "無",
        "200510": "無",
        "200511": "無",
        "200512": "無",
        "200601": "無",
        "200602": "無",
        "200603": "無",
        "200604": "無",
        "200605": "無",
        "200606": "無",
        "200607": "無",
        "200608": "無",
        "200609": "無",
        "200610": "無",
        "200611": "無",
        "200612": "無",
        "200701": "無",
        "200702": "無",
        "200703": "無",
        "200704": "無",
        "200705": "無",
        "200706": "無",
        "200707": "無",
        "200708": "無",
        "200709": "無",
        "200710": "無",
        "200711": "無",
        "200712": "無",
        "200801": "無",
        "200802": "無",
        "200803": "無",
        "200804": "無",
        "200805": "無",
        "200806": "無",
        "200807": "無",
        "200808": "無",
        "200809": "無",
        "200810": "無",
        "200811": "無",
        "200812": "無",
        "200901": "無",
        "200902": "無",
        "200903": "無",
        "200904": "無",
        "200905": "無",
        "200906": "無",
        "200907": "無",
        "200908": "無",
        "200909": "無",
        "200910": "無",
        "200911": "無",
        "200912": "無",
        "201001": "無",
        "201002": "無",
        "201003": "無",
        "201004": "無",
        "201005": "無",
        "201006": "無",
        "201007": "無",
        "201008": "無",
        "201009": "無",
        "201010": "無",
        "201011": "無",
        "201012": "無",
        "201101": "無",
        "201102": "無",
        "201103": "無",
        "201104": "無",
        "201105": "無",
        "201106": "無",
        "201107": "無",
        "201108": "無",
        "201109": "無",
        "201110": "無",
        "201111": "無",
        "201112": "無",
        "201201": "無",
        "201202": "無",
        "201203": "無",
        "201204": "無",
        "201205": "無",
        "201206": "無",
        "201207": "無",
        "201208": "無",
        "201209": "無",
        "201210": "無",
        "201211": "無",
        "201212": "無",
        "201301": "無",
        "201302": "無",
        "201303": "無",
        "201304": "無",
        "201305": "無",
        "201306": "無",
        "201307": "無",
        "201308": "無",
        "201309": "188.61",
        "201310": "173.99",
        "201311": "182.07",
        "201312": "186.96",
        "201401": "189.79",
        "201402": "189.26",
        "201403": "191.90",
        "201404": "191.56",
        "201405": "190.83",
        "201406": "189.37",
        "201407": "180.85",
        "201408": "167.71",
        "201409": "173.32",
        "201410": "120.22",
        "201411": "91.90",
        "201412": "117.34",
        "201501": "135.78",
        "201502": "117.53",
        "201503": "88.79",
        "201504": "80.69",
        "201505": "79.51",
        "201506": "83.40",
        "201507": "89.37",
        "201508": "70.89",
        "201509": "75.02",
        "201510": "82.95",
        "201511": "82.01",
        "201512": "80.77",
        "201601": "75.40",
        "201602": "80.27",
        "201603": "83.70",
        "201604": "91.51",
        "201605": "89.58",
        "201606": "100.70",
        "201607": "119.62",
        "201608": "105.71",
        "201609": "95.72",
        "201610": "98.35",
        "201611": "82.40",
        "201612": "84.46",
        "201701": "85.31",
        "201702": "83.23",
        "201703": "82.51",
        "201704": "79.02",
        "201705": "80.60",
        "201706": "78.75",
        "201707": "78.14",
        "201708": "70.54",
        "201709": "62.09",
        "201710": "58.60",
        "201711": "61.64",
        "201712": "61.51",
        "201801": "59.59",
        "201802": "55.23",
        "201803": "58.32",
        "201804": "56.81",
        "201805": "54.83",
        "201806": "52.43",
        "201807": "50.37",
        "201808": "52.42",
        "201809": "52.85",
        "201810": "43.82",
        "201811": "38.03",
        "201812": "43.14",
        "201901": "46.74",
        "201902": "44.62",
        "201903": "42.58",
        "201904": "40.49",
        "201905": "39.78",
        "201906": "39.16",
        "201907": "41.27",
        "201908": "41.01",
        "201909": "40.39",
        "201910": "38.60",
        "201911": "36.86",
        "201912": "36.66",
        "202001": "36.64",
        "202002": "33.08",
        "202003": "25.74",
        "202004": "23.05",
        "202005": "25.04",
        "202006": "29.35",
        "202007": "28.82",
        "202008": "26.55",
        "202009": "24.88",
        "202010": "24.29",
        "202011": "24.62",
        "202012": "23.74",
        "202101": "22.94",
        "202102": "22.65",
        "202103": "22.64",
        "202104": "22.94",
        "202105": "23.40",
        "202106": "23.72",
        "202107": "23.48",
        "202108": "23.24",
        "202109": "23.20",
        "202110": "22.91",
        "202111": "28.63",
        "202112": "43.49",
        "202201": "50.56",
        "202202": "40.15",
        "202203": "38.35",
        "202204": "32.78",
        "202205": "27.95",
        "202206": "26.99",
        "202207": "31.18",
        "202208": "33.97",
        "202209": "28.05",
        "202210": "24.14",
        "202211": "26.95",
        "202212": "28.28",
        "202301": "26.57",
        "202302": "27.38",
        "202303": "26.03",
        "202304": "25.76",
        "202305": "25.05",
        "202306": "25.58"
    },
    "quarters": {
        "20011": {
            "year_quarter": 20011,
            "year": 2001,
            "quarter": 1,
            "eps": null,
            "eps_growth_year": null,
            "eps_4q": null,
            "eps_4q_growth_year": null,
            "roe": null,
            "roe_4q": 0,
            "gross_profit": null,
            "gross_margin": null,
            "gross_margin_4q_avg": 0,
            "net_income": null,
            "revenue": null,
            "common_shares": null,
            "book_valuer_per_share": null,
            "book_valuer_per_share_4q_avg": 0,
            "equity": null,
            "current_ratio": null,
            "debt_ratio": null,
            "inventory_turnover_ratio": null,
            "account_receivable_turnover_ratio": null,
            "reinvestment_rate": null,
            "research_to_sale_ratio": null,
            "price_fair": 0,
            "eps_avg_yearly": 0,
            "eps_latest_yearly": 0,
            "eps_growth_yearly": 0
        },
        "20012": {
            "year_quarter": 20012,
            "year": 2001,
            "quarter": 2,
            "eps": null,
            "eps_growth_year": null,
            "eps_4q": null,
            "eps_4q_growth_year": null,
            "roe": null,
            "roe_4q": 0,
            "gross_profit": null,
            "gross_margin": null,
            "gross_margin_4q_avg": 0,
            "net_income": null,
            "revenue": null,
            "common_shares": null,
            "book_valuer_per_share": null,
            "book_valuer_per_share_4q_avg": 0,
            "equity": null,
            "current_ratio": null,
            "debt_ratio": null,
            "inventory_turnover_ratio": null,
            "account_receivable_turnover_ratio": null,
            "reinvestment_rate": null,
            "research_to_sale_ratio": null,
            "price_fair": 0,
            "eps_avg_yearly": 0,
            "eps_latest_yearly": 0,
            "eps_growth_yearly": 0
        },
        "20013": {
            "year_quarter": 20013,
            "year": 2001,
            "quarter": 3,
            "eps": null,
            "eps_growth_year": null,
            "eps_4q": null,
            "eps_4q_growth_year": null,
            "roe": null,
            "roe_4q": 0,
            "gross_profit": null,
            "gross_margin": null,
            "gross_margin_4q_avg": 0,
            "net_income": null,
            "revenue": null,
            "common_shares": null,
            "book_valuer_per_share": null,
            "book_valuer_per_share_4q_avg": 0,
            "equity": null,
            "current_ratio": null,
            "debt_ratio": null,
            "inventory_turnover_ratio": null,
            "account_receivable_turnover_ratio": null,
            "reinvestment_rate": null,
            "research_to_sale_ratio": null,
            "price_fair": 0,
            "eps_avg_yearly": 0,
            "eps_latest_yearly": 0,
            "eps_growth_yearly": 0
        },
        "20014": {
            "year_quarter": 20014,
            "year": 2001,
            "quarter": 4,
            "eps": null,
            "eps_growth_year": null,
            "eps_4q": null,
            "eps_4q_growth_year": null,
            "roe": null,
            "roe_4q": 0,
            "gross_profit": null,
            "gross_margin": null,
            "gross_margin_4q_avg": 0,
            "net_income": null,
            "revenue": null,
            "common_shares": null,
            "book_valuer_per_share": null,
            "book_valuer_per_share_4q_avg": 0,
            "equity": null,
            "current_ratio": null,
            "debt_ratio": null,
            "inventory_turnover_ratio": null,
            "account_receivable_turnover_ratio": null,
            "reinvestment_rate": null,
            "research_to_sale_ratio": null,
            "price_fair": 0,
            "eps_avg_yearly": 0,
            "eps_latest_yearly": 0,
            "eps_growth_yearly": 0
        },
        "20021": {
            "year_quarter": 20021,
            "year": 2002,
            "quarter": 1,
            "eps": null,
            "eps_growth_year": null,
            "eps_4q": null,
            "eps_4q_growth_year": null,
            "roe": null,
            "roe_4q": 0,
            "gross_profit": null,
            "gross_margin": null,
            "gross_margin_4q_avg": 0,
            "net_income": null,
            "revenue": null,
            "common_shares": null,
            "book_valuer_per_share": null,
            "book_valuer_per_share_4q_avg": 0,
            "equity": null,
            "current_ratio": null,
            "debt_ratio": null,
            "inventory_turnover_ratio": null,
            "account_receivable_turnover_ratio": null,
            "reinvestment_rate": null,
            "research_to_sale_ratio": null,
            "price_fair": 0,
            "eps_avg_yearly": 0,
            "eps_latest_yearly": 0,
            "eps_growth_yearly": 0
        },
        "20022": {
            "year_quarter": 20022,
            "year": 2002,
            "quarter": 2,
            "eps": null,
            "eps_growth_year": null,
            "eps_4q": null,
            "eps_4q_growth_year": null,
            "roe": null,
            "roe_4q": 0,
            "gross_profit": null,
            "gross_margin": null,
            "gross_margin_4q_avg": 0,
            "net_income": null,
            "revenue": null,
            "common_shares": null,
            "book_valuer_per_share": null,
            "book_valuer_per_share_4q_avg": 0,
            "equity": null,
            "current_ratio": null,
            "debt_ratio": null,
            "inventory_turnover_ratio": null,
            "account_receivable_turnover_ratio": null,
            "reinvestment_rate": null,
            "research_to_sale_ratio": null,
            "price_fair": 0,
            "eps_avg_yearly": 0,
            "eps_latest_yearly": 0,
            "eps_growth_yearly": 0
        },
        "20023": {
            "year_quarter": 20023,
            "year": 2002,
            "quarter": 3,
            "eps": null,
            "eps_growth_year": null,
            "eps_4q": null,
            "eps_4q_growth_year": null,
            "roe": null,
            "roe_4q": 0,
            "gross_profit": null,
            "gross_margin": null,
            "gross_margin_4q_avg": 0,
            "net_income": null,
            "revenue": null,
            "common_shares": null,
            "book_valuer_per_share": null,
            "book_valuer_per_share_4q_avg": 0,
            "equity": null,
            "current_ratio": null,
            "debt_ratio": null,
            "inventory_turnover_ratio": null,
            "account_receivable_turnover_ratio": null,
            "reinvestment_rate": null,
            "research_to_sale_ratio": null,
            "price_fair": 0,
            "eps_avg_yearly": 0,
            "eps_latest_yearly": 0,
            "eps_growth_yearly": 0
        },
        "20024": {
            "year_quarter": 20024,
            "year": 2002,
            "quarter": 4,
            "eps": null,
            "eps_growth_year": null,
            "eps_4q": null,
            "eps_4q_growth_year": null,
            "roe": null,
            "roe_4q": 0,
            "gross_profit": null,
            "gross_margin": null,
            "gross_margin_4q_avg": 0,
            "net_income": null,
            "revenue": null,
            "common_shares": null,
            "book_valuer_per_share": null,
            "book_valuer_per_share_4q_avg": 0,
            "equity": null,
            "current_ratio": null,
            "debt_ratio": null,
            "inventory_turnover_ratio": null,
            "account_receivable_turnover_ratio": null,
            "reinvestment_rate": null,
            "research_to_sale_ratio": null,
            "price_fair": 0,
            "eps_avg_yearly": 0,
            "eps_latest_yearly": 0,
            "eps_growth_yearly": 0
        },
        "20031": {
            "year_quarter": 20031,
            "year": 2003,
            "quarter": 1,
            "eps": null,
            "eps_growth_year": null,
            "eps_4q": null,
            "eps_4q_growth_year": null,
            "roe": null,
            "roe_4q": 0,
            "gross_profit": null,
            "gross_margin": null,
            "gross_margin_4q_avg": 0,
            "net_income": null,
            "revenue": null,
            "common_shares": null,
            "book_valuer_per_share": null,
            "book_valuer_per_share_4q_avg": 0,
            "equity": null,
            "current_ratio": null,
            "debt_ratio": null,
            "inventory_turnover_ratio": null,
            "account_receivable_turnover_ratio": null,
            "reinvestment_rate": null,
            "research_to_sale_ratio": null,
            "price_fair": 0,
            "eps_avg_yearly": 0,
            "eps_latest_yearly": 0,
            "eps_growth_yearly": 0
        },
        "20032": {
            "year_quarter": 20032,
            "year": 2003,
            "quarter": 2,
            "eps": null,
            "eps_growth_year": null,
            "eps_4q": null,
            "eps_4q_growth_year": null,
            "roe": null,
            "roe_4q": 0,
            "gross_profit": null,
            "gross_margin": null,
            "gross_margin_4q_avg": 0,
            "net_income": null,
            "revenue": null,
            "common_shares": null,
            "book_valuer_per_share": null,
            "book_valuer_per_share_4q_avg": 0,
            "equity": null,
            "current_ratio": null,
            "debt_ratio": null,
            "inventory_turnover_ratio": null,
            "account_receivable_turnover_ratio": null,
            "reinvestment_rate": null,
            "research_to_sale_ratio": null,
            "price_fair": 0,
            "eps_avg_yearly": 0,
            "eps_latest_yearly": 0,
            "eps_growth_yearly": 0
        },
        "20033": {
            "year_quarter": 20033,
            "year": 2003,
            "quarter": 3,
            "eps": null,
            "eps_growth_year": null,
            "eps_4q": null,
            "eps_4q_growth_year": null,
            "roe": null,
            "roe_4q": 0,
            "gross_profit": null,
            "gross_margin": null,
            "gross_margin_4q_avg": 0,
            "net_income": null,
            "revenue": null,
            "common_shares": null,
            "book_valuer_per_share": null,
            "book_valuer_per_share_4q_avg": 0,
            "equity": null,
            "current_ratio": null,
            "debt_ratio": null,
            "inventory_turnover_ratio": null,
            "account_receivable_turnover_ratio": null,
            "reinvestment_rate": null,
            "research_to_sale_ratio": null,
            "price_fair": 0,
            "eps_avg_yearly": 0,
            "eps_latest_yearly": 0,
            "eps_growth_yearly": 0
        },
        "20034": {
            "year_quarter": 20034,
            "year": 2003,
            "quarter": 4,
            "eps": null,
            "eps_growth_year": null,
            "eps_4q": null,
            "eps_4q_growth_year": null,
            "roe": null,
            "roe_4q": 0,
            "gross_profit": null,
            "gross_margin": null,
            "gross_margin_4q_avg": 0,
            "net_income": null,
            "revenue": null,
            "common_shares": null,
            "book_valuer_per_share": null,
            "book_valuer_per_share_4q_avg": 0,
            "equity": null,
            "current_ratio": null,
            "debt_ratio": null,
            "inventory_turnover_ratio": null,
            "account_receivable_turnover_ratio": null,
            "reinvestment_rate": null,
            "research_to_sale_ratio": null,
            "price_fair": 0,
            "eps_avg_yearly": 0,
            "eps_latest_yearly": 0,
            "eps_growth_yearly": 0
        },
        "20041": {
            "year_quarter": 20041,
            "year": 2004,
            "quarter": 1,
            "eps": null,
            "eps_growth_year": null,
            "eps_4q": null,
            "eps_4q_growth_year": null,
            "roe": null,
            "roe_4q": 0,
            "gross_profit": null,
            "gross_margin": null,
            "gross_margin_4q_avg": 0,
            "net_income": null,
            "revenue": null,
            "common_shares": null,
            "book_valuer_per_share": null,
            "book_valuer_per_share_4q_avg": 0,
            "equity": null,
            "current_ratio": null,
            "debt_ratio": null,
            "inventory_turnover_ratio": null,
            "account_receivable_turnover_ratio": null,
            "reinvestment_rate": null,
            "research_to_sale_ratio": null,
            "price_fair": 0,
            "eps_avg_yearly": 0,
            "eps_latest_yearly": 0,
            "eps_growth_yearly": 0
        },
        "20042": {
            "year_quarter": 20042,
            "year": 2004,
            "quarter": 2,
            "eps": null,
            "eps_growth_year": null,
            "eps_4q": null,
            "eps_4q_growth_year": null,
            "roe": null,
            "roe_4q": 0,
            "gross_profit": null,
            "gross_margin": null,
            "gross_margin_4q_avg": 0,
            "net_income": null,
            "revenue": null,
            "common_shares": null,
            "book_valuer_per_share": null,
            "book_valuer_per_share_4q_avg": 0,
            "equity": null,
            "current_ratio": null,
            "debt_ratio": null,
            "inventory_turnover_ratio": null,
            "account_receivable_turnover_ratio": null,
            "reinvestment_rate": null,
            "research_to_sale_ratio": null,
            "price_fair": 0,
            "eps_avg_yearly": 0,
            "eps_latest_yearly": 0,
            "eps_growth_yearly": 0
        },
        "20043": {
            "year_quarter": 20043,
            "year": 2004,
            "quarter": 3,
            "eps": null,
            "eps_growth_year": null,
            "eps_4q": null,
            "eps_4q_growth_year": null,
            "roe": null,
            "roe_4q": 0,
            "gross_profit": null,
            "gross_margin": null,
            "gross_margin_4q_avg": 0,
            "net_income": null,
            "revenue": null,
            "common_shares": null,
            "book_valuer_per_share": null,
            "book_valuer_per_share_4q_avg": 0,
            "equity": null,
            "current_ratio": null,
            "debt_ratio": null,
            "inventory_turnover_ratio": null,
            "account_receivable_turnover_ratio": null,
            "reinvestment_rate": null,
            "research_to_sale_ratio": null,
            "price_fair": 0,
            "eps_avg_yearly": 0,
            "eps_latest_yearly": 0,
            "eps_growth_yearly": 0
        },
        "20044": {
            "year_quarter": 20044,
            "year": 2004,
            "quarter": 4,
            "eps": null,
            "eps_growth_year": null,
            "eps_4q": null,
            "eps_4q_growth_year": null,
            "roe": null,
            "roe_4q": 0,
            "gross_profit": null,
            "gross_margin": null,
            "gross_margin_4q_avg": 0,
            "net_income": null,
            "revenue": null,
            "common_shares": null,
            "book_valuer_per_share": null,
            "book_valuer_per_share_4q_avg": 0,
            "equity": null,
            "current_ratio": null,
            "debt_ratio": null,
            "inventory_turnover_ratio": null,
            "account_receivable_turnover_ratio": null,
            "reinvestment_rate": null,
            "research_to_sale_ratio": null,
            "price_fair": 0,
            "eps_avg_yearly": 0,
            "eps_latest_yearly": 0,
            "eps_growth_yearly": 0
        },
        "20051": {
            "year_quarter": 20051,
            "year": 2005,
            "quarter": 1,
            "eps": null,
            "eps_growth_year": null,
            "eps_4q": null,
            "eps_4q_growth_year": null,
            "roe": null,
            "roe_4q": 0,
            "gross_profit": null,
            "gross_margin": null,
            "gross_margin_4q_avg": 0,
            "net_income": null,
            "revenue": null,
            "common_shares": null,
            "book_valuer_per_share": null,
            "book_valuer_per_share_4q_avg": 0,
            "equity": null,
            "current_ratio": null,
            "debt_ratio": null,
            "inventory_turnover_ratio": null,
            "account_receivable_turnover_ratio": null,
            "reinvestment_rate": null,
            "research_to_sale_ratio": null,
            "price_fair": 0,
            "eps_avg_yearly": 0,
            "eps_latest_yearly": 0,
            "eps_growth_yearly": 0
        },
        "20052": {
            "year_quarter": 20052,
            "year": 2005,
            "quarter": 2,
            "eps": null,
            "eps_growth_year": null,
            "eps_4q": null,
            "eps_4q_growth_year": null,
            "roe": null,
            "roe_4q": 0,
            "gross_profit": null,
            "gross_margin": null,
            "gross_margin_4q_avg": 0,
            "net_income": null,
            "revenue": null,
            "common_shares": null,
            "book_valuer_per_share": null,
            "book_valuer_per_share_4q_avg": 0,
            "equity": null,
            "current_ratio": null,
            "debt_ratio": null,
            "inventory_turnover_ratio": null,
            "account_receivable_turnover_ratio": null,
            "reinvestment_rate": null,
            "research_to_sale_ratio": null,
            "price_fair": 0,
            "eps_avg_yearly": 0,
            "eps_latest_yearly": 0,
            "eps_growth_yearly": 0
        },
        "20053": {
            "year_quarter": 20053,
            "year": 2005,
            "quarter": 3,
            "eps": null,
            "eps_growth_year": null,
            "eps_4q": null,
            "eps_4q_growth_year": null,
            "roe": null,
            "roe_4q": 0,
            "gross_profit": null,
            "gross_margin": null,
            "gross_margin_4q_avg": 0,
            "net_income": null,
            "revenue": null,
            "common_shares": null,
            "book_valuer_per_share": null,
            "book_valuer_per_share_4q_avg": 0,
            "equity": null,
            "current_ratio": null,
            "debt_ratio": null,
            "inventory_turnover_ratio": null,
            "account_receivable_turnover_ratio": null,
            "reinvestment_rate": null,
            "research_to_sale_ratio": null,
            "price_fair": 0,
            "eps_avg_yearly": 0,
            "eps_latest_yearly": 0,
            "eps_growth_yearly": 0
        },
        "20054": {
            "year_quarter": 20054,
            "year": 2005,
            "quarter": 4,
            "eps": null,
            "eps_growth_year": null,
            "eps_4q": null,
            "eps_4q_growth_year": null,
            "roe": null,
            "roe_4q": 0,
            "gross_profit": null,
            "gross_margin": null,
            "gross_margin_4q_avg": 0,
            "net_income": null,
            "revenue": null,
            "common_shares": null,
            "book_valuer_per_share": null,
            "book_valuer_per_share_4q_avg": 0,
            "equity": null,
            "current_ratio": null,
            "debt_ratio": null,
            "inventory_turnover_ratio": null,
            "account_receivable_turnover_ratio": null,
            "reinvestment_rate": null,
            "research_to_sale_ratio": null,
            "price_fair": 0,
            "eps_avg_yearly": 0,
            "eps_latest_yearly": 0,
            "eps_growth_yearly": 0
        },
        "20061": {
            "year_quarter": 20061,
            "year": 2006,
            "quarter": 1,
            "eps": null,
            "eps_growth_year": null,
            "eps_4q": null,
            "eps_4q_growth_year": null,
            "roe": null,
            "roe_4q": 0,
            "gross_profit": null,
            "gross_margin": null,
            "gross_margin_4q_avg": 0,
            "net_income": null,
            "revenue": null,
            "common_shares": null,
            "book_valuer_per_share": null,
            "book_valuer_per_share_4q_avg": 0,
            "equity": null,
            "current_ratio": null,
            "debt_ratio": null,
            "inventory_turnover_ratio": null,
            "account_receivable_turnover_ratio": null,
            "reinvestment_rate": null,
            "research_to_sale_ratio": null,
            "price_fair": 0,
            "eps_avg_yearly": 0,
            "eps_latest_yearly": 0,
            "eps_growth_yearly": 0
        },
        "20062": {
            "year_quarter": 20062,
            "year": 2006,
            "quarter": 2,
            "eps": null,
            "eps_growth_year": null,
            "eps_4q": null,
            "eps_4q_growth_year": null,
            "roe": null,
            "roe_4q": 0,
            "gross_profit": null,
            "gross_margin": null,
            "gross_margin_4q_avg": 0,
            "net_income": null,
            "revenue": null,
            "common_shares": null,
            "book_valuer_per_share": null,
            "book_valuer_per_share_4q_avg": 0,
            "equity": null,
            "current_ratio": null,
            "debt_ratio": null,
            "inventory_turnover_ratio": null,
            "account_receivable_turnover_ratio": null,
            "reinvestment_rate": null,
            "research_to_sale_ratio": null,
            "price_fair": 0,
            "eps_avg_yearly": 0,
            "eps_latest_yearly": 0,
            "eps_growth_yearly": 0
        },
        "20063": {
            "year_quarter": 20063,
            "year": 2006,
            "quarter": 3,
            "eps": null,
            "eps_growth_year": null,
            "eps_4q": null,
            "eps_4q_growth_year": null,
            "roe": null,
            "roe_4q": 0,
            "gross_profit": null,
            "gross_margin": null,
            "gross_margin_4q_avg": 0,
            "net_income": null,
            "revenue": null,
            "common_shares": null,
            "book_valuer_per_share": null,
            "book_valuer_per_share_4q_avg": 0,
            "equity": null,
            "current_ratio": null,
            "debt_ratio": null,
            "inventory_turnover_ratio": null,
            "account_receivable_turnover_ratio": null,
            "reinvestment_rate": null,
            "research_to_sale_ratio": null,
            "price_fair": 0,
            "eps_avg_yearly": 0,
            "eps_latest_yearly": 0,
            "eps_growth_yearly": 0
        },
        "20064": {
            "year_quarter": 20064,
            "year": 2006,
            "quarter": 4,
            "eps": null,
            "eps_growth_year": null,
            "eps_4q": null,
            "eps_4q_growth_year": null,
            "roe": null,
            "roe_4q": 0,
            "gross_profit": null,
            "gross_margin": null,
            "gross_margin_4q_avg": 0,
            "net_income": null,
            "revenue": null,
            "common_shares": null,
            "book_valuer_per_share": null,
            "book_valuer_per_share_4q_avg": 0,
            "equity": null,
            "current_ratio": null,
            "debt_ratio": null,
            "inventory_turnover_ratio": null,
            "account_receivable_turnover_ratio": null,
            "reinvestment_rate": null,
            "research_to_sale_ratio": null,
            "price_fair": 0,
            "eps_avg_yearly": 0,
            "eps_latest_yearly": 0,
            "eps_growth_yearly": 0
        },
        "20071": {
            "year_quarter": 20071,
            "year": 2007,
            "quarter": 1,
            "eps": null,
            "eps_growth_year": null,
            "eps_4q": null,
            "eps_4q_growth_year": null,
            "roe": null,
            "roe_4q": 0,
            "gross_profit": null,
            "gross_margin": null,
            "gross_margin_4q_avg": 0,
            "net_income": null,
            "revenue": null,
            "common_shares": null,
            "book_valuer_per_share": null,
            "book_valuer_per_share_4q_avg": 0,
            "equity": null,
            "current_ratio": null,
            "debt_ratio": null,
            "inventory_turnover_ratio": null,
            "account_receivable_turnover_ratio": null,
            "reinvestment_rate": null,
            "research_to_sale_ratio": null,
            "price_fair": 0,
            "eps_avg_yearly": 0,
            "eps_latest_yearly": 0,
            "eps_growth_yearly": 0
        },
        "20072": {
            "year_quarter": 20072,
            "year": 2007,
            "quarter": 2,
            "eps": null,
            "eps_growth_year": null,
            "eps_4q": null,
            "eps_4q_growth_year": null,
            "roe": null,
            "roe_4q": 0,
            "gross_profit": null,
            "gross_margin": null,
            "gross_margin_4q_avg": 0,
            "net_income": null,
            "revenue": null,
            "common_shares": null,
            "book_valuer_per_share": null,
            "book_valuer_per_share_4q_avg": 0,
            "equity": null,
            "current_ratio": null,
            "debt_ratio": null,
            "inventory_turnover_ratio": null,
            "account_receivable_turnover_ratio": null,
            "reinvestment_rate": null,
            "research_to_sale_ratio": null,
            "price_fair": 0,
            "eps_avg_yearly": 0,
            "eps_latest_yearly": 0,
            "eps_growth_yearly": 0
        },
        "20073": {
            "year_quarter": 20073,
            "year": 2007,
            "quarter": 3,
            "eps": null,
            "eps_growth_year": null,
            "eps_4q": null,
            "eps_4q_growth_year": null,
            "roe": null,
            "roe_4q": 0,
            "gross_profit": null,
            "gross_margin": null,
            "gross_margin_4q_avg": 0,
            "net_income": null,
            "revenue": null,
            "common_shares": null,
            "book_valuer_per_share": null,
            "book_valuer_per_share_4q_avg": 0,
            "equity": null,
            "current_ratio": null,
            "debt_ratio": null,
            "inventory_turnover_ratio": null,
            "account_receivable_turnover_ratio": null,
            "reinvestment_rate": null,
            "research_to_sale_ratio": null,
            "price_fair": 0,
            "eps_avg_yearly": 0,
            "eps_latest_yearly": 0,
            "eps_growth_yearly": 0
        },
        "20074": {
            "year_quarter": 20074,
            "year": 2007,
            "quarter": 4,
            "eps": null,
            "eps_growth_year": null,
            "eps_4q": null,
            "eps_4q_growth_year": null,
            "roe": null,
            "roe_4q": 0,
            "gross_profit": null,
            "gross_margin": null,
            "gross_margin_4q_avg": 0,
            "net_income": null,
            "revenue": null,
            "common_shares": null,
            "book_valuer_per_share": null,
            "book_valuer_per_share_4q_avg": 0,
            "equity": null,
            "current_ratio": null,
            "debt_ratio": null,
            "inventory_turnover_ratio": null,
            "account_receivable_turnover_ratio": null,
            "reinvestment_rate": null,
            "research_to_sale_ratio": null,
            "price_fair": 0,
            "eps_avg_yearly": 0,
            "eps_latest_yearly": 0,
            "eps_growth_yearly": 0
        },
        "20081": {
            "year_quarter": 20081,
            "year": 2008,
            "quarter": 1,
            "eps": null,
            "eps_growth_year": null,
            "eps_4q": null,
            "eps_4q_growth_year": null,
            "roe": null,
            "roe_4q": 0,
            "gross_profit": null,
            "gross_margin": null,
            "gross_margin_4q_avg": 0,
            "net_income": null,
            "revenue": null,
            "common_shares": null,
            "book_valuer_per_share": null,
            "book_valuer_per_share_4q_avg": 0,
            "equity": null,
            "current_ratio": null,
            "debt_ratio": null,
            "inventory_turnover_ratio": null,
            "account_receivable_turnover_ratio": null,
            "reinvestment_rate": null,
            "research_to_sale_ratio": null,
            "price_fair": 0,
            "eps_avg_yearly": 0,
            "eps_latest_yearly": 0,
            "eps_growth_yearly": 0
        },
        "20082": {
            "year_quarter": 20082,
            "year": 2008,
            "quarter": 2,
            "eps": null,
            "eps_growth_year": null,
            "eps_4q": null,
            "eps_4q_growth_year": null,
            "roe": null,
            "roe_4q": 0,
            "gross_profit": null,
            "gross_margin": null,
            "gross_margin_4q_avg": 0,
            "net_income": null,
            "revenue": null,
            "common_shares": null,
            "book_valuer_per_share": null,
            "book_valuer_per_share_4q_avg": 0,
            "equity": null,
            "current_ratio": null,
            "debt_ratio": null,
            "inventory_turnover_ratio": null,
            "account_receivable_turnover_ratio": null,
            "reinvestment_rate": null,
            "research_to_sale_ratio": null,
            "price_fair": 0,
            "eps_avg_yearly": 0,
            "eps_latest_yearly": 0,
            "eps_growth_yearly": 0
        },
        "20083": {
            "year_quarter": 20083,
            "year": 2008,
            "quarter": 3,
            "eps": null,
            "eps_growth_year": null,
            "eps_4q": null,
            "eps_4q_growth_year": null,
            "roe": null,
            "roe_4q": 0,
            "gross_profit": null,
            "gross_margin": null,
            "gross_margin_4q_avg": 0,
            "net_income": null,
            "revenue": null,
            "common_shares": null,
            "book_valuer_per_share": null,
            "book_valuer_per_share_4q_avg": 0,
            "equity": null,
            "current_ratio": null,
            "debt_ratio": null,
            "inventory_turnover_ratio": null,
            "account_receivable_turnover_ratio": null,
            "reinvestment_rate": null,
            "research_to_sale_ratio": null,
            "price_fair": 0,
            "eps_avg_yearly": 0,
            "eps_latest_yearly": 0,
            "eps_growth_yearly": 0
        },
        "20084": {
            "year_quarter": 20084,
            "year": 2008,
            "quarter": 4,
            "eps": null,
            "eps_growth_year": null,
            "eps_4q": null,
            "eps_4q_growth_year": null,
            "roe": null,
            "roe_4q": 0,
            "gross_profit": null,
            "gross_margin": null,
            "gross_margin_4q_avg": 0,
            "net_income": null,
            "revenue": null,
            "common_shares": null,
            "book_valuer_per_share": null,
            "book_valuer_per_share_4q_avg": 0,
            "equity": null,
            "current_ratio": null,
            "debt_ratio": null,
            "inventory_turnover_ratio": null,
            "account_receivable_turnover_ratio": null,
            "reinvestment_rate": null,
            "research_to_sale_ratio": null,
            "price_fair": 0,
            "eps_avg_yearly": 0,
            "eps_latest_yearly": 0,
            "eps_growth_yearly": 0
        },
        "20091": {
            "year_quarter": 20091,
            "year": 2009,
            "quarter": 1,
            "eps": null,
            "eps_growth_year": null,
            "eps_4q": null,
            "eps_4q_growth_year": null,
            "roe": null,
            "roe_4q": 0,
            "gross_profit": null,
            "gross_margin": null,
            "gross_margin_4q_avg": 0,
            "net_income": null,
            "revenue": null,
            "common_shares": null,
            "book_valuer_per_share": null,
            "book_valuer_per_share_4q_avg": 0,
            "equity": null,
            "current_ratio": null,
            "debt_ratio": null,
            "inventory_turnover_ratio": null,
            "account_receivable_turnover_ratio": null,
            "reinvestment_rate": null,
            "research_to_sale_ratio": null,
            "price_fair": 0,
            "eps_avg_yearly": 0,
            "eps_latest_yearly": 0,
            "eps_growth_yearly": 0
        },
        "20092": {
            "year_quarter": 20092,
            "year": 2009,
            "quarter": 2,
            "eps": null,
            "eps_growth_year": null,
            "eps_4q": null,
            "eps_4q_growth_year": null,
            "roe": null,
            "roe_4q": 0,
            "gross_profit": null,
            "gross_margin": null,
            "gross_margin_4q_avg": 0,
            "net_income": null,
            "revenue": null,
            "common_shares": null,
            "book_valuer_per_share": null,
            "book_valuer_per_share_4q_avg": 0,
            "equity": null,
            "current_ratio": null,
            "debt_ratio": null,
            "inventory_turnover_ratio": null,
            "account_receivable_turnover_ratio": null,
            "reinvestment_rate": null,
            "research_to_sale_ratio": null,
            "price_fair": 0,
            "eps_avg_yearly": 0,
            "eps_latest_yearly": 0,
            "eps_growth_yearly": 0
        },
        "20093": {
            "year_quarter": 20093,
            "year": 2009,
            "quarter": 3,
            "eps": null,
            "eps_growth_year": null,
            "eps_4q": null,
            "eps_4q_growth_year": null,
            "roe": null,
            "roe_4q": 0,
            "gross_profit": null,
            "gross_margin": null,
            "gross_margin_4q_avg": 0,
            "net_income": null,
            "revenue": null,
            "common_shares": null,
            "book_valuer_per_share": null,
            "book_valuer_per_share_4q_avg": 0,
            "equity": null,
            "current_ratio": null,
            "debt_ratio": null,
            "inventory_turnover_ratio": null,
            "account_receivable_turnover_ratio": null,
            "reinvestment_rate": null,
            "research_to_sale_ratio": null,
            "price_fair": 0,
            "eps_avg_yearly": 0,
            "eps_latest_yearly": 0,
            "eps_growth_yearly": 0
        },
        "20094": {
            "year_quarter": 20094,
            "year": 2009,
            "quarter": 4,
            "eps": null,
            "eps_growth_year": null,
            "eps_4q": null,
            "eps_4q_growth_year": null,
            "roe": null,
            "roe_4q": 0,
            "gross_profit": null,
            "gross_margin": null,
            "gross_margin_4q_avg": 0,
            "net_income": null,
            "revenue": null,
            "common_shares": null,
            "book_valuer_per_share": null,
            "book_valuer_per_share_4q_avg": 0,
            "equity": null,
            "current_ratio": null,
            "debt_ratio": null,
            "inventory_turnover_ratio": null,
            "account_receivable_turnover_ratio": null,
            "reinvestment_rate": null,
            "research_to_sale_ratio": null,
            "price_fair": 0,
            "eps_avg_yearly": 0,
            "eps_latest_yearly": 0,
            "eps_growth_yearly": 0
        },
        "20101": {
            "year_quarter": 20101,
            "year": 2010,
            "quarter": 1,
            "eps": null,
            "eps_growth_year": null,
            "eps_4q": null,
            "eps_4q_growth_year": null,
            "roe": null,
            "roe_4q": 0,
            "gross_profit": null,
            "gross_margin": null,
            "gross_margin_4q_avg": 0,
            "net_income": null,
            "revenue": null,
            "common_shares": null,
            "book_valuer_per_share": null,
            "book_valuer_per_share_4q_avg": 0,
            "equity": null,
            "current_ratio": null,
            "debt_ratio": null,
            "inventory_turnover_ratio": null,
            "account_receivable_turnover_ratio": null,
            "reinvestment_rate": null,
            "research_to_sale_ratio": null,
            "price_fair": 0,
            "eps_avg_yearly": 0,
            "eps_latest_yearly": 0,
            "eps_growth_yearly": 0
        },
        "20102": {
            "year_quarter": 20102,
            "year": 2010,
            "quarter": 2,
            "eps": null,
            "eps_growth_year": null,
            "eps_4q": null,
            "eps_4q_growth_year": null,
            "roe": null,
            "roe_4q": 0,
            "gross_profit": null,
            "gross_margin": null,
            "gross_margin_4q_avg": 0,
            "net_income": null,
            "revenue": null,
            "common_shares": null,
            "book_valuer_per_share": null,
            "book_valuer_per_share_4q_avg": 0,
            "equity": null,
            "current_ratio": null,
            "debt_ratio": null,
            "inventory_turnover_ratio": null,
            "account_receivable_turnover_ratio": null,
            "reinvestment_rate": null,
            "research_to_sale_ratio": null,
            "price_fair": 0,
            "eps_avg_yearly": 0,
            "eps_latest_yearly": 0,
            "eps_growth_yearly": 0
        },
        "20103": {
            "year_quarter": 20103,
            "year": 2010,
            "quarter": 3,
            "eps": null,
            "eps_growth_year": null,
            "eps_4q": null,
            "eps_4q_growth_year": null,
            "roe": null,
            "roe_4q": 0,
            "gross_profit": null,
            "gross_margin": null,
            "gross_margin_4q_avg": 0,
            "net_income": null,
            "revenue": null,
            "common_shares": null,
            "book_valuer_per_share": null,
            "book_valuer_per_share_4q_avg": 0,
            "equity": null,
            "current_ratio": null,
            "debt_ratio": null,
            "inventory_turnover_ratio": null,
            "account_receivable_turnover_ratio": null,
            "reinvestment_rate": null,
            "research_to_sale_ratio": null,
            "price_fair": 0,
            "eps_avg_yearly": 0,
            "eps_latest_yearly": 0,
            "eps_growth_yearly": 0
        },
        "20104": {
            "year_quarter": 20104,
            "year": 2010,
            "quarter": 4,
            "eps": null,
            "eps_growth_year": null,
            "eps_4q": null,
            "eps_4q_growth_year": null,
            "roe": null,
            "roe_4q": 0,
            "gross_profit": null,
            "gross_margin": null,
            "gross_margin_4q_avg": 0,
            "net_income": null,
            "revenue": null,
            "common_shares": 150000,
            "book_valuer_per_share": 53.56,
            "book_valuer_per_share_4q_avg": 13.39,
            "equity": 803337,
            "current_ratio": 348.45,
            "debt_ratio": 22.35,
            "inventory_turnover_ratio": null,
            "account_receivable_turnover_ratio": null,
            "reinvestment_rate": null,
            "research_to_sale_ratio": null,
            "price_fair": 0,
            "eps_avg_yearly": 0,
            "eps_latest_yearly": 0,
            "eps_growth_yearly": 0
        },
        "20111": {
            "year_quarter": 20111,
            "year": 2011,
            "quarter": 1,
            "eps": null,
            "eps_growth_year": null,
            "eps_4q": null,
            "eps_4q_growth_year": null,
            "roe": null,
            "roe_4q": 0,
            "gross_profit": null,
            "gross_margin": null,
            "gross_margin_4q_avg": 0,
            "net_income": null,
            "revenue": null,
            "common_shares": null,
            "book_valuer_per_share": null,
            "book_valuer_per_share_4q_avg": 13.39,
            "equity": null,
            "current_ratio": null,
            "debt_ratio": null,
            "inventory_turnover_ratio": null,
            "account_receivable_turnover_ratio": null,
            "reinvestment_rate": null,
            "research_to_sale_ratio": null,
            "price_fair": 0,
            "eps_avg_yearly": 0,
            "eps_latest_yearly": 0,
            "eps_growth_yearly": 0
        },
        "20112": {
            "year_quarter": 20112,
            "year": 2011,
            "quarter": 2,
            "eps": null,
            "eps_growth_year": null,
            "eps_4q": null,
            "eps_4q_growth_year": null,
            "roe": null,
            "roe_4q": 0,
            "gross_profit": null,
            "gross_margin": null,
            "gross_margin_4q_avg": 0,
            "net_income": null,
            "revenue": null,
            "common_shares": null,
            "book_valuer_per_share": null,
            "book_valuer_per_share_4q_avg": 13.39,
            "equity": null,
            "current_ratio": null,
            "debt_ratio": null,
            "inventory_turnover_ratio": null,
            "account_receivable_turnover_ratio": null,
            "reinvestment_rate": null,
            "research_to_sale_ratio": null,
            "price_fair": 0,
            "eps_avg_yearly": 0,
            "eps_latest_yearly": 0,
            "eps_growth_yearly": 0
        },
        "20113": {
            "year_quarter": 20113,
            "year": 2011,
            "quarter": 3,
            "eps": null,
            "eps_growth_year": null,
            "eps_4q": null,
            "eps_4q_growth_year": null,
            "roe": null,
            "roe_4q": 0,
            "gross_profit": null,
            "gross_margin": null,
            "gross_margin_4q_avg": 0,
            "net_income": null,
            "revenue": null,
            "common_shares": null,
            "book_valuer_per_share": null,
            "book_valuer_per_share_4q_avg": 13.39,
            "equity": null,
            "current_ratio": null,
            "debt_ratio": null,
            "inventory_turnover_ratio": null,
            "account_receivable_turnover_ratio": null,
            "reinvestment_rate": null,
            "research_to_sale_ratio": null,
            "price_fair": 0,
            "eps_avg_yearly": 0,
            "eps_latest_yearly": 0,
            "eps_growth_yearly": 0
        },
        "20114": {
            "year_quarter": 20114,
            "year": 2011,
            "quarter": 4,
            "eps": null,
            "eps_growth_year": null,
            "eps_4q": null,
            "eps_4q_growth_year": null,
            "roe": null,
            "roe_4q": 0,
            "gross_profit": null,
            "gross_margin": null,
            "gross_margin_4q_avg": 0,
            "net_income": null,
            "revenue": null,
            "common_shares": 300000,
            "book_valuer_per_share": 23.5,
            "book_valuer_per_share_4q_avg": 5.88,
            "equity": 705030,
            "current_ratio": 527.56,
            "debt_ratio": 16.95,
            "inventory_turnover_ratio": null,
            "account_receivable_turnover_ratio": null,
            "reinvestment_rate": null,
            "research_to_sale_ratio": null,
            "price_fair": 0,
            "eps_avg_yearly": 0,
            "eps_latest_yearly": 0,
            "eps_growth_yearly": 0
        },
        "20121": {
            "year_quarter": 20121,
            "year": 2012,
            "quarter": 1,
            "eps": null,
            "eps_growth_year": null,
            "eps_4q": null,
            "eps_4q_growth_year": null,
            "roe": null,
            "roe_4q": 0,
            "gross_profit": null,
            "gross_margin": null,
            "gross_margin_4q_avg": 0,
            "net_income": null,
            "revenue": null,
            "common_shares": null,
            "book_valuer_per_share": null,
            "book_valuer_per_share_4q_avg": 5.88,
            "equity": null,
            "current_ratio": null,
            "debt_ratio": null,
            "inventory_turnover_ratio": null,
            "account_receivable_turnover_ratio": null,
            "reinvestment_rate": null,
            "research_to_sale_ratio": null,
            "price_fair": 0,
            "eps_avg_yearly": 0,
            "eps_latest_yearly": 0,
            "eps_growth_yearly": 0
        },
        "20122": {
            "year_quarter": 20122,
            "year": 2012,
            "quarter": 2,
            "eps": null,
            "eps_growth_year": null,
            "eps_4q": null,
            "eps_4q_growth_year": null,
            "roe": null,
            "roe_4q": 0,
            "gross_profit": null,
            "gross_margin": null,
            "gross_margin_4q_avg": 0,
            "net_income": null,
            "revenue": null,
            "common_shares": null,
            "book_valuer_per_share": null,
            "book_valuer_per_share_4q_avg": 5.88,
            "equity": null,
            "current_ratio": null,
            "debt_ratio": null,
            "inventory_turnover_ratio": null,
            "account_receivable_turnover_ratio": null,
            "reinvestment_rate": null,
            "research_to_sale_ratio": null,
            "price_fair": 0,
            "eps_avg_yearly": 0,
            "eps_latest_yearly": 0,
            "eps_growth_yearly": 0
        },
        "20123": {
            "year_quarter": 20123,
            "year": 2012,
            "quarter": 3,
            "eps": null,
            "eps_growth_year": null,
            "eps_4q": null,
            "eps_4q_growth_year": null,
            "roe": null,
            "roe_4q": 0,
            "gross_profit": null,
            "gross_margin": null,
            "gross_margin_4q_avg": 0,
            "net_income": null,
            "revenue": null,
            "common_shares": null,
            "book_valuer_per_share": null,
            "book_valuer_per_share_4q_avg": 5.88,
            "equity": null,
            "current_ratio": null,
            "debt_ratio": null,
            "inventory_turnover_ratio": null,
            "account_receivable_turnover_ratio": null,
            "reinvestment_rate": null,
            "research_to_sale_ratio": null,
            "price_fair": 0,
            "eps_avg_yearly": 0,
            "eps_latest_yearly": 0,
            "eps_growth_yearly": 0
        },
        "20124": {
            "year_quarter": 20124,
            "year": 2012,
            "quarter": 4,
            "eps": null,
            "eps_growth_year": null,
            "eps_4q": null,
            "eps_4q_growth_year": null,
            "roe": null,
            "roe_4q": 0,
            "gross_profit": null,
            "gross_margin": null,
            "gross_margin_4q_avg": 0,
            "net_income": null,
            "revenue": null,
            "common_shares": 390000,
            "book_valuer_per_share": 18.55,
            "book_valuer_per_share_4q_avg": 4.64,
            "equity": 956816,
            "current_ratio": 715.97,
            "debt_ratio": 12.18,
            "inventory_turnover_ratio": null,
            "account_receivable_turnover_ratio": null,
            "reinvestment_rate": null,
            "research_to_sale_ratio": null,
            "price_fair": 0,
            "eps_avg_yearly": 0,
            "eps_latest_yearly": 0,
            "eps_growth_yearly": 0
        },
        "20131": {
            "year_quarter": 20131,
            "year": 2013,
            "quarter": 1,
            "eps": null,
            "eps_growth_year": null,
            "eps_4q": null,
            "eps_4q_growth_year": null,
            "roe": null,
            "roe_4q": 0,
            "gross_profit": 85439,
            "gross_margin": null,
            "gross_margin_4q_avg": 0,
            "net_income": 40738,
            "revenue": 144622,
            "common_shares": 390000,
            "book_valuer_per_share": 19.16,
            "book_valuer_per_share_4q_avg": 9.43,
            "equity": 978404,
            "current_ratio": 617.69,
            "debt_ratio": 15.31,
            "inventory_turnover_ratio": null,
            "account_receivable_turnover_ratio": null,
            "reinvestment_rate": null,
            "research_to_sale_ratio": null,
            "price_fair": 0,
            "eps_avg_yearly": 0,
            "eps_latest_yearly": 0,
            "eps_growth_yearly": 0
        },
        "20132": {
            "year_quarter": 20132,
            "year": 2013,
            "quarter": 2,
            "eps": null,
            "eps_growth_year": null,
            "eps_4q": null,
            "eps_4q_growth_year": null,
            "roe": null,
            "roe_4q": 0,
            "gross_profit": 86777,
            "gross_margin": null,
            "gross_margin_4q_avg": 0,
            "net_income": 40547,
            "revenue": 138740,
            "common_shares": 390000,
            "book_valuer_per_share": 17.15,
            "book_valuer_per_share_4q_avg": 13.72,
            "equity": 898163,
            "current_ratio": 353.36,
            "debt_ratio": 24.25,
            "inventory_turnover_ratio": null,
            "account_receivable_turnover_ratio": null,
            "reinvestment_rate": null,
            "research_to_sale_ratio": null,
            "price_fair": 0,
            "eps_avg_yearly": 0,
            "eps_latest_yearly": 0,
            "eps_growth_yearly": 0
        },
        "20133": {
            "year_quarter": 20133,
            "year": 2013,
            "quarter": 3,
            "eps": null,
            "eps_growth_year": null,
            "eps_4q": null,
            "eps_4q_growth_year": null,
            "roe": null,
            "roe_4q": 0,
            "gross_profit": 79991,
            "gross_margin": null,
            "gross_margin_4q_avg": 0,
            "net_income": 36716,
            "revenue": 139021,
            "common_shares": 390000,
            "book_valuer_per_share": 18.15,
            "book_valuer_per_share_4q_avg": 18.25,
            "equity": 934826,
            "current_ratio": 373.22,
            "debt_ratio": 23.17,
            "inventory_turnover_ratio": null,
            "account_receivable_turnover_ratio": null,
            "reinvestment_rate": null,
            "research_to_sale_ratio": null,
            "price_fair": 0,
            "eps_avg_yearly": 0,
            "eps_latest_yearly": 0,
            "eps_growth_yearly": 0
        },
        "20134": {
            "year_quarter": 20134,
            "year": 2013,
            "quarter": 4,
            "eps": null,
            "eps_growth_year": null,
            "eps_4q": null,
            "eps_4q_growth_year": null,
            "roe": null,
            "roe_4q": 0,
            "gross_profit": 92797,
            "gross_margin": null,
            "gross_margin_4q_avg": 0,
            "net_income": 52630,
            "revenue": 152553,
            "common_shares": 390000,
            "book_valuer_per_share": 19.69,
            "book_valuer_per_share_4q_avg": 18.54,
            "equity": 991470,
            "current_ratio": 508.88,
            "debt_ratio": 17.53,
            "inventory_turnover_ratio": null,
            "account_receivable_turnover_ratio": null,
            "reinvestment_rate": null,
            "research_to_sale_ratio": null,
            "price_fair": 0,
            "eps_avg_yearly": 0,
            "eps_latest_yearly": 0,
            "eps_growth_yearly": 0
        },
        "20141": {
            "year_quarter": 20141,
            "year": 2014,
            "quarter": 1,
            "eps": 0.97,
            "eps_growth_year": null,
            "eps_4q": 0.97,
            "eps_4q_growth_year": null,
            "roe": 3.5,
            "roe_4q": 3.5,
            "gross_profit": 85428,
            "gross_margin": 46.11,
            "gross_margin_4q_avg": 11.53,
            "net_income": 35307,
            "revenue": 185264,
            "common_shares": 390000,
            "book_valuer_per_share": 20.66,
            "book_valuer_per_share_4q_avg": 18.91,
            "equity": 1026733,
            "current_ratio": 585.6,
            "debt_ratio": 15.77,
            "inventory_turnover_ratio": 0.43,
            "account_receivable_turnover_ratio": 1.82,
            "reinvestment_rate": null,
            "research_to_sale_ratio": null,
            "price_fair": 0,
            "eps_avg_yearly": 0,
            "eps_latest_yearly": 0,
            "eps_growth_yearly": 0
        },
        "20142": {
            "year_quarter": 20142,
            "year": 2014,
            "quarter": 2,
            "eps": 0.98,
            "eps_growth_year": null,
            "eps_4q": 1.95,
            "eps_4q_growth_year": null,
            "roe": 3.65,
            "roe_4q": 7.15,
            "gross_profit": 85267,
            "gross_margin": 57.13,
            "gross_margin_4q_avg": 25.81,
            "net_income": 35615,
            "revenue": 149260,
            "common_shares": 390000,
            "book_valuer_per_share": 18.13,
            "book_valuer_per_share_4q_avg": 19.16,
            "equity": 925670,
            "current_ratio": 331.97,
            "debt_ratio": 25.8,
            "inventory_turnover_ratio": 0.25,
            "account_receivable_turnover_ratio": 1.5,
            "reinvestment_rate": null,
            "research_to_sale_ratio": null,
            "price_fair": 55.36,
            "eps_avg_yearly": 3.92,
            "eps_latest_yearly": 3.92,
            "eps_growth_yearly": 4.12
        },
        "20143": {
            "year_quarter": 20143,
            "year": 2014,
            "quarter": 3,
            "eps": 0.91,
            "eps_growth_year": null,
            "eps_4q": 2.77,
            "eps_4q_growth_year": null,
            "roe": 3.43,
            "roe_4q": 10.58,
            "gross_profit": 81046,
            "gross_margin": 48.23,
            "gross_margin_4q_avg": 37.87,
            "net_income": 32543,
            "revenue": 168049,
            "common_shares": 390000,
            "book_valuer_per_share": 19.32,
            "book_valuer_per_share_4q_avg": 19.45,
            "equity": 970655,
            "current_ratio": 386.82,
            "debt_ratio": 23.89,
            "inventory_turnover_ratio": 0.32,
            "account_receivable_turnover_ratio": 1.59,
            "reinvestment_rate": null,
            "research_to_sale_ratio": null,
            "price_fair": 11.34,
            "eps_avg_yearly": 3.78,
            "eps_latest_yearly": 3.64,
            "eps_growth_yearly": -12.22
        },
        "20144": {
            "year_quarter": 20144,
            "year": 2014,
            "quarter": 4,
            "eps": -2.11,
            "eps_growth_year": null,
            "eps_4q": 0.44,
            "eps_4q_growth_year": null,
            "roe": -17.26,
            "roe_4q": -6.6800000000000015,
            "gross_profit": -182020,
            "gross_margin": -119.68,
            "gross_margin_4q_avg": 7.95,
            "net_income": -211225,
            "revenue": 152091,
            "common_shares": 438800,
            "book_valuer_per_share": 31.47,
            "book_valuer_per_share_4q_avg": 22.4,
            "equity": 1477500,
            "current_ratio": 683.53,
            "debt_ratio": 15.77,
            "inventory_turnover_ratio": 1.81,
            "account_receivable_turnover_ratio": 1.47,
            "reinvestment_rate": null,
            "research_to_sale_ratio": null,
            "price_fair": 11.34,
            "eps_avg_yearly": 3.78,
            "eps_latest_yearly": 3.64,
            "eps_growth_yearly": -12.22
        },
        "20151": {
            "year_quarter": 20151,
            "year": 2015,
            "quarter": 1,
            "eps": 0.47,
            "eps_growth_year": -51.55,
            "eps_4q": 0.05,
            "eps_4q_growth_year": -94.93,
            "roe": -0.03,
            "roe_4q": -10.210000000000003,
            "gross_profit": 92984,
            "gross_margin": 59.31,
            "gross_margin_4q_avg": 11.25,
            "net_income": -511,
            "revenue": 156781,
            "common_shares": 438800,
            "book_valuer_per_share": 31.94,
            "book_valuer_per_share_4q_avg": 25.22,
            "equity": 1476903,
            "current_ratio": 855.32,
            "debt_ratio": 12.74,
            "inventory_turnover_ratio": 0.72,
            "account_receivable_turnover_ratio": 1.49,
            "reinvestment_rate": null,
            "research_to_sale_ratio": 1.1,
            "price_fair": 11.34,
            "eps_avg_yearly": 3.78,
            "eps_latest_yearly": 3.64,
            "eps_growth_yearly": -12.22
        },
        "20152": {
            "year_quarter": 20152,
            "year": 2015,
            "quarter": 2,
            "eps": 0.82,
            "eps_growth_year": -16.33,
            "eps_4q": -0,
            "eps_4q_growth_year": -100.07,
            "roe": 2.55,
            "roe_4q": -11.310000000000002,
            "gross_profit": 86225,
            "gross_margin": 53.82,
            "gross_margin_4q_avg": 10.42,
            "net_income": 37390,
            "revenue": 160221,
            "common_shares": 438800,
            "book_valuer_per_share": 31.36,
            "book_valuer_per_share_4q_avg": 28.52,
            "equity": 1452734,
            "current_ratio": 702.54,
            "debt_ratio": 14.74,
            "inventory_turnover_ratio": 0.76,
            "account_receivable_turnover_ratio": 1.48,
            "reinvestment_rate": null,
            "research_to_sale_ratio": 0.43,
            "price_fair": 126.47,
            "eps_avg_yearly": 3.61,
            "eps_latest_yearly": 3.28,
            "eps_growth_yearly": 91.14
        },
        "20153": {
            "year_quarter": 20153,
            "year": 2015,
            "quarter": 3,
            "eps": 1.14,
            "eps_growth_year": 25.27,
            "eps_4q": 0.32,
            "eps_4q_growth_year": -88.29,
            "roe": 3.4,
            "roe_4q": -11.340000000000003,
            "gross_profit": 90066,
            "gross_margin": 55.26,
            "gross_margin_4q_avg": 12.18,
            "net_income": 50279,
            "revenue": 162997,
            "common_shares": 438800,
            "book_valuer_per_share": 32.79,
            "book_valuer_per_share_4q_avg": 31.89,
            "equity": 1501283,
            "current_ratio": 971.35,
            "debt_ratio": 35.57,
            "inventory_turnover_ratio": 0.7,
            "account_receivable_turnover_ratio": 1.51,
            "reinvestment_rate": null,
            "research_to_sale_ratio": 0.27,
            "price_fair": 134.75,
            "eps_avg_yearly": 3.85,
            "eps_latest_yearly": 4.56,
            "eps_growth_yearly": 107.38
        },
        "20154": {
            "year_quarter": 20154,
            "year": 2015,
            "quarter": 4,
            "eps": 0.98,
            "eps_growth_year": null,
            "eps_4q": 3.48,
            "eps_4q_growth_year": 698.6,
            "roe": 2.63,
            "roe_4q": 8.549999999999999,
            "gross_profit": 95275,
            "gross_margin": 58.12,
            "gross_margin_4q_avg": 56.63,
            "net_income": 38963,
            "revenue": 163916,
            "common_shares": 438800,
            "book_valuer_per_share": 32.52,
            "book_valuer_per_share_4q_avg": 32.15,
            "equity": 1460296,
            "current_ratio": 1307.93,
            "debt_ratio": 34.34,
            "inventory_turnover_ratio": 0.64,
            "account_receivable_turnover_ratio": 1.5,
            "reinvestment_rate": null,
            "research_to_sale_ratio": 0.26,
            "price_fair": 135.24,
            "eps_avg_yearly": 3.86,
            "eps_latest_yearly": 3.92,
            "eps_growth_yearly": 74.68
        },
        "20161": {
            "year_quarter": 20161,
            "year": 2016,
            "quarter": 1,
            "eps": 0.78,
            "eps_growth_year": 65.96,
            "eps_4q": 3.77,
            "eps_4q_growth_year": 7586.64,
            "roe": 2.25,
            "roe_4q": 10.829999999999998,
            "gross_profit": 104872,
            "gross_margin": 59.63,
            "gross_margin_4q_avg": 56.71,
            "net_income": 32846,
            "revenue": 175860,
            "common_shares": 439149,
            "book_valuer_per_share": 33.08,
            "book_valuer_per_share_4q_avg": 32.44,
            "equity": 1457933,
            "current_ratio": 1387.12,
            "debt_ratio": 34.14,
            "inventory_turnover_ratio": 0.68,
            "account_receivable_turnover_ratio": 1.54,
            "reinvestment_rate": null,
            "research_to_sale_ratio": 0.25,
            "price_fair": 130.9,
            "eps_avg_yearly": 3.74,
            "eps_latest_yearly": 3.12,
            "eps_growth_yearly": 48.62
        },
        "20162": {
            "year_quarter": 20162,
            "year": 2016,
            "quarter": 2,
            "eps": 1.07,
            "eps_growth_year": 30.49,
            "eps_4q": 3.9,
            "eps_4q_growth_year": null,
            "roe": 3.09,
            "roe_4q": 11.37,
            "gross_profit": 94802,
            "gross_margin": 57.6,
            "gross_margin_4q_avg": 57.65,
            "net_income": 45114,
            "revenue": 164592,
            "common_shares": 439149,
            "book_valuer_per_share": 32.31,
            "book_valuer_per_share_4q_avg": 32.68,
            "equity": 1460154,
            "current_ratio": 757.47,
            "debt_ratio": 34.89,
            "inventory_turnover_ratio": 0.66,
            "account_receivable_turnover_ratio": 1.37,
            "reinvestment_rate": null,
            "research_to_sale_ratio": 0.26,
            "price_fair": 133.6,
            "eps_avg_yearly": 3.82,
            "eps_latest_yearly": 4.28,
            "eps_growth_yearly": 62.92
        },
        "20163": {
            "year_quarter": 20163,
            "year": 2016,
            "quarter": 3,
            "eps": 0.61,
            "eps_growth_year": -46.49,
            "eps_4q": 3.17,
            "eps_4q_growth_year": 875.78,
            "roe": 1.7,
            "roe_4q": 9.67,
            "gross_profit": 88529,
            "gross_margin": 48.39,
            "gross_margin_4q_avg": 55.94,
            "net_income": 26868,
            "revenue": 182948,
            "common_shares": 450137,
            "book_valuer_per_share": 35.52,
            "book_valuer_per_share_4q_avg": 33.36,
            "equity": 1702189,
            "current_ratio": 1112.77,
            "debt_ratio": 21.06,
            "inventory_turnover_ratio": 0.84,
            "account_receivable_turnover_ratio": 1.26,
            "reinvestment_rate": null,
            "research_to_sale_ratio": 0.22,
            "price_fair": 127.58,
            "eps_avg_yearly": 3.65,
            "eps_latest_yearly": 2.44,
            "eps_growth_yearly": 33.56
        },
        "20164": {
            "year_quarter": 20164,
            "year": 2016,
            "quarter": 4,
            "eps": 1.21,
            "eps_growth_year": 23.59,
            "eps_4q": 3.48,
            "eps_4q_growth_year": 0.03,
            "roe": 3.24,
            "roe_4q": 10.280000000000001,
            "gross_profit": 101142,
            "gross_margin": 57.15,
            "gross_margin_4q_avg": 55.69,
            "net_income": 56033,
            "revenue": 176990,
            "common_shares": 478776,
            "book_valuer_per_share": 36.72,
            "book_valuer_per_share_4q_avg": 34.41,
            "equity": 1760445,
            "current_ratio": 832.66,
            "debt_ratio": 22.75,
            "inventory_turnover_ratio": 0.64,
            "account_receivable_turnover_ratio": 1.01,
            "reinvestment_rate": -38.91,
            "research_to_sale_ratio": 0.13,
            "price_fair": 132.22,
            "eps_avg_yearly": 3.78,
            "eps_latest_yearly": 4.84,
            "eps_growth_yearly": 73.55
        },
        "20171": {
            "year_quarter": 20171,
            "year": 2017,
            "quarter": 1,
            "eps": 0.11,
            "eps_growth_year": -85.9,
            "eps_4q": 2.87,
            "eps_4q_growth_year": -23.98,
            "roe": 0.27,
            "roe_4q": 8.3,
            "gross_profit": 81668,
            "gross_margin": 53.86,
            "gross_margin_4q_avg": 54.25,
            "net_income": 4764,
            "revenue": 151634,
            "common_shares": 479575,
            "book_valuer_per_share": 36.1,
            "book_valuer_per_share_4q_avg": 35.16,
            "equity": 1731661,
            "current_ratio": 945.17,
            "debt_ratio": 21.83,
            "inventory_turnover_ratio": 0.58,
            "account_receivable_turnover_ratio": 0.83,
            "reinvestment_rate": 13.05,
            "research_to_sale_ratio": 0.15,
            "price_fair": 120.54,
            "eps_avg_yearly": 3.44,
            "eps_latest_yearly": 0.44,
            "eps_growth_yearly": 29.83
        },
        "20172": {
            "year_quarter": 20172,
            "year": 2017,
            "quarter": 2,
            "eps": 0.22,
            "eps_growth_year": -79.44,
            "eps_4q": 2.11,
            "eps_4q_growth_year": -45.84,
            "roe": 0.58,
            "roe_4q": 5.79,
            "gross_profit": 86306,
            "gross_margin": 57.25,
            "gross_margin_4q_avg": 54.16,
            "net_income": 9903,
            "revenue": 150740,
            "common_shares": 479575,
            "book_valuer_per_share": 34.61,
            "book_valuer_per_share_4q_avg": 35.74,
            "equity": 1661899,
            "current_ratio": 710.29,
            "debt_ratio": 24.83,
            "inventory_turnover_ratio": 0.53,
            "account_receivable_turnover_ratio": 0.82,
            "reinvestment_rate": 12.86,
            "research_to_sale_ratio": 0.15,
            "price_fair": 112.38,
            "eps_avg_yearly": 3.21,
            "eps_latest_yearly": 0.88,
            "eps_growth_yearly": 63.48
        },
        "20173": {
            "year_quarter": 20173,
            "year": 2017,
            "quarter": 3,
            "eps": 0.42,
            "eps_growth_year": -31.15,
            "eps_4q": 1.95,
            "eps_4q_growth_year": -38.32,
            "roe": 1.17,
            "roe_4q": 5.26,
            "gross_profit": 95279,
            "gross_margin": 58.66,
            "gross_margin_4q_avg": 56.73,
            "net_income": 19650,
            "revenue": 162435,
            "common_shares": 479575,
            "book_valuer_per_share": 35.25,
            "book_valuer_per_share_4q_avg": 35.67,
            "equity": 1691305,
            "current_ratio": 436.94,
            "debt_ratio": 21.04,
            "inventory_turnover_ratio": 0.56,
            "account_receivable_turnover_ratio": 0.9,
            "reinvestment_rate": 12.23,
            "research_to_sale_ratio": 0.14,
            "price_fair": 107.92,
            "eps_avg_yearly": 3.08,
            "eps_latest_yearly": 1.68,
            "eps_growth_yearly": 88.5
        },
        "20174": {
            "year_quarter": 20174,
            "year": 2017,
            "quarter": 4,
            "eps": -0.66,
            "eps_growth_year": -154.66,
            "eps_4q": 0.09,
            "eps_4q_growth_year": -97.47,
            "roe": -1.84,
            "roe_4q": 0.17999999999999983,
            "gross_profit": 95101,
            "gross_margin": 55.45,
            "gross_margin_4q_avg": 56.31,
            "net_income": -30859,
            "revenue": 171507,
            "common_shares": 479575,
            "book_valuer_per_share": 34.57,
            "book_valuer_per_share_4q_avg": 35.13,
            "equity": 1659715,
            "current_ratio": 416.42,
            "debt_ratio": 21.8,
            "inventory_turnover_ratio": 0.51,
            "account_receivable_turnover_ratio": 1.11,
            "reinvestment_rate": 18.17,
            "research_to_sale_ratio": 0.14,
            "price_fair": 107.92,
            "eps_avg_yearly": 3.08,
            "eps_latest_yearly": 1.68,
            "eps_growth_yearly": 88.5
        },
        "20181": {
            "year_quarter": 20181,
            "year": 2018,
            "quarter": 1,
            "eps": 0.34,
            "eps_growth_year": 209.09,
            "eps_4q": 0.32,
            "eps_4q_growth_year": -88.73,
            "roe": 0.94,
            "roe_4q": 0.8499999999999998,
            "gross_profit": 103917,
            "gross_margin": 57.12,
            "gross_margin_4q_avg": 57.12,
            "net_income": 15801,
            "revenue": 181915,
            "common_shares": 479575,
            "book_valuer_per_share": 35.13,
            "book_valuer_per_share_4q_avg": 34.89,
            "equity": 1685624,
            "current_ratio": 461.11,
            "debt_ratio": 19.8,
            "inventory_turnover_ratio": 0.4,
            "account_receivable_turnover_ratio": 1.3,
            "reinvestment_rate": -8.1,
            "research_to_sale_ratio": 0.04,
            "price_fair": 107.92,
            "eps_avg_yearly": 3.08,
            "eps_latest_yearly": 1.68,
            "eps_growth_yearly": 88.5
        },
        "20182": {
            "year_quarter": 20182,
            "year": 2018,
            "quarter": 2,
            "eps": 0.73,
            "eps_growth_year": 231.82,
            "eps_4q": 0.83,
            "eps_4q_growth_year": -60.62,
            "roe": 2.18,
            "roe_4q": 2.45,
            "gross_profit": 74769,
            "gross_margin": 47.53,
            "gross_margin_4q_avg": 54.69,
            "net_income": 37164,
            "revenue": 157318,
            "common_shares": 479575,
            "book_valuer_per_share": 35.91,
            "book_valuer_per_share_4q_avg": 35.22,
            "equity": 1721609,
            "current_ratio": 468.85,
            "debt_ratio": 19.75,
            "inventory_turnover_ratio": 0.38,
            "account_receivable_turnover_ratio": 1.1,
            "reinvestment_rate": -8.88,
            "research_to_sale_ratio": 0.02,
            "price_fair": 105,
            "eps_avg_yearly": 3,
            "eps_latest_yearly": 2.92,
            "eps_growth_yearly": 126.39
        },
        "20183": {
            "year_quarter": 20183,
            "year": 2018,
            "quarter": 3,
            "eps": 0.83,
            "eps_growth_year": 97.62,
            "eps_4q": 1.28,
            "eps_4q_growth_year": -34.71,
            "roe": 2.43,
            "roe_4q": 3.710000000000001,
            "gross_profit": 72732,
            "gross_margin": 44.9,
            "gross_margin_4q_avg": 51.25,
            "net_income": 42050,
            "revenue": 161972,
            "common_shares": 479575,
            "book_valuer_per_share": 36.33,
            "book_valuer_per_share_4q_avg": 35.49,
            "equity": 1740453,
            "current_ratio": 813.66,
            "debt_ratio": 12.19,
            "inventory_turnover_ratio": 0.37,
            "account_receivable_turnover_ratio": 1.21,
            "reinvestment_rate": -12.3,
            "research_to_sale_ratio": 0,
            "price_fair": 104.07,
            "eps_avg_yearly": 2.97,
            "eps_latest_yearly": 3.32,
            "eps_growth_yearly": 133.33
        },
        "20184": {
            "year_quarter": 20184,
            "year": 2018,
            "quarter": 4,
            "eps": 0.15,
            "eps_growth_year": null,
            "eps_4q": 2.02,
            "eps_4q_growth_year": 2198.57,
            "roe": 0.4,
            "roe_4q": 5.949999999999999,
            "gross_profit": 74516,
            "gross_margin": 45.28,
            "gross_margin_4q_avg": 48.71,
            "net_income": 6860,
            "revenue": 164564,
            "common_shares": 526220,
            "book_valuer_per_share": 32.79,
            "book_valuer_per_share_4q_avg": 35.04,
            "equity": 1727889,
            "current_ratio": 816.74,
            "debt_ratio": 12.34,
            "inventory_turnover_ratio": 0.36,
            "account_receivable_turnover_ratio": 1.3,
            "reinvestment_rate": -10.3,
            "research_to_sale_ratio": 0,
            "price_fair": 97.68,
            "eps_avg_yearly": 2.79,
            "eps_latest_yearly": 0.6,
            "eps_growth_yearly": 97.87
        },
        "20191": {
            "year_quarter": 20191,
            "year": 2019,
            "quarter": 1,
            "eps": -0.52,
            "eps_growth_year": -252.94,
            "eps_4q": 1.19,
            "eps_4q_growth_year": 269.4,
            "roe": -1.63,
            "roe_4q": 3.3800000000000003,
            "gross_profit": 33505,
            "gross_margin": 20.68,
            "gross_margin_4q_avg": 39.6,
            "net_income": -27605,
            "revenue": 161995,
            "common_shares": 513099,
            "book_valuer_per_share": 32.29,
            "book_valuer_per_share_4q_avg": 34.33,
            "equity": 1656926,
            "current_ratio": 765.73,
            "debt_ratio": 13.53,
            "inventory_turnover_ratio": 0.53,
            "account_receivable_turnover_ratio": 1.22,
            "reinvestment_rate": -9.13,
            "research_to_sale_ratio": 0,
            "price_fair": 97.68,
            "eps_avg_yearly": 2.79,
            "eps_latest_yearly": 0.6,
            "eps_growth_yearly": 97.87
        },
        "20192": {
            "year_quarter": 20192,
            "year": 2019,
            "quarter": 2,
            "eps": -0.26,
            "eps_growth_year": -135.62,
            "eps_4q": 0.2,
            "eps_4q_growth_year": -76.33,
            "roe": -0.83,
            "roe_4q": 0.3700000000000001,
            "gross_profit": 45064,
            "gross_margin": 30.6,
            "gross_margin_4q_avg": 35.37,
            "net_income": -13473,
            "revenue": 147289,
            "common_shares": 513099,
            "book_valuer_per_share": 30.82,
            "book_valuer_per_share_4q_avg": 33.06,
            "equity": 1581589,
            "current_ratio": 653.29,
            "debt_ratio": 16.69,
            "inventory_turnover_ratio": 0.45,
            "account_receivable_turnover_ratio": 1.24,
            "reinvestment_rate": -12.46,
            "research_to_sale_ratio": 0,
            "price_fair": 96.25,
            "eps_avg_yearly": 2.75,
            "eps_latest_yearly": 0.6,
            "eps_growth_yearly": 81.2
        },
        "20193": {
            "year_quarter": 20193,
            "year": 2019,
            "quarter": 3,
            "eps": 0.22,
            "eps_growth_year": -73.49,
            "eps_4q": -0.41,
            "eps_4q_growth_year": -132.46,
            "roe": 0.71,
            "roe_4q": -1.35,
            "gross_profit": 68788,
            "gross_margin": 46.85,
            "gross_margin_4q_avg": 35.85,
            "net_income": 11246,
            "revenue": 146811,
            "common_shares": 513099,
            "book_valuer_per_share": 30.63,
            "book_valuer_per_share_4q_avg": 31.63,
            "equity": 1571868,
            "current_ratio": 661.34,
            "debt_ratio": 16.49,
            "inventory_turnover_ratio": 0.33,
            "account_receivable_turnover_ratio": 1.45,
            "reinvestment_rate": -13.33,
            "research_to_sale_ratio": 0,
            "price_fair": 90.49,
            "eps_avg_yearly": 2.59,
            "eps_latest_yearly": 0.6,
            "eps_growth_yearly": 74.39
        },
        "20194": {
            "year_quarter": 20194,
            "year": 2019,
            "quarter": 4,
            "eps": -0.6,
            "eps_growth_year": -514.53,
            "eps_4q": -1.16,
            "eps_4q_growth_year": -157.56,
            "roe": -2,
            "roe_4q": -3.75,
            "gross_profit": 38235,
            "gross_margin": 27.58,
            "gross_margin_4q_avg": 31.43,
            "net_income": -30974,
            "revenue": 138614,
            "common_shares": 513099,
            "book_valuer_per_share": 29.71,
            "book_valuer_per_share_4q_avg": 30.86,
            "equity": 1524414,
            "current_ratio": 757.95,
            "debt_ratio": 14.79,
            "inventory_turnover_ratio": 0.42,
            "account_receivable_turnover_ratio": 1.47,
            "reinvestment_rate": -29.05,
            "research_to_sale_ratio": 0,
            "price_fair": 85.82,
            "eps_avg_yearly": 2.45,
            "eps_latest_yearly": 0.6,
            "eps_growth_yearly": 87.45
        },
        "20201": {
            "year_quarter": 20201,
            "year": 2020,
            "quarter": 1,
            "eps": 0.15,
            "eps_growth_year": null,
            "eps_4q": -0.5,
            "eps_4q_growth_year": -141.78,
            "roe": 0.5,
            "roe_4q": -1.62,
            "gross_profit": 70241,
            "gross_margin": 54.22,
            "gross_margin_4q_avg": 39.81,
            "net_income": 7604,
            "revenue": 129538,
            "common_shares": 513099,
            "book_valuer_per_share": 29.69,
            "book_valuer_per_share_4q_avg": 30.21,
            "equity": 1523601,
            "current_ratio": 783.58,
            "debt_ratio": 16.02,
            "inventory_turnover_ratio": 0.24,
            "account_receivable_turnover_ratio": 1.51,
            "reinvestment_rate": -31.86,
            "research_to_sale_ratio": null,
            "price_fair": 83.22,
            "eps_avg_yearly": 2.38,
            "eps_latest_yearly": 0.6,
            "eps_growth_yearly": 106.23
        },
        "20202": {
            "year_quarter": 20202,
            "year": 2020,
            "quarter": 2,
            "eps": -0.27,
            "eps_growth_year": null,
            "eps_4q": -0.5,
            "eps_4q_growth_year": -355.06,
            "roe": -0.9,
            "roe_4q": -1.69,
            "gross_profit": 50748,
            "gross_margin": 46.5,
            "gross_margin_4q_avg": 43.79,
            "net_income": -13619,
            "revenue": 109125,
            "common_shares": 513099,
            "book_valuer_per_share": 29.22,
            "book_valuer_per_share_4q_avg": 29.81,
            "equity": 1499468,
            "current_ratio": 773.91,
            "debt_ratio": 15.93,
            "inventory_turnover_ratio": 0.22,
            "account_receivable_turnover_ratio": 1.3,
            "reinvestment_rate": -57.57,
            "research_to_sale_ratio": null,
            "price_fair": 74.9,
            "eps_avg_yearly": 2.14,
            "eps_latest_yearly": 0.6,
            "eps_growth_yearly": 100.92
        },
        "20203": {
            "year_quarter": 20203,
            "year": 2020,
            "quarter": 3,
            "eps": -1.02,
            "eps_growth_year": -563.64,
            "eps_4q": -1.74,
            "eps_4q_growth_year": null,
            "roe": -3.53,
            "roe_4q": -5.93,
            "gross_profit": 13832,
            "gross_margin": 12.51,
            "gross_margin_4q_avg": 35.2,
            "net_income": -52248,
            "revenue": 110586,
            "common_shares": 513099,
            "book_valuer_per_share": 28.44,
            "book_valuer_per_share_4q_avg": 29.27,
            "equity": 1459243,
            "current_ratio": 503.73,
            "debt_ratio": 20.97,
            "inventory_turnover_ratio": 0.34,
            "account_receivable_turnover_ratio": 1.4,
            "reinvestment_rate": -257.42,
            "research_to_sale_ratio": null,
            "price_fair": 73.4,
            "eps_avg_yearly": 2.1,
            "eps_latest_yearly": 0.6,
            "eps_growth_yearly": 139.91
        },
        "20204": {
            "year_quarter": 20204,
            "year": 2020,
            "quarter": 4,
            "eps": -1.75,
            "eps_growth_year": null,
            "eps_4q": -2.89,
            "eps_4q_growth_year": null,
            "roe": -6.34,
            "roe_4q": -10.27,
            "gross_profit": -7417,
            "gross_margin": -6.43,
            "gross_margin_4q_avg": 26.7,
            "net_income": -89826,
            "revenue": 115332,
            "common_shares": 513099,
            "book_valuer_per_share": 26.8,
            "book_valuer_per_share_4q_avg": 28.54,
            "equity": 1375248,
            "current_ratio": 795.26,
            "debt_ratio": 15.09,
            "inventory_turnover_ratio": 0.47,
            "account_receivable_turnover_ratio": 1.66,
            "reinvestment_rate": null,
            "research_to_sale_ratio": null,
            "price_fair": 57.4,
            "eps_avg_yearly": 1.64,
            "eps_latest_yearly": 0.6,
            "eps_growth_yearly": 97.65
        },
        "20211": {
            "year_quarter": 20211,
            "year": 2021,
            "quarter": 1,
            "eps": -0.35,
            "eps_growth_year": -333.33,
            "eps_4q": -3.38,
            "eps_4q_growth_year": null,
            "roe": -1.31,
            "roe_4q": -12.08,
            "gross_profit": 40069,
            "gross_margin": 37.32,
            "gross_margin_4q_avg": 22.48,
            "net_income": -17874,
            "revenue": 107357,
            "common_shares": 513099,
            "book_valuer_per_share": 26.38,
            "book_valuer_per_share_4q_avg": 27.71,
            "equity": 1356065,
            "current_ratio": 821.94,
            "debt_ratio": 30.83,
            "inventory_turnover_ratio": 0.27,
            "account_receivable_turnover_ratio": 1.63,
            "reinvestment_rate": null,
            "research_to_sale_ratio": null,
            "price_fair": 65.8,
            "eps_avg_yearly": 1.88,
            "eps_latest_yearly": 0.6,
            "eps_growth_yearly": 189.91
        },
        "20212": {
            "year_quarter": 20212,
            "year": 2021,
            "quarter": 2,
            "eps": -1.11,
            "eps_growth_year": null,
            "eps_4q": -4.22,
            "eps_4q_growth_year": null,
            "roe": -4.31,
            "roe_4q": -15.489999999999998,
            "gross_profit": 13843,
            "gross_margin": 12.89,
            "gross_margin_4q_avg": 14.07,
            "net_income": -57256,
            "revenue": 107388,
            "common_shares": 513099,
            "book_valuer_per_share": 25.25,
            "book_valuer_per_share_4q_avg": 26.72,
            "equity": 1301245,
            "current_ratio": 739.09,
            "debt_ratio": 32.43,
            "inventory_turnover_ratio": 0.39,
            "account_receivable_turnover_ratio": 1.58,
            "reinvestment_rate": null,
            "research_to_sale_ratio": null,
            "price_fair": 74.55,
            "eps_avg_yearly": 2.13,
            "eps_latest_yearly": 0.6,
            "eps_growth_yearly": 137.39
        },
        "20213": {
            "year_quarter": 20213,
            "year": 2021,
            "quarter": 3,
            "eps": -0.75,
            "eps_growth_year": null,
            "eps_4q": -3.96,
            "eps_4q_growth_year": null,
            "roe": -3.12,
            "roe_4q": -15.08,
            "gross_profit": 22307,
            "gross_margin": 22.79,
            "gross_margin_4q_avg": 16.64,
            "net_income": -39984,
            "revenue": 97862,
            "common_shares": 513099,
            "book_valuer_per_share": 24.46,
            "book_valuer_per_share_4q_avg": 25.72,
            "equity": 1259211,
            "current_ratio": 546.93,
            "debt_ratio": 34.19,
            "inventory_turnover_ratio": 0.33,
            "account_receivable_turnover_ratio": 1.46,
            "reinvestment_rate": null,
            "research_to_sale_ratio": null,
            "price_fair": 79.8,
            "eps_avg_yearly": 2.28,
            "eps_latest_yearly": 0.6,
            "eps_growth_yearly": 61.97
        },
        "20214": {
            "year_quarter": 20214,
            "year": 2021,
            "quarter": 4,
            "eps": -2.39,
            "eps_growth_year": null,
            "eps_4q": -4.6,
            "eps_4q_growth_year": null,
            "roe": -10.31,
            "roe_4q": -19.049999999999997,
            "gross_profit": -57615,
            "gross_margin": -49.92,
            "gross_margin_4q_avg": 5.77,
            "net_income": -123541,
            "revenue": 115424,
            "common_shares": 513099,
            "book_valuer_per_share": 22.1,
            "book_valuer_per_share_4q_avg": 24.55,
            "equity": 1137453,
            "current_ratio": 444.85,
            "debt_ratio": 37.22,
            "inventory_turnover_ratio": 0.92,
            "account_receivable_turnover_ratio": 1.77,
            "reinvestment_rate": null,
            "research_to_sale_ratio": null,
            "price_fair": 79.8,
            "eps_avg_yearly": 2.28,
            "eps_latest_yearly": 0.6,
            "eps_growth_yearly": 61.97
        },
        "20221": {
            "year_quarter": 20221,
            "year": 2022,
            "quarter": 1,
            "eps": -0.69,
            "eps_growth_year": null,
            "eps_4q": -4.95,
            "eps_4q_growth_year": null,
            "roe": -3.22,
            "roe_4q": -20.96,
            "gross_profit": 12765,
            "gross_margin": 12.16,
            "gross_margin_4q_avg": -0.52,
            "net_income": -36135,
            "revenue": 104946,
            "common_shares": 513099,
            "book_valuer_per_share": 21.52,
            "book_valuer_per_share_4q_avg": 23.33,
            "equity": 1106797,
            "current_ratio": 369.16,
            "debt_ratio": 39.14,
            "inventory_turnover_ratio": 0.71,
            "account_receivable_turnover_ratio": 1.56,
            "reinvestment_rate": null,
            "research_to_sale_ratio": null,
            "price_fair": 79.8,
            "eps_avg_yearly": 2.28,
            "eps_latest_yearly": 0.6,
            "eps_growth_yearly": 61.97
        },
        "20222": {
            "year_quarter": 20222,
            "year": 2022,
            "quarter": 2,
            "eps": -0.57,
            "eps_growth_year": null,
            "eps_4q": -4.41,
            "eps_4q_growth_year": null,
            "roe": -2.76,
            "roe_4q": -19.41,
            "gross_profit": 13300,
            "gross_margin": 14.36,
            "gross_margin_4q_avg": -0.15,
            "net_income": -30032,
            "revenue": 92642,
            "common_shares": 513099,
            "book_valuer_per_share": 20.82,
            "book_valuer_per_share_4q_avg": 22.23,
            "equity": 1070477,
            "current_ratio": 351.35,
            "debt_ratio": 40,
            "inventory_turnover_ratio": 0.72,
            "account_receivable_turnover_ratio": 1.4,
            "reinvestment_rate": null,
            "research_to_sale_ratio": null,
            "price_fair": 5.88,
            "eps_avg_yearly": 1.96,
            "eps_latest_yearly": 0.6,
            "eps_growth_yearly": -136.46
        },
        "20223": {
            "year_quarter": 20223,
            "year": 2022,
            "quarter": 3,
            "eps": 0.01,
            "eps_growth_year": null,
            "eps_4q": -3.64,
            "eps_4q_growth_year": null,
            "roe": 0.03,
            "roe_4q": -16.26,
            "gross_profit": 24250,
            "gross_margin": 24.68,
            "gross_margin_4q_avg": 0.32,
            "net_income": 357,
            "revenue": 98257,
            "common_shares": 513099,
            "book_valuer_per_share": 20.82,
            "book_valuer_per_share_4q_avg": 21.32,
            "equity": 1071477,
            "current_ratio": 345.07,
            "debt_ratio": 40.55,
            "inventory_turnover_ratio": 0.73,
            "account_receivable_turnover_ratio": 1.73,
            "reinvestment_rate": null,
            "research_to_sale_ratio": null,
            "price_fair": 1.8,
            "eps_avg_yearly": 0.6,
            "eps_latest_yearly": 0.6,
            "eps_growth_yearly": -327.71
        },
        "20224": {
            "year_quarter": 20224,
            "year": 2022,
            "quarter": 4,
            "eps": -1.12,
            "eps_growth_year": null,
            "eps_4q": -2.37,
            "eps_4q_growth_year": null,
            "roe": -5.49,
            "roe_4q": -11.44,
            "gross_profit": 16788,
            "gross_margin": 16.11,
            "gross_margin_4q_avg": 16.83,
            "net_income": -57389,
            "revenue": 104222,
            "common_shares": 513099,
            "book_valuer_per_share": 19.79,
            "book_valuer_per_share_4q_avg": 20.74,
            "equity": 1018471,
            "current_ratio": 309.76,
            "debt_ratio": 41.51,
            "inventory_turnover_ratio": 0.85,
            "account_receivable_turnover_ratio": 1.95,
            "reinvestment_rate": null,
            "research_to_sale_ratio": null,
            "price_fair": 0,
            "eps_avg_yearly": 0,
            "eps_latest_yearly": 0,
            "eps_growth_yearly": 0
        },
        "20231": {
            "year_quarter": 20231,
            "year": 2023,
            "quarter": 1,
            "eps": -0.83,
            "eps_growth_year": null,
            "eps_4q": -2.51,
            "eps_4q_growth_year": null,
            "roe": -4.27,
            "roe_4q": -12.49,
            "gross_profit": 19303,
            "gross_margin": 20.76,
            "gross_margin_4q_avg": 18.98,
            "net_income": -42542,
            "revenue": 92970,
            "common_shares": 513099,
            "book_valuer_per_share": 18.9,
            "book_valuer_per_share_4q_avg": 20.08,
            "equity": 972636,
            "current_ratio": 265.28,
            "debt_ratio": 44.09,
            "inventory_turnover_ratio": 0.67,
            "account_receivable_turnover_ratio": 1.83,
            "reinvestment_rate": null,
            "research_to_sale_ratio": null,
            "price_fair": 0,
            "eps_avg_yearly": 0,
            "eps_latest_yearly": 0,
            "eps_growth_yearly": 0
        }
    },
    "months": {
        "2013-09": {
            "month": "2013-09",
            "price": "188.61",
            "revenue": 44926
        },
        "2013-10": {
            "month": "2013-10",
            "price": "173.99",
            "revenue": 48950
        },
        "2013-11": {
            "month": "2013-11",
            "price": "182.07",
            "revenue": 46807
        },
        "2013-12": {
            "month": "2013-12",
            "price": "186.96",
            "revenue": 56797
        },
        "2014-01": {
            "month": "2014-01",
            "price": "189.79",
            "revenue": 63001
        },
        "2014-02": {
            "month": "2014-02",
            "price": "189.26",
            "revenue": 58355
        },
        "2014-03": {
            "month": "2014-03",
            "price": "191.90",
            "revenue": 63909
        },
        "2014-04": {
            "month": "2014-04",
            "price": "191.56",
            "revenue": 44216
        },
        "2014-05": {
            "month": "2014-05",
            "price": "190.83",
            "revenue": 54942
        },
        "2014-06": {
            "month": "2014-06",
            "price": "189.37",
            "revenue": 49124
        },
        "2014-07": {
            "month": "2014-07",
            "price": "180.85",
            "revenue": 51231
        },
        "2014-08": {
            "month": "2014-08",
            "price": "167.71",
            "revenue": 60960
        },
        "2014-09": {
            "month": "2014-09",
            "price": "173.32",
            "revenue": 56835
        },
        "2014-10": {
            "month": "2014-10",
            "price": "120.22",
            "revenue": 47768
        },
        "2014-11": {
            "month": "2014-11",
            "price": "91.90",
            "revenue": 46695
        },
        "2014-12": {
            "month": "2014-12",
            "price": "117.34",
            "revenue": 57629
        },
        "2015-01": {
            "month": "2015-01",
            "price": "135.78",
            "revenue": 44472
        },
        "2015-02": {
            "month": "2015-02",
            "price": "117.53",
            "revenue": 61930
        },
        "2015-03": {
            "month": "2015-03",
            "price": "88.79",
            "revenue": 50379
        },
        "2015-04": {
            "month": "2015-04",
            "price": "80.69",
            "revenue": 59373
        },
        "2015-05": {
            "month": "2015-05",
            "price": "79.51",
            "revenue": 52097
        },
        "2015-06": {
            "month": "2015-06",
            "price": "83.40",
            "revenue": 48752
        },
        "2015-07": {
            "month": "2015-07",
            "price": "89.37",
            "revenue": 54065
        },
        "2015-08": {
            "month": "2015-08",
            "price": "70.89",
            "revenue": 54761
        },
        "2015-09": {
            "month": "2015-09",
            "price": "75.02",
            "revenue": 54172
        },
        "2015-10": {
            "month": "2015-10",
            "price": "82.95",
            "revenue": 51128
        },
        "2015-11": {
            "month": "2015-11",
            "price": "82.01",
            "revenue": 53324
        },
        "2015-12": {
            "month": "2015-12",
            "price": "80.77",
            "revenue": 59464
        },
        "2016-01": {
            "month": "2016-01",
            "price": "75.40",
            "revenue": 73064
        },
        "2016-02": {
            "month": "2016-02",
            "price": "80.27",
            "revenue": 52133
        },
        "2016-03": {
            "month": "2016-03",
            "price": "83.70",
            "revenue": 50663
        },
        "2016-04": {
            "month": "2016-04",
            "price": "91.51",
            "revenue": 62616
        },
        "2016-05": {
            "month": "2016-05",
            "price": "89.58",
            "revenue": 52070
        },
        "2016-06": {
            "month": "2016-06",
            "price": "100.70",
            "revenue": 49906
        },
        "2016-07": {
            "month": "2016-07",
            "price": "119.62",
            "revenue": 57408
        },
        "2016-08": {
            "month": "2016-08",
            "price": "105.71",
            "revenue": 51173
        },
        "2016-09": {
            "month": "2016-09",
            "price": "95.72",
            "revenue": 74367
        },
        "2016-10": {
            "month": "2016-10",
            "price": "98.35",
            "revenue": 47806
        },
        "2016-11": {
            "month": "2016-11",
            "price": "82.40",
            "revenue": 50045
        },
        "2016-12": {
            "month": "2016-12",
            "price": "84.46",
            "revenue": 79138
        },
        "2017-01": {
            "month": "2017-01",
            "price": "85.31",
            "revenue": 50021
        },
        "2017-02": {
            "month": "2017-02",
            "price": "83.23",
            "revenue": 47862
        },
        "2017-03": {
            "month": "2017-03",
            "price": "82.51",
            "revenue": 53750
        },
        "2017-04": {
            "month": "2017-04",
            "price": "79.02",
            "revenue": 54063
        },
        "2017-05": {
            "month": "2017-05",
            "price": "80.60",
            "revenue": 47652
        },
        "2017-06": {
            "month": "2017-06",
            "price": "78.75",
            "revenue": 49024
        },
        "2017-07": {
            "month": "2017-07",
            "price": "78.14",
            "revenue": 50399
        },
        "2017-08": {
            "month": "2017-08",
            "price": "70.54",
            "revenue": 53137
        },
        "2017-09": {
            "month": "2017-09",
            "price": "62.09",
            "revenue": 58899
        },
        "2017-10": {
            "month": "2017-10",
            "price": "58.60",
            "revenue": 48207
        },
        "2017-11": {
            "month": "2017-11",
            "price": "61.64",
            "revenue": 62982
        },
        "2017-12": {
            "month": "2017-12",
            "price": "61.51",
            "revenue": 60318
        },
        "2018-01": {
            "month": "2018-01",
            "price": "59.59",
            "revenue": 53625
        },
        "2018-02": {
            "month": "2018-02",
            "price": "55.23",
            "revenue": 50683
        },
        "2018-03": {
            "month": "2018-03",
            "price": "58.32",
            "revenue": 77607
        },
        "2018-04": {
            "month": "2018-04",
            "price": "56.81",
            "revenue": 50140
        },
        "2018-05": {
            "month": "2018-05",
            "price": "54.83",
            "revenue": 50027
        },
        "2018-06": {
            "month": "2018-06",
            "price": "52.43",
            "revenue": 57150
        },
        "2018-07": {
            "month": "2018-07",
            "price": "50.37",
            "revenue": 55178
        },
        "2018-08": {
            "month": "2018-08",
            "price": "52.42",
            "revenue": 52804
        },
        "2018-09": {
            "month": "2018-09",
            "price": "52.85",
            "revenue": 53990
        },
        "2018-10": {
            "month": "2018-10",
            "price": "43.82",
            "revenue": 51278
        },
        "2018-11": {
            "month": "2018-11",
            "price": "38.03",
            "revenue": 52851
        },
        "2018-12": {
            "month": "2018-12",
            "price": "43.14",
            "revenue": 60435
        },
        "2019-01": {
            "month": "2019-01",
            "price": "46.74",
            "revenue": 46102
        },
        "2019-02": {
            "month": "2019-02",
            "price": "44.62",
            "revenue": 55292
        },
        "2019-03": {
            "month": "2019-03",
            "price": "42.58",
            "revenue": 60601
        },
        "2019-04": {
            "month": "2019-04",
            "price": "40.49",
            "revenue": 49952
        },
        "2019-05": {
            "month": "2019-05",
            "price": "39.78",
            "revenue": 49546
        },
        "2019-06": {
            "month": "2019-06",
            "price": "39.16",
            "revenue": 47791
        },
        "2019-07": {
            "month": "2019-07",
            "price": "41.27",
            "revenue": 49098
        },
        "2019-08": {
            "month": "2019-08",
            "price": "41.01",
            "revenue": 53727
        },
        "2019-09": {
            "month": "2019-09",
            "price": "40.39",
            "revenue": 43986
        },
        "2019-10": {
            "month": "2019-10",
            "price": "38.60",
            "revenue": 46341
        },
        "2019-11": {
            "month": "2019-11",
            "price": "36.86",
            "revenue": 49681
        },
        "2019-12": {
            "month": "2019-12",
            "price": "36.66",
            "revenue": 42592
        },
        "2020-01": {
            "month": "2020-01",
            "price": "36.64",
            "revenue": 49666
        },
        "2020-02": {
            "month": "2020-02",
            "price": "33.08",
            "revenue": 40234
        },
        "2020-03": {
            "month": "2020-03",
            "price": "25.74",
            "revenue": 39638
        },
        "2020-04": {
            "month": "2020-04",
            "price": "23.05",
            "revenue": 33621
        },
        "2020-05": {
            "month": "2020-05",
            "price": "25.04",
            "revenue": 38396
        },
        "2020-06": {
            "month": "2020-06",
            "price": "29.35",
            "revenue": 37107
        },
        "2020-07": {
            "month": "2020-07",
            "price": "28.82",
            "revenue": 35778
        },
        "2020-08": {
            "month": "2020-08",
            "price": "26.55",
            "revenue": 40550
        },
        "2020-09": {
            "month": "2020-09",
            "price": "24.88",
            "revenue": 34260
        },
        "2020-10": {
            "month": "2020-10",
            "price": "24.29",
            "revenue": 44589
        },
        "2020-11": {
            "month": "2020-11",
            "price": "24.62",
            "revenue": 33005
        },
        "2020-12": {
            "month": "2020-12",
            "price": "23.74",
            "revenue": 37737
        },
        "2021-01": {
            "month": "2021-01",
            "price": "22.94",
            "revenue": 40495
        },
        "2021-02": {
            "month": "2021-02",
            "price": "22.65",
            "revenue": 31409
        },
        "2021-03": {
            "month": "2021-03",
            "price": "22.64",
            "revenue": 35453
        },
        "2021-04": {
            "month": "2021-04",
            "price": "22.94",
            "revenue": 37892
        },
        "2021-05": {
            "month": "2021-05",
            "price": "23.40",
            "revenue": 33440
        },
        "2021-06": {
            "month": "2021-06",
            "price": "23.72",
            "revenue": 36056
        },
        "2021-07": {
            "month": "2021-07",
            "price": "23.48",
            "revenue": 33987
        },
        "2021-08": {
            "month": "2021-08",
            "price": "23.24",
            "revenue": 31572
        },
        "2021-09": {
            "month": "2021-09",
            "price": "23.20",
            "revenue": 32305
        },
        "2021-10": {
            "month": "2021-10",
            "price": "22.91",
            "revenue": 37867
        },
        "2021-11": {
            "month": "2021-11",
            "price": "28.63",
            "revenue": 35274
        },
        "2021-12": {
            "month": "2021-12",
            "price": "43.49",
            "revenue": 42283
        },
        "2022-01": {
            "month": "2022-01",
            "price": "50.56",
            "revenue": 37171
        },
        "2022-02": {
            "month": "2022-02",
            "price": "40.15",
            "revenue": 38531
        },
        "2022-03": {
            "month": "2022-03",
            "price": "38.35",
            "revenue": 29244
        },
        "2022-04": {
            "month": "2022-04",
            "price": "32.78",
            "revenue": 32090
        },
        "2022-05": {
            "month": "2022-05",
            "price": "27.95",
            "revenue": 28810
        },
        "2022-06": {
            "month": "2022-06",
            "price": "26.99",
            "revenue": 31742
        },
        "2022-07": {
            "month": "2022-07",
            "price": "31.18",
            "revenue": 35869
        },
        "2022-08": {
            "month": "2022-08",
            "price": "33.97",
            "revenue": 29656
        },
        "2022-09": {
            "month": "2022-09",
            "price": "28.05",
            "revenue": 32732
        },
        "2022-10": {
            "month": "2022-10",
            "price": "24.14",
            "revenue": 31885
        },
        "2022-11": {
            "month": "2022-11",
            "price": "26.95",
            "revenue": 33631
        },
        "2022-12": {
            "month": "2022-12",
            "price": "28.28",
            "revenue": 38706
        },
        "2023-01": {
            "month": "2023-01",
            "price": "26.57",
            "revenue": 35089
        },
        "2023-02": {
            "month": "2023-02",
            "price": "27.38",
            "revenue": 27270
        },
        "2023-03": {
            "month": "2023-03",
            "price": "26.03",
            "revenue": 30611
        },
        "2023-04": {
            "month": "2023-04",
            "price": "25.76",
            "revenue": 24088
        },
        "2023-05": {
            "month": "2023-05",
            "price": "25.05",
            "revenue": 25860
        }
    }
}
