{
    "summary": {
        "stock_name": "富邦媒",
        "stock_id": "8454",
        "category": "數位雲端",
        "main_business": "一般商品批發零售業<br>無店面零售業",
        "website_url": "https://corp.momo.com.tw/",
        "ceo": "谷元宏",
        "pe_ratio": 35,
        "report_year_from": 2012,
        "report_year_to": 2023,
        "age": 12,
        "eps_negative_percentage": 0,
        "eps_growth_avg": {
            "last_all": 7.08,
            "last_2y": -2.9,
            "last_4y": 5.4,
            "last_8y": 7.08,
            "last_12y": null,
            "last_16y": null,
            "last_20y": null,
            "at_2006_last_3y": null,
            "at_2007_last_3y": null,
            "at_2008_last_3y": null,
            "at_2009_last_3y": null,
            "at_2010_last_3y": null,
            "at_2011_last_3y": null,
            "at_2012_last_3y": null,
            "at_2013_last_3y": null,
            "at_2014_last_3y": null,
            "at_2015_last_3y": null,
            "at_2016_last_3y": null,
            "at_2017_last_3y": null,
            "at_2018_last_3y": 9.18,
            "at_2019_last_3y": 7.6,
            "at_2020_last_3y": 14.3,
            "at_2021_last_3y": 22.18,
            "at_2022_last_3y": 15,
            "at_2023_last_3y": 7.72,
            "at_2024_last_3y": 7.72,
            "at_2006_last_all": null,
            "at_2007_last_all": null,
            "at_2008_last_all": null,
            "at_2009_last_all": null,
            "at_2010_last_all": null,
            "at_2011_last_all": null,
            "at_2012_last_all": null,
            "at_2013_last_all": null,
            "at_2014_last_all": null,
            "at_2015_last_all": null,
            "at_2016_last_all": 7.64,
            "at_2017_last_all": 7.54,
            "at_2018_last_all": 9.18,
            "at_2019_last_all": 6.57,
            "at_2020_last_all": 12.08,
            "at_2021_last_all": 15.91,
            "at_2022_last_all": 12.09,
            "at_2023_last_all": 7.08,
            "at_2024_last_all": 7.08
        },
        "latest_eps": 14.57,
        "latest_price": 509,
        "latest_roe": 39.09,
        "latest_gross_margin": 9.26,
        "latest_equity": 9015450,
        "latest_revenue": 25074675,
        "latest_gross_profit": 2322345,
        "latest_net_income": 749859,
        "latest_debt_ratio": 63.04,
        "latest_current_ratio": 93.75,
        "latest_account_receivable_turnover_ratio": 62.37,
        "latest_inventory_turnover_ratio": 4.92,
        "latest_reinvestment_rate": 25.09,
        "latest_research_to_sale_ratio": 0.28
    },
    "eps_dividends": {
        "2001": {
            "cash": 0,
            "stock": 0,
            "eps": 0
        },
        "2002": {
            "cash": 0,
            "stock": 0,
            "eps": 0
        },
        "2003": {
            "cash": 0,
            "stock": 0,
            "eps": 0
        },
        "2004": {
            "cash": 0,
            "stock": 0,
            "eps": 0
        },
        "2005": {
            "cash": 0,
            "stock": 0,
            "eps": 0
        },
        "2006": {
            "cash": 0,
            "stock": 0,
            "eps": 0
        },
        "2007": {
            "cash": 0,
            "stock": 0,
            "eps": 0
        },
        "2008": {
            "cash": 0,
            "stock": 0,
            "eps": 0
        },
        "2009": {
            "cash": 0,
            "stock": 0,
            "eps": 0
        },
        "2010": {
            "cash": 5.08,
            "stock": 4,
            "eps": 0
        },
        "2011": {
            "cash": 12.509999999999998,
            "stock": 1,
            "eps": 0
        },
        "2012": {
            "cash": 0,
            "stock": 0,
            "eps": 0
        },
        "2013": {
            "cash": 3.92,
            "stock": 0,
            "eps": 0
        },
        "2014": {
            "cash": 3.5,
            "stock": 0,
            "eps": 7.31
        },
        "2015": {
            "cash": 8.48,
            "stock": 0,
            "eps": 7.49
        },
        "2016": {
            "cash": 7,
            "stock": 0,
            "eps": 8.45
        },
        "2017": {
            "cash": 8,
            "stock": 0,
            "eps": 9.07
        },
        "2018": {
            "cash": 8,
            "stock": 0,
            "eps": 10.35
        },
        "2019": {
            "cash": 9,
            "stock": 0,
            "eps": 9.95
        },
        "2020": {
            "cash": 8.5,
            "stock": 0,
            "eps": 13.89
        },
        "2021": {
            "cash": 10,
            "stock": 3,
            "eps": 19.29
        },
        "2022": {
            "cash": 13,
            "stock": 2,
            "eps": 16.47
        },
        "2023": {
            "cash": 30,
            "stock": 2,
            "eps": 11.04
        }
    },
    "dividends": {
        "2010-03-17": {
            "cash": 5.08,
            "stock": 4
        },
        "2011-01-01": {
            "cash": 4.39,
            "stock": 1
        },
        "2011-03-07": {
            "cash": 8.12,
            "stock": 0
        },
        "2013-01-22": {
            "cash": 3.92,
            "stock": 0
        },
        "2014-05-14": {
            "cash": 3.5,
            "stock": 0
        },
        "2015-06-24": {
            "cash": 8.48,
            "stock": 0
        },
        "2016-05-31": {
            "cash": 7,
            "stock": 0
        },
        "2017-06-27": {
            "cash": 8,
            "stock": 0
        },
        "2018-06-27": {
            "cash": 8,
            "stock": 0
        },
        "2019-06-28": {
            "cash": 9,
            "stock": 0
        },
        "2020-06-30": {
            "cash": 8.5,
            "stock": 0
        },
        "2021-07-30": {
            "cash": 10,
            "stock": 3
        },
        "2022-07-29": {
            "cash": 13,
            "stock": 2
        },
        "2023-03-31": {
            "cash": 15,
            "stock": 1
        },
        "2023-06-30": {
            "cash": 15,
            "stock": 1
        }
    },
    "prices": {
        "200101": "無",
        "200102": "無",
        "200103": "無",
        "200104": "無",
        "200105": "無",
        "200106": "無",
        "200107": "無",
        "200108": "無",
        "200109": "無",
        "200110": "無",
        "200111": "無",
        "200112": "無",
        "200201": "無",
        "200202": "無",
        "200203": "無",
        "200204": "無",
        "200205": "無",
        "200206": "無",
        "200207": "無",
        "200208": "無",
        "200209": "無",
        "200210": "無",
        "200211": "無",
        "200212": "無",
        "200301": "無",
        "200302": "無",
        "200303": "無",
        "200304": "無",
        "200305": "無",
        "200306": "無",
        "200307": "無",
        "200308": "無",
        "200309": "無",
        "200310": "無",
        "200311": "無",
        "200312": "無",
        "200401": "無",
        "200402": "無",
        "200403": "無",
        "200404": "無",
        "200405": "無",
        "200406": "無",
        "200407": "無",
        "200408": "無",
        "200409": "無",
        "200410": "無",
        "200411": "無",
        "200412": "無",
        "200501": "無",
        "200502": "無",
        "200503": "無",
        "200504": "無",
        "200505": "無",
        "200506": "無",
        "200507": "無",
        "200508": "無",
        "200509": "無",
        "200510": "無",
        "200511": "無",
        "200512": "無",
        "200601": "無",
        "200602": "無",
        "200603": "無",
        "200604": "無",
        "200605": "無",
        "200606": "無",
        "200607": "無",
        "200608": "無",
        "200609": "無",
        "200610": "無",
        "200611": "無",
        "200612": "無",
        "200701": "無",
        "200702": "無",
        "200703": "無",
        "200704": "無",
        "200705": "無",
        "200706": "無",
        "200707": "無",
        "200708": "無",
        "200709": "無",
        "200710": "無",
        "200711": "無",
        "200712": "無",
        "200801": "無",
        "200802": "無",
        "200803": "無",
        "200804": "無",
        "200805": "無",
        "200806": "無",
        "200807": "無",
        "200808": "無",
        "200809": "無",
        "200810": "無",
        "200811": "無",
        "200812": "無",
        "200901": "無",
        "200902": "無",
        "200903": "無",
        "200904": "無",
        "200905": "無",
        "200906": "無",
        "200907": "無",
        "200908": "無",
        "200909": "無",
        "200910": "無",
        "200911": "無",
        "200912": "無",
        "201001": "無",
        "201002": "無",
        "201003": "無",
        "201004": "無",
        "201005": "無",
        "201006": "無",
        "201007": "無",
        "201008": "無",
        "201009": "無",
        "201010": "無",
        "201011": "無",
        "201012": "無",
        "201101": "無",
        "201102": "無",
        "201103": "無",
        "201104": "無",
        "201105": "無",
        "201106": "無",
        "201107": "無",
        "201108": "無",
        "201109": "無",
        "201110": "無",
        "201111": "無",
        "201112": "無",
        "201201": "無",
        "201202": "無",
        "201203": "無",
        "201204": "無",
        "201205": "無",
        "201206": "無",
        "201207": "無",
        "201208": "無",
        "201209": "無",
        "201210": "無",
        "201211": "無",
        "201212": "無",
        "201301": "無",
        "201302": "無",
        "201303": "無",
        "201304": "無",
        "201305": "無",
        "201306": "無",
        "201307": "無",
        "201308": "無",
        "201309": "無",
        "201310": "無",
        "201311": "無",
        "201312": "無",
        "201401": "無",
        "201402": "200.30",
        "201403": "178.26",
        "201404": "180.22",
        "201405": "183.37",
        "201406": "209.84",
        "201407": "242.68",
        "201408": "234.80",
        "201409": "239.10",
        "201410": "239.50",
        "201411": "280.90",
        "201412": "323.95",
        "201501": "318.05",
        "201502": "303.81",
        "201503": "300.20",
        "201504": "280.30",
        "201505": "286.05",
        "201506": "269.90",
        "201507": "247.36",
        "201508": "219.40",
        "201509": "203.08",
        "201510": "188.02",
        "201511": "208.14",
        "201512": "227.76",
        "201601": "206.29",
        "201602": "211.81",
        "201603": "214.02",
        "201604": "207.92",
        "201605": "224.79",
        "201606": "216.60",
        "201607": "212.48",
        "201608": "219.33",
        "201609": "213.61",
        "201610": "210.52",
        "201611": "194.14",
        "201612": "193.64",
        "201701": "190.47",
        "201702": "194.00",
        "201703": "203.24",
        "201704": "215.83",
        "201705": "221.15",
        "201706": "218.00",
        "201707": "209.48",
        "201708": "213.15",
        "201709": "220.11",
        "201710": "217.16",
        "201711": "206.25",
        "201712": "207.17",
        "201801": "230.05",
        "201802": "283.15",
        "201803": "280.02",
        "201804": "266.47",
        "201805": "238.64",
        "201806": "221.20",
        "201807": "208.05",
        "201808": "194.52",
        "201809": "185.50",
        "201810": "178.55",
        "201811": "187.91",
        "201812": "194.52",
        "201901": "206.57",
        "201902": "240.73",
        "201903": "255.52",
        "201904": "268.20",
        "201905": "264.20",
        "201906": "251.16",
        "201907": "261.78",
        "201908": "256.19",
        "201909": "265.08",
        "201910": "259.67",
        "201911": "284.14",
        "201912": "289.50",
        "202001": "295.93",
        "202002": "333.45",
        "202003": "342.84",
        "202004": "449.62",
        "202005": "526.50",
        "202006": "648.65",
        "202007": "722.61",
        "202008": "658.29",
        "202009": "707.45",
        "202010": "690.53",
        "202011": "652.48",
        "202012": "618.04",
        "202101": "751.90",
        "202102": "876.23",
        "202103": "904.86",
        "202104": "996.79",
        "202105": "1122.43",
        "202106": "1515.48",
        "202107": "1618.41",
        "202108": "1761.59",
        "202109": "1819.00",
        "202110": "1637.75",
        "202111": "1680.45",
        "202112": "1634.09",
        "202201": "1529.72",
        "202202": "1091.87",
        "202203": "921.70",
        "202204": "934.63",
        "202205": "770.76",
        "202206": "779.29",
        "202207": "762.76",
        "202208": "758.65",
        "202209": "623.05",
        "202210": "503.85",
        "202211": "544.82",
        "202212": "623.91",
        "202301": "753.92",
        "202302": "768.78",
        "202303": "838.17",
        "202304": "849.88",
        "202305": "727.14",
        "202306": "682.10",
        "202307": "649.14",
        "202308": "554.27",
        "202309": "508.80",
        "202310": "516.92",
        "202311": "516.14",
        "202312": "510.05"
    },
    "quarters": {
        "20011": {
            "year_quarter": 20011,
            "year": 2001,
            "quarter": 1,
            "eps": null,
            "eps_growth_year": null,
            "eps_4q": null,
            "eps_4q_growth_year": null,
            "roe": null,
            "roe_4q": 0,
            "gross_profit": null,
            "gross_margin": null,
            "gross_margin_4q_avg": 0,
            "net_income": null,
            "net_income_4q": null,
            "revenue": null,
            "revenue_4q": null,
            "common_shares": null,
            "book_valuer_per_share": null,
            "book_valuer_per_share_4q_avg": 0,
            "equity": null,
            "current_ratio": null,
            "debt_ratio": null,
            "inventory_turnover_ratio": null,
            "account_receivable_turnover_ratio": null,
            "reinvestment_rate": null,
            "research_to_sale_ratio": null,
            "price_fair": 0,
            "eps_avg_yearly": 0,
            "eps_latest_yearly": 0,
            "eps_growth_yearly": 0
        },
        "20012": {
            "year_quarter": 20012,
            "year": 2001,
            "quarter": 2,
            "eps": null,
            "eps_growth_year": null,
            "eps_4q": null,
            "eps_4q_growth_year": null,
            "roe": null,
            "roe_4q": 0,
            "gross_profit": null,
            "gross_margin": null,
            "gross_margin_4q_avg": 0,
            "net_income": null,
            "net_income_4q": null,
            "revenue": null,
            "revenue_4q": null,
            "common_shares": null,
            "book_valuer_per_share": null,
            "book_valuer_per_share_4q_avg": 0,
            "equity": null,
            "current_ratio": null,
            "debt_ratio": null,
            "inventory_turnover_ratio": null,
            "account_receivable_turnover_ratio": null,
            "reinvestment_rate": null,
            "research_to_sale_ratio": null,
            "price_fair": 0,
            "eps_avg_yearly": 0,
            "eps_latest_yearly": 0,
            "eps_growth_yearly": 0
        },
        "20013": {
            "year_quarter": 20013,
            "year": 2001,
            "quarter": 3,
            "eps": null,
            "eps_growth_year": null,
            "eps_4q": null,
            "eps_4q_growth_year": null,
            "roe": null,
            "roe_4q": 0,
            "gross_profit": null,
            "gross_margin": null,
            "gross_margin_4q_avg": 0,
            "net_income": null,
            "net_income_4q": null,
            "revenue": null,
            "revenue_4q": null,
            "common_shares": null,
            "book_valuer_per_share": null,
            "book_valuer_per_share_4q_avg": 0,
            "equity": null,
            "current_ratio": null,
            "debt_ratio": null,
            "inventory_turnover_ratio": null,
            "account_receivable_turnover_ratio": null,
            "reinvestment_rate": null,
            "research_to_sale_ratio": null,
            "price_fair": 0,
            "eps_avg_yearly": 0,
            "eps_latest_yearly": 0,
            "eps_growth_yearly": 0
        },
        "20014": {
            "year_quarter": 20014,
            "year": 2001,
            "quarter": 4,
            "eps": null,
            "eps_growth_year": null,
            "eps_4q": null,
            "eps_4q_growth_year": null,
            "roe": null,
            "roe_4q": 0,
            "gross_profit": null,
            "gross_margin": null,
            "gross_margin_4q_avg": 0,
            "net_income": null,
            "net_income_4q": null,
            "revenue": null,
            "revenue_4q": null,
            "common_shares": null,
            "book_valuer_per_share": null,
            "book_valuer_per_share_4q_avg": 0,
            "equity": null,
            "current_ratio": null,
            "debt_ratio": null,
            "inventory_turnover_ratio": null,
            "account_receivable_turnover_ratio": null,
            "reinvestment_rate": null,
            "research_to_sale_ratio": null,
            "price_fair": 0,
            "eps_avg_yearly": 0,
            "eps_latest_yearly": 0,
            "eps_growth_yearly": 0
        },
        "20021": {
            "year_quarter": 20021,
            "year": 2002,
            "quarter": 1,
            "eps": null,
            "eps_growth_year": null,
            "eps_4q": null,
            "eps_4q_growth_year": null,
            "roe": null,
            "roe_4q": 0,
            "gross_profit": null,
            "gross_margin": null,
            "gross_margin_4q_avg": 0,
            "net_income": null,
            "net_income_4q": null,
            "revenue": null,
            "revenue_4q": null,
            "common_shares": null,
            "book_valuer_per_share": null,
            "book_valuer_per_share_4q_avg": 0,
            "equity": null,
            "current_ratio": null,
            "debt_ratio": null,
            "inventory_turnover_ratio": null,
            "account_receivable_turnover_ratio": null,
            "reinvestment_rate": null,
            "research_to_sale_ratio": null,
            "price_fair": 0,
            "eps_avg_yearly": 0,
            "eps_latest_yearly": 0,
            "eps_growth_yearly": 0
        },
        "20022": {
            "year_quarter": 20022,
            "year": 2002,
            "quarter": 2,
            "eps": null,
            "eps_growth_year": null,
            "eps_4q": null,
            "eps_4q_growth_year": null,
            "roe": null,
            "roe_4q": 0,
            "gross_profit": null,
            "gross_margin": null,
            "gross_margin_4q_avg": 0,
            "net_income": null,
            "net_income_4q": null,
            "revenue": null,
            "revenue_4q": null,
            "common_shares": null,
            "book_valuer_per_share": null,
            "book_valuer_per_share_4q_avg": 0,
            "equity": null,
            "current_ratio": null,
            "debt_ratio": null,
            "inventory_turnover_ratio": null,
            "account_receivable_turnover_ratio": null,
            "reinvestment_rate": null,
            "research_to_sale_ratio": null,
            "price_fair": 0,
            "eps_avg_yearly": 0,
            "eps_latest_yearly": 0,
            "eps_growth_yearly": 0
        },
        "20023": {
            "year_quarter": 20023,
            "year": 2002,
            "quarter": 3,
            "eps": null,
            "eps_growth_year": null,
            "eps_4q": null,
            "eps_4q_growth_year": null,
            "roe": null,
            "roe_4q": 0,
            "gross_profit": null,
            "gross_margin": null,
            "gross_margin_4q_avg": 0,
            "net_income": null,
            "net_income_4q": null,
            "revenue": null,
            "revenue_4q": null,
            "common_shares": null,
            "book_valuer_per_share": null,
            "book_valuer_per_share_4q_avg": 0,
            "equity": null,
            "current_ratio": null,
            "debt_ratio": null,
            "inventory_turnover_ratio": null,
            "account_receivable_turnover_ratio": null,
            "reinvestment_rate": null,
            "research_to_sale_ratio": null,
            "price_fair": 0,
            "eps_avg_yearly": 0,
            "eps_latest_yearly": 0,
            "eps_growth_yearly": 0
        },
        "20024": {
            "year_quarter": 20024,
            "year": 2002,
            "quarter": 4,
            "eps": null,
            "eps_growth_year": null,
            "eps_4q": null,
            "eps_4q_growth_year": null,
            "roe": null,
            "roe_4q": 0,
            "gross_profit": null,
            "gross_margin": null,
            "gross_margin_4q_avg": 0,
            "net_income": null,
            "net_income_4q": null,
            "revenue": null,
            "revenue_4q": null,
            "common_shares": null,
            "book_valuer_per_share": null,
            "book_valuer_per_share_4q_avg": 0,
            "equity": null,
            "current_ratio": null,
            "debt_ratio": null,
            "inventory_turnover_ratio": null,
            "account_receivable_turnover_ratio": null,
            "reinvestment_rate": null,
            "research_to_sale_ratio": null,
            "price_fair": 0,
            "eps_avg_yearly": 0,
            "eps_latest_yearly": 0,
            "eps_growth_yearly": 0
        },
        "20031": {
            "year_quarter": 20031,
            "year": 2003,
            "quarter": 1,
            "eps": null,
            "eps_growth_year": null,
            "eps_4q": null,
            "eps_4q_growth_year": null,
            "roe": null,
            "roe_4q": 0,
            "gross_profit": null,
            "gross_margin": null,
            "gross_margin_4q_avg": 0,
            "net_income": null,
            "net_income_4q": null,
            "revenue": null,
            "revenue_4q": null,
            "common_shares": null,
            "book_valuer_per_share": null,
            "book_valuer_per_share_4q_avg": 0,
            "equity": null,
            "current_ratio": null,
            "debt_ratio": null,
            "inventory_turnover_ratio": null,
            "account_receivable_turnover_ratio": null,
            "reinvestment_rate": null,
            "research_to_sale_ratio": null,
            "price_fair": 0,
            "eps_avg_yearly": 0,
            "eps_latest_yearly": 0,
            "eps_growth_yearly": 0
        },
        "20032": {
            "year_quarter": 20032,
            "year": 2003,
            "quarter": 2,
            "eps": null,
            "eps_growth_year": null,
            "eps_4q": null,
            "eps_4q_growth_year": null,
            "roe": null,
            "roe_4q": 0,
            "gross_profit": null,
            "gross_margin": null,
            "gross_margin_4q_avg": 0,
            "net_income": null,
            "net_income_4q": null,
            "revenue": null,
            "revenue_4q": null,
            "common_shares": null,
            "book_valuer_per_share": null,
            "book_valuer_per_share_4q_avg": 0,
            "equity": null,
            "current_ratio": null,
            "debt_ratio": null,
            "inventory_turnover_ratio": null,
            "account_receivable_turnover_ratio": null,
            "reinvestment_rate": null,
            "research_to_sale_ratio": null,
            "price_fair": 0,
            "eps_avg_yearly": 0,
            "eps_latest_yearly": 0,
            "eps_growth_yearly": 0
        },
        "20033": {
            "year_quarter": 20033,
            "year": 2003,
            "quarter": 3,
            "eps": null,
            "eps_growth_year": null,
            "eps_4q": null,
            "eps_4q_growth_year": null,
            "roe": null,
            "roe_4q": 0,
            "gross_profit": null,
            "gross_margin": null,
            "gross_margin_4q_avg": 0,
            "net_income": null,
            "net_income_4q": null,
            "revenue": null,
            "revenue_4q": null,
            "common_shares": null,
            "book_valuer_per_share": null,
            "book_valuer_per_share_4q_avg": 0,
            "equity": null,
            "current_ratio": null,
            "debt_ratio": null,
            "inventory_turnover_ratio": null,
            "account_receivable_turnover_ratio": null,
            "reinvestment_rate": null,
            "research_to_sale_ratio": null,
            "price_fair": 0,
            "eps_avg_yearly": 0,
            "eps_latest_yearly": 0,
            "eps_growth_yearly": 0
        },
        "20034": {
            "year_quarter": 20034,
            "year": 2003,
            "quarter": 4,
            "eps": null,
            "eps_growth_year": null,
            "eps_4q": null,
            "eps_4q_growth_year": null,
            "roe": null,
            "roe_4q": 0,
            "gross_profit": null,
            "gross_margin": null,
            "gross_margin_4q_avg": 0,
            "net_income": null,
            "net_income_4q": null,
            "revenue": null,
            "revenue_4q": null,
            "common_shares": null,
            "book_valuer_per_share": null,
            "book_valuer_per_share_4q_avg": 0,
            "equity": null,
            "current_ratio": null,
            "debt_ratio": null,
            "inventory_turnover_ratio": null,
            "account_receivable_turnover_ratio": null,
            "reinvestment_rate": null,
            "research_to_sale_ratio": null,
            "price_fair": 0,
            "eps_avg_yearly": 0,
            "eps_latest_yearly": 0,
            "eps_growth_yearly": 0
        },
        "20041": {
            "year_quarter": 20041,
            "year": 2004,
            "quarter": 1,
            "eps": null,
            "eps_growth_year": null,
            "eps_4q": null,
            "eps_4q_growth_year": null,
            "roe": null,
            "roe_4q": 0,
            "gross_profit": null,
            "gross_margin": null,
            "gross_margin_4q_avg": 0,
            "net_income": null,
            "net_income_4q": null,
            "revenue": null,
            "revenue_4q": null,
            "common_shares": null,
            "book_valuer_per_share": null,
            "book_valuer_per_share_4q_avg": 0,
            "equity": null,
            "current_ratio": null,
            "debt_ratio": null,
            "inventory_turnover_ratio": null,
            "account_receivable_turnover_ratio": null,
            "reinvestment_rate": null,
            "research_to_sale_ratio": null,
            "price_fair": 0,
            "eps_avg_yearly": 0,
            "eps_latest_yearly": 0,
            "eps_growth_yearly": 0
        },
        "20042": {
            "year_quarter": 20042,
            "year": 2004,
            "quarter": 2,
            "eps": null,
            "eps_growth_year": null,
            "eps_4q": null,
            "eps_4q_growth_year": null,
            "roe": null,
            "roe_4q": 0,
            "gross_profit": null,
            "gross_margin": null,
            "gross_margin_4q_avg": 0,
            "net_income": null,
            "net_income_4q": null,
            "revenue": null,
            "revenue_4q": null,
            "common_shares": null,
            "book_valuer_per_share": null,
            "book_valuer_per_share_4q_avg": 0,
            "equity": null,
            "current_ratio": null,
            "debt_ratio": null,
            "inventory_turnover_ratio": null,
            "account_receivable_turnover_ratio": null,
            "reinvestment_rate": null,
            "research_to_sale_ratio": null,
            "price_fair": 0,
            "eps_avg_yearly": 0,
            "eps_latest_yearly": 0,
            "eps_growth_yearly": 0
        },
        "20043": {
            "year_quarter": 20043,
            "year": 2004,
            "quarter": 3,
            "eps": null,
            "eps_growth_year": null,
            "eps_4q": null,
            "eps_4q_growth_year": null,
            "roe": null,
            "roe_4q": 0,
            "gross_profit": null,
            "gross_margin": null,
            "gross_margin_4q_avg": 0,
            "net_income": null,
            "net_income_4q": null,
            "revenue": null,
            "revenue_4q": null,
            "common_shares": null,
            "book_valuer_per_share": null,
            "book_valuer_per_share_4q_avg": 0,
            "equity": null,
            "current_ratio": null,
            "debt_ratio": null,
            "inventory_turnover_ratio": null,
            "account_receivable_turnover_ratio": null,
            "reinvestment_rate": null,
            "research_to_sale_ratio": null,
            "price_fair": 0,
            "eps_avg_yearly": 0,
            "eps_latest_yearly": 0,
            "eps_growth_yearly": 0
        },
        "20044": {
            "year_quarter": 20044,
            "year": 2004,
            "quarter": 4,
            "eps": null,
            "eps_growth_year": null,
            "eps_4q": null,
            "eps_4q_growth_year": null,
            "roe": null,
            "roe_4q": 0,
            "gross_profit": null,
            "gross_margin": null,
            "gross_margin_4q_avg": 0,
            "net_income": null,
            "net_income_4q": null,
            "revenue": null,
            "revenue_4q": null,
            "common_shares": null,
            "book_valuer_per_share": null,
            "book_valuer_per_share_4q_avg": 0,
            "equity": null,
            "current_ratio": null,
            "debt_ratio": null,
            "inventory_turnover_ratio": null,
            "account_receivable_turnover_ratio": null,
            "reinvestment_rate": null,
            "research_to_sale_ratio": null,
            "price_fair": 0,
            "eps_avg_yearly": 0,
            "eps_latest_yearly": 0,
            "eps_growth_yearly": 0
        },
        "20051": {
            "year_quarter": 20051,
            "year": 2005,
            "quarter": 1,
            "eps": null,
            "eps_growth_year": null,
            "eps_4q": null,
            "eps_4q_growth_year": null,
            "roe": null,
            "roe_4q": 0,
            "gross_profit": null,
            "gross_margin": null,
            "gross_margin_4q_avg": 0,
            "net_income": null,
            "net_income_4q": null,
            "revenue": null,
            "revenue_4q": null,
            "common_shares": null,
            "book_valuer_per_share": null,
            "book_valuer_per_share_4q_avg": 0,
            "equity": null,
            "current_ratio": null,
            "debt_ratio": null,
            "inventory_turnover_ratio": null,
            "account_receivable_turnover_ratio": null,
            "reinvestment_rate": null,
            "research_to_sale_ratio": null,
            "price_fair": 0,
            "eps_avg_yearly": 0,
            "eps_latest_yearly": 0,
            "eps_growth_yearly": 0
        },
        "20052": {
            "year_quarter": 20052,
            "year": 2005,
            "quarter": 2,
            "eps": null,
            "eps_growth_year": null,
            "eps_4q": null,
            "eps_4q_growth_year": null,
            "roe": null,
            "roe_4q": 0,
            "gross_profit": null,
            "gross_margin": null,
            "gross_margin_4q_avg": 0,
            "net_income": null,
            "net_income_4q": null,
            "revenue": null,
            "revenue_4q": null,
            "common_shares": null,
            "book_valuer_per_share": null,
            "book_valuer_per_share_4q_avg": 0,
            "equity": null,
            "current_ratio": null,
            "debt_ratio": null,
            "inventory_turnover_ratio": null,
            "account_receivable_turnover_ratio": null,
            "reinvestment_rate": null,
            "research_to_sale_ratio": null,
            "price_fair": 0,
            "eps_avg_yearly": 0,
            "eps_latest_yearly": 0,
            "eps_growth_yearly": 0
        },
        "20053": {
            "year_quarter": 20053,
            "year": 2005,
            "quarter": 3,
            "eps": null,
            "eps_growth_year": null,
            "eps_4q": null,
            "eps_4q_growth_year": null,
            "roe": null,
            "roe_4q": 0,
            "gross_profit": null,
            "gross_margin": null,
            "gross_margin_4q_avg": 0,
            "net_income": null,
            "net_income_4q": null,
            "revenue": null,
            "revenue_4q": null,
            "common_shares": null,
            "book_valuer_per_share": null,
            "book_valuer_per_share_4q_avg": 0,
            "equity": null,
            "current_ratio": null,
            "debt_ratio": null,
            "inventory_turnover_ratio": null,
            "account_receivable_turnover_ratio": null,
            "reinvestment_rate": null,
            "research_to_sale_ratio": null,
            "price_fair": 0,
            "eps_avg_yearly": 0,
            "eps_latest_yearly": 0,
            "eps_growth_yearly": 0
        },
        "20054": {
            "year_quarter": 20054,
            "year": 2005,
            "quarter": 4,
            "eps": null,
            "eps_growth_year": null,
            "eps_4q": null,
            "eps_4q_growth_year": null,
            "roe": null,
            "roe_4q": 0,
            "gross_profit": null,
            "gross_margin": null,
            "gross_margin_4q_avg": 0,
            "net_income": null,
            "net_income_4q": null,
            "revenue": null,
            "revenue_4q": null,
            "common_shares": null,
            "book_valuer_per_share": null,
            "book_valuer_per_share_4q_avg": 0,
            "equity": null,
            "current_ratio": null,
            "debt_ratio": null,
            "inventory_turnover_ratio": null,
            "account_receivable_turnover_ratio": null,
            "reinvestment_rate": null,
            "research_to_sale_ratio": null,
            "price_fair": 0,
            "eps_avg_yearly": 0,
            "eps_latest_yearly": 0,
            "eps_growth_yearly": 0
        },
        "20061": {
            "year_quarter": 20061,
            "year": 2006,
            "quarter": 1,
            "eps": null,
            "eps_growth_year": null,
            "eps_4q": null,
            "eps_4q_growth_year": null,
            "roe": null,
            "roe_4q": 0,
            "gross_profit": null,
            "gross_margin": null,
            "gross_margin_4q_avg": 0,
            "net_income": null,
            "net_income_4q": null,
            "revenue": null,
            "revenue_4q": null,
            "common_shares": null,
            "book_valuer_per_share": null,
            "book_valuer_per_share_4q_avg": 0,
            "equity": null,
            "current_ratio": null,
            "debt_ratio": null,
            "inventory_turnover_ratio": null,
            "account_receivable_turnover_ratio": null,
            "reinvestment_rate": null,
            "research_to_sale_ratio": null,
            "price_fair": 0,
            "eps_avg_yearly": 0,
            "eps_latest_yearly": 0,
            "eps_growth_yearly": 0
        },
        "20062": {
            "year_quarter": 20062,
            "year": 2006,
            "quarter": 2,
            "eps": null,
            "eps_growth_year": null,
            "eps_4q": null,
            "eps_4q_growth_year": null,
            "roe": null,
            "roe_4q": 0,
            "gross_profit": null,
            "gross_margin": null,
            "gross_margin_4q_avg": 0,
            "net_income": null,
            "net_income_4q": null,
            "revenue": null,
            "revenue_4q": null,
            "common_shares": null,
            "book_valuer_per_share": null,
            "book_valuer_per_share_4q_avg": 0,
            "equity": null,
            "current_ratio": null,
            "debt_ratio": null,
            "inventory_turnover_ratio": null,
            "account_receivable_turnover_ratio": null,
            "reinvestment_rate": null,
            "research_to_sale_ratio": null,
            "price_fair": 0,
            "eps_avg_yearly": 0,
            "eps_latest_yearly": 0,
            "eps_growth_yearly": 0
        },
        "20063": {
            "year_quarter": 20063,
            "year": 2006,
            "quarter": 3,
            "eps": null,
            "eps_growth_year": null,
            "eps_4q": null,
            "eps_4q_growth_year": null,
            "roe": null,
            "roe_4q": 0,
            "gross_profit": null,
            "gross_margin": null,
            "gross_margin_4q_avg": 0,
            "net_income": null,
            "net_income_4q": null,
            "revenue": null,
            "revenue_4q": null,
            "common_shares": null,
            "book_valuer_per_share": null,
            "book_valuer_per_share_4q_avg": 0,
            "equity": null,
            "current_ratio": null,
            "debt_ratio": null,
            "inventory_turnover_ratio": null,
            "account_receivable_turnover_ratio": null,
            "reinvestment_rate": null,
            "research_to_sale_ratio": null,
            "price_fair": 0,
            "eps_avg_yearly": 0,
            "eps_latest_yearly": 0,
            "eps_growth_yearly": 0
        },
        "20064": {
            "year_quarter": 20064,
            "year": 2006,
            "quarter": 4,
            "eps": null,
            "eps_growth_year": null,
            "eps_4q": null,
            "eps_4q_growth_year": null,
            "roe": null,
            "roe_4q": 0,
            "gross_profit": null,
            "gross_margin": null,
            "gross_margin_4q_avg": 0,
            "net_income": null,
            "net_income_4q": null,
            "revenue": null,
            "revenue_4q": null,
            "common_shares": null,
            "book_valuer_per_share": null,
            "book_valuer_per_share_4q_avg": 0,
            "equity": null,
            "current_ratio": null,
            "debt_ratio": null,
            "inventory_turnover_ratio": null,
            "account_receivable_turnover_ratio": null,
            "reinvestment_rate": null,
            "research_to_sale_ratio": null,
            "price_fair": 0,
            "eps_avg_yearly": 0,
            "eps_latest_yearly": 0,
            "eps_growth_yearly": 0
        },
        "20071": {
            "year_quarter": 20071,
            "year": 2007,
            "quarter": 1,
            "eps": null,
            "eps_growth_year": null,
            "eps_4q": null,
            "eps_4q_growth_year": null,
            "roe": null,
            "roe_4q": 0,
            "gross_profit": null,
            "gross_margin": null,
            "gross_margin_4q_avg": 0,
            "net_income": null,
            "net_income_4q": null,
            "revenue": null,
            "revenue_4q": null,
            "common_shares": null,
            "book_valuer_per_share": null,
            "book_valuer_per_share_4q_avg": 0,
            "equity": null,
            "current_ratio": null,
            "debt_ratio": null,
            "inventory_turnover_ratio": null,
            "account_receivable_turnover_ratio": null,
            "reinvestment_rate": null,
            "research_to_sale_ratio": null,
            "price_fair": 0,
            "eps_avg_yearly": 0,
            "eps_latest_yearly": 0,
            "eps_growth_yearly": 0
        },
        "20072": {
            "year_quarter": 20072,
            "year": 2007,
            "quarter": 2,
            "eps": null,
            "eps_growth_year": null,
            "eps_4q": null,
            "eps_4q_growth_year": null,
            "roe": null,
            "roe_4q": 0,
            "gross_profit": null,
            "gross_margin": null,
            "gross_margin_4q_avg": 0,
            "net_income": null,
            "net_income_4q": null,
            "revenue": null,
            "revenue_4q": null,
            "common_shares": null,
            "book_valuer_per_share": null,
            "book_valuer_per_share_4q_avg": 0,
            "equity": null,
            "current_ratio": null,
            "debt_ratio": null,
            "inventory_turnover_ratio": null,
            "account_receivable_turnover_ratio": null,
            "reinvestment_rate": null,
            "research_to_sale_ratio": null,
            "price_fair": 0,
            "eps_avg_yearly": 0,
            "eps_latest_yearly": 0,
            "eps_growth_yearly": 0
        },
        "20073": {
            "year_quarter": 20073,
            "year": 2007,
            "quarter": 3,
            "eps": null,
            "eps_growth_year": null,
            "eps_4q": null,
            "eps_4q_growth_year": null,
            "roe": null,
            "roe_4q": 0,
            "gross_profit": null,
            "gross_margin": null,
            "gross_margin_4q_avg": 0,
            "net_income": null,
            "net_income_4q": null,
            "revenue": null,
            "revenue_4q": null,
            "common_shares": null,
            "book_valuer_per_share": null,
            "book_valuer_per_share_4q_avg": 0,
            "equity": null,
            "current_ratio": null,
            "debt_ratio": null,
            "inventory_turnover_ratio": null,
            "account_receivable_turnover_ratio": null,
            "reinvestment_rate": null,
            "research_to_sale_ratio": null,
            "price_fair": 0,
            "eps_avg_yearly": 0,
            "eps_latest_yearly": 0,
            "eps_growth_yearly": 0
        },
        "20074": {
            "year_quarter": 20074,
            "year": 2007,
            "quarter": 4,
            "eps": null,
            "eps_growth_year": null,
            "eps_4q": null,
            "eps_4q_growth_year": null,
            "roe": null,
            "roe_4q": 0,
            "gross_profit": null,
            "gross_margin": null,
            "gross_margin_4q_avg": 0,
            "net_income": null,
            "net_income_4q": null,
            "revenue": null,
            "revenue_4q": null,
            "common_shares": null,
            "book_valuer_per_share": null,
            "book_valuer_per_share_4q_avg": 0,
            "equity": null,
            "current_ratio": null,
            "debt_ratio": null,
            "inventory_turnover_ratio": null,
            "account_receivable_turnover_ratio": null,
            "reinvestment_rate": null,
            "research_to_sale_ratio": null,
            "price_fair": 0,
            "eps_avg_yearly": 0,
            "eps_latest_yearly": 0,
            "eps_growth_yearly": 0
        },
        "20081": {
            "year_quarter": 20081,
            "year": 2008,
            "quarter": 1,
            "eps": null,
            "eps_growth_year": null,
            "eps_4q": null,
            "eps_4q_growth_year": null,
            "roe": null,
            "roe_4q": 0,
            "gross_profit": null,
            "gross_margin": null,
            "gross_margin_4q_avg": 0,
            "net_income": null,
            "net_income_4q": null,
            "revenue": null,
            "revenue_4q": null,
            "common_shares": null,
            "book_valuer_per_share": null,
            "book_valuer_per_share_4q_avg": 0,
            "equity": null,
            "current_ratio": null,
            "debt_ratio": null,
            "inventory_turnover_ratio": null,
            "account_receivable_turnover_ratio": null,
            "reinvestment_rate": null,
            "research_to_sale_ratio": null,
            "price_fair": 0,
            "eps_avg_yearly": 0,
            "eps_latest_yearly": 0,
            "eps_growth_yearly": 0
        },
        "20082": {
            "year_quarter": 20082,
            "year": 2008,
            "quarter": 2,
            "eps": null,
            "eps_growth_year": null,
            "eps_4q": null,
            "eps_4q_growth_year": null,
            "roe": null,
            "roe_4q": 0,
            "gross_profit": null,
            "gross_margin": null,
            "gross_margin_4q_avg": 0,
            "net_income": null,
            "net_income_4q": null,
            "revenue": null,
            "revenue_4q": null,
            "common_shares": null,
            "book_valuer_per_share": null,
            "book_valuer_per_share_4q_avg": 0,
            "equity": null,
            "current_ratio": null,
            "debt_ratio": null,
            "inventory_turnover_ratio": null,
            "account_receivable_turnover_ratio": null,
            "reinvestment_rate": null,
            "research_to_sale_ratio": null,
            "price_fair": 0,
            "eps_avg_yearly": 0,
            "eps_latest_yearly": 0,
            "eps_growth_yearly": 0
        },
        "20083": {
            "year_quarter": 20083,
            "year": 2008,
            "quarter": 3,
            "eps": null,
            "eps_growth_year": null,
            "eps_4q": null,
            "eps_4q_growth_year": null,
            "roe": null,
            "roe_4q": 0,
            "gross_profit": null,
            "gross_margin": null,
            "gross_margin_4q_avg": 0,
            "net_income": null,
            "net_income_4q": null,
            "revenue": null,
            "revenue_4q": null,
            "common_shares": null,
            "book_valuer_per_share": null,
            "book_valuer_per_share_4q_avg": 0,
            "equity": null,
            "current_ratio": null,
            "debt_ratio": null,
            "inventory_turnover_ratio": null,
            "account_receivable_turnover_ratio": null,
            "reinvestment_rate": null,
            "research_to_sale_ratio": null,
            "price_fair": 0,
            "eps_avg_yearly": 0,
            "eps_latest_yearly": 0,
            "eps_growth_yearly": 0
        },
        "20084": {
            "year_quarter": 20084,
            "year": 2008,
            "quarter": 4,
            "eps": null,
            "eps_growth_year": null,
            "eps_4q": null,
            "eps_4q_growth_year": null,
            "roe": null,
            "roe_4q": 0,
            "gross_profit": null,
            "gross_margin": null,
            "gross_margin_4q_avg": 0,
            "net_income": null,
            "net_income_4q": null,
            "revenue": null,
            "revenue_4q": null,
            "common_shares": null,
            "book_valuer_per_share": null,
            "book_valuer_per_share_4q_avg": 0,
            "equity": null,
            "current_ratio": null,
            "debt_ratio": null,
            "inventory_turnover_ratio": null,
            "account_receivable_turnover_ratio": null,
            "reinvestment_rate": null,
            "research_to_sale_ratio": null,
            "price_fair": 0,
            "eps_avg_yearly": 0,
            "eps_latest_yearly": 0,
            "eps_growth_yearly": 0
        },
        "20091": {
            "year_quarter": 20091,
            "year": 2009,
            "quarter": 1,
            "eps": null,
            "eps_growth_year": null,
            "eps_4q": null,
            "eps_4q_growth_year": null,
            "roe": null,
            "roe_4q": 0,
            "gross_profit": null,
            "gross_margin": null,
            "gross_margin_4q_avg": 0,
            "net_income": null,
            "net_income_4q": null,
            "revenue": null,
            "revenue_4q": null,
            "common_shares": null,
            "book_valuer_per_share": null,
            "book_valuer_per_share_4q_avg": 0,
            "equity": null,
            "current_ratio": null,
            "debt_ratio": null,
            "inventory_turnover_ratio": null,
            "account_receivable_turnover_ratio": null,
            "reinvestment_rate": null,
            "research_to_sale_ratio": null,
            "price_fair": 0,
            "eps_avg_yearly": 0,
            "eps_latest_yearly": 0,
            "eps_growth_yearly": 0
        },
        "20092": {
            "year_quarter": 20092,
            "year": 2009,
            "quarter": 2,
            "eps": null,
            "eps_growth_year": null,
            "eps_4q": null,
            "eps_4q_growth_year": null,
            "roe": null,
            "roe_4q": 0,
            "gross_profit": null,
            "gross_margin": null,
            "gross_margin_4q_avg": 0,
            "net_income": null,
            "net_income_4q": null,
            "revenue": null,
            "revenue_4q": null,
            "common_shares": null,
            "book_valuer_per_share": null,
            "book_valuer_per_share_4q_avg": 0,
            "equity": null,
            "current_ratio": null,
            "debt_ratio": null,
            "inventory_turnover_ratio": null,
            "account_receivable_turnover_ratio": null,
            "reinvestment_rate": null,
            "research_to_sale_ratio": null,
            "price_fair": 0,
            "eps_avg_yearly": 0,
            "eps_latest_yearly": 0,
            "eps_growth_yearly": 0
        },
        "20093": {
            "year_quarter": 20093,
            "year": 2009,
            "quarter": 3,
            "eps": null,
            "eps_growth_year": null,
            "eps_4q": null,
            "eps_4q_growth_year": null,
            "roe": null,
            "roe_4q": 0,
            "gross_profit": null,
            "gross_margin": null,
            "gross_margin_4q_avg": 0,
            "net_income": null,
            "net_income_4q": null,
            "revenue": null,
            "revenue_4q": null,
            "common_shares": null,
            "book_valuer_per_share": null,
            "book_valuer_per_share_4q_avg": 0,
            "equity": null,
            "current_ratio": null,
            "debt_ratio": null,
            "inventory_turnover_ratio": null,
            "account_receivable_turnover_ratio": null,
            "reinvestment_rate": null,
            "research_to_sale_ratio": null,
            "price_fair": 0,
            "eps_avg_yearly": 0,
            "eps_latest_yearly": 0,
            "eps_growth_yearly": 0
        },
        "20094": {
            "year_quarter": 20094,
            "year": 2009,
            "quarter": 4,
            "eps": null,
            "eps_growth_year": null,
            "eps_4q": null,
            "eps_4q_growth_year": null,
            "roe": null,
            "roe_4q": 0,
            "gross_profit": null,
            "gross_margin": null,
            "gross_margin_4q_avg": 0,
            "net_income": null,
            "net_income_4q": null,
            "revenue": null,
            "revenue_4q": null,
            "common_shares": null,
            "book_valuer_per_share": null,
            "book_valuer_per_share_4q_avg": 0,
            "equity": null,
            "current_ratio": null,
            "debt_ratio": null,
            "inventory_turnover_ratio": null,
            "account_receivable_turnover_ratio": null,
            "reinvestment_rate": null,
            "research_to_sale_ratio": null,
            "price_fair": 0,
            "eps_avg_yearly": 0,
            "eps_latest_yearly": 0,
            "eps_growth_yearly": 0
        },
        "20101": {
            "year_quarter": 20101,
            "year": 2010,
            "quarter": 1,
            "eps": null,
            "eps_growth_year": null,
            "eps_4q": null,
            "eps_4q_growth_year": null,
            "roe": null,
            "roe_4q": 0,
            "gross_profit": null,
            "gross_margin": null,
            "gross_margin_4q_avg": 0,
            "net_income": null,
            "net_income_4q": null,
            "revenue": null,
            "revenue_4q": null,
            "common_shares": null,
            "book_valuer_per_share": null,
            "book_valuer_per_share_4q_avg": 0,
            "equity": null,
            "current_ratio": null,
            "debt_ratio": null,
            "inventory_turnover_ratio": null,
            "account_receivable_turnover_ratio": null,
            "reinvestment_rate": null,
            "research_to_sale_ratio": null,
            "price_fair": 0,
            "eps_avg_yearly": 0,
            "eps_latest_yearly": 0,
            "eps_growth_yearly": 0
        },
        "20102": {
            "year_quarter": 20102,
            "year": 2010,
            "quarter": 2,
            "eps": null,
            "eps_growth_year": null,
            "eps_4q": null,
            "eps_4q_growth_year": null,
            "roe": null,
            "roe_4q": 0,
            "gross_profit": null,
            "gross_margin": null,
            "gross_margin_4q_avg": 0,
            "net_income": null,
            "net_income_4q": null,
            "revenue": null,
            "revenue_4q": null,
            "common_shares": null,
            "book_valuer_per_share": null,
            "book_valuer_per_share_4q_avg": 0,
            "equity": null,
            "current_ratio": null,
            "debt_ratio": null,
            "inventory_turnover_ratio": null,
            "account_receivable_turnover_ratio": null,
            "reinvestment_rate": null,
            "research_to_sale_ratio": null,
            "price_fair": 0,
            "eps_avg_yearly": 0,
            "eps_latest_yearly": 0,
            "eps_growth_yearly": 0
        },
        "20103": {
            "year_quarter": 20103,
            "year": 2010,
            "quarter": 3,
            "eps": null,
            "eps_growth_year": null,
            "eps_4q": null,
            "eps_4q_growth_year": null,
            "roe": null,
            "roe_4q": 0,
            "gross_profit": null,
            "gross_margin": null,
            "gross_margin_4q_avg": 0,
            "net_income": null,
            "net_income_4q": null,
            "revenue": null,
            "revenue_4q": null,
            "common_shares": null,
            "book_valuer_per_share": null,
            "book_valuer_per_share_4q_avg": 0,
            "equity": null,
            "current_ratio": null,
            "debt_ratio": null,
            "inventory_turnover_ratio": null,
            "account_receivable_turnover_ratio": null,
            "reinvestment_rate": null,
            "research_to_sale_ratio": null,
            "price_fair": 0,
            "eps_avg_yearly": 0,
            "eps_latest_yearly": 0,
            "eps_growth_yearly": 0
        },
        "20104": {
            "year_quarter": 20104,
            "year": 2010,
            "quarter": 4,
            "eps": null,
            "eps_growth_year": null,
            "eps_4q": null,
            "eps_4q_growth_year": null,
            "roe": null,
            "roe_4q": 0,
            "gross_profit": null,
            "gross_margin": null,
            "gross_margin_4q_avg": 0,
            "net_income": null,
            "net_income_4q": null,
            "revenue": null,
            "revenue_4q": null,
            "common_shares": 1154050,
            "book_valuer_per_share": 20.07,
            "book_valuer_per_share_4q_avg": 5.02,
            "equity": 2316604,
            "current_ratio": 188.33,
            "debt_ratio": 50.89,
            "inventory_turnover_ratio": null,
            "account_receivable_turnover_ratio": null,
            "reinvestment_rate": null,
            "research_to_sale_ratio": null,
            "price_fair": 0,
            "eps_avg_yearly": 0,
            "eps_latest_yearly": 0,
            "eps_growth_yearly": 0
        },
        "20111": {
            "year_quarter": 20111,
            "year": 2011,
            "quarter": 1,
            "eps": null,
            "eps_growth_year": null,
            "eps_4q": null,
            "eps_4q_growth_year": null,
            "roe": null,
            "roe_4q": 0,
            "gross_profit": null,
            "gross_margin": null,
            "gross_margin_4q_avg": 0,
            "net_income": null,
            "net_income_4q": null,
            "revenue": null,
            "revenue_4q": null,
            "common_shares": null,
            "book_valuer_per_share": null,
            "book_valuer_per_share_4q_avg": 5.02,
            "equity": null,
            "current_ratio": null,
            "debt_ratio": null,
            "inventory_turnover_ratio": null,
            "account_receivable_turnover_ratio": null,
            "reinvestment_rate": null,
            "research_to_sale_ratio": null,
            "price_fair": 0,
            "eps_avg_yearly": 0,
            "eps_latest_yearly": 0,
            "eps_growth_yearly": 0
        },
        "20112": {
            "year_quarter": 20112,
            "year": 2011,
            "quarter": 2,
            "eps": null,
            "eps_growth_year": null,
            "eps_4q": null,
            "eps_4q_growth_year": null,
            "roe": null,
            "roe_4q": 0,
            "gross_profit": null,
            "gross_margin": null,
            "gross_margin_4q_avg": 0,
            "net_income": null,
            "net_income_4q": null,
            "revenue": null,
            "revenue_4q": null,
            "common_shares": null,
            "book_valuer_per_share": null,
            "book_valuer_per_share_4q_avg": 5.02,
            "equity": null,
            "current_ratio": null,
            "debt_ratio": null,
            "inventory_turnover_ratio": null,
            "account_receivable_turnover_ratio": null,
            "reinvestment_rate": null,
            "research_to_sale_ratio": null,
            "price_fair": 0,
            "eps_avg_yearly": 0,
            "eps_latest_yearly": 0,
            "eps_growth_yearly": 0
        },
        "20113": {
            "year_quarter": 20113,
            "year": 2011,
            "quarter": 3,
            "eps": null,
            "eps_growth_year": null,
            "eps_4q": null,
            "eps_4q_growth_year": null,
            "roe": null,
            "roe_4q": 0,
            "gross_profit": null,
            "gross_margin": null,
            "gross_margin_4q_avg": 0,
            "net_income": null,
            "net_income_4q": null,
            "revenue": null,
            "revenue_4q": null,
            "common_shares": null,
            "book_valuer_per_share": null,
            "book_valuer_per_share_4q_avg": 5.02,
            "equity": null,
            "current_ratio": null,
            "debt_ratio": null,
            "inventory_turnover_ratio": null,
            "account_receivable_turnover_ratio": null,
            "reinvestment_rate": null,
            "research_to_sale_ratio": null,
            "price_fair": 0,
            "eps_avg_yearly": 0,
            "eps_latest_yearly": 0,
            "eps_growth_yearly": 0
        },
        "20114": {
            "year_quarter": 20114,
            "year": 2011,
            "quarter": 4,
            "eps": null,
            "eps_growth_year": null,
            "eps_4q": null,
            "eps_4q_growth_year": null,
            "roe": null,
            "roe_4q": 0,
            "gross_profit": null,
            "gross_margin": null,
            "gross_margin_4q_avg": 0,
            "net_income": null,
            "net_income_4q": null,
            "revenue": null,
            "revenue_4q": null,
            "common_shares": 1162350,
            "book_valuer_per_share": 18.14,
            "book_valuer_per_share_4q_avg": 4.54,
            "equity": 2178014,
            "current_ratio": 169.37,
            "debt_ratio": 54.5,
            "inventory_turnover_ratio": null,
            "account_receivable_turnover_ratio": null,
            "reinvestment_rate": null,
            "research_to_sale_ratio": null,
            "price_fair": 0,
            "eps_avg_yearly": 0,
            "eps_latest_yearly": 0,
            "eps_growth_yearly": 0
        },
        "20121": {
            "year_quarter": 20121,
            "year": 2012,
            "quarter": 1,
            "eps": null,
            "eps_growth_year": null,
            "eps_4q": null,
            "eps_4q_growth_year": null,
            "roe": null,
            "roe_4q": 0,
            "gross_profit": null,
            "gross_margin": null,
            "gross_margin_4q_avg": 0,
            "net_income": null,
            "net_income_4q": null,
            "revenue": null,
            "revenue_4q": null,
            "common_shares": null,
            "book_valuer_per_share": null,
            "book_valuer_per_share_4q_avg": 4.54,
            "equity": null,
            "current_ratio": null,
            "debt_ratio": null,
            "inventory_turnover_ratio": null,
            "account_receivable_turnover_ratio": null,
            "reinvestment_rate": null,
            "research_to_sale_ratio": null,
            "price_fair": 0,
            "eps_avg_yearly": 0,
            "eps_latest_yearly": 0,
            "eps_growth_yearly": 0
        },
        "20122": {
            "year_quarter": 20122,
            "year": 2012,
            "quarter": 2,
            "eps": null,
            "eps_growth_year": null,
            "eps_4q": null,
            "eps_4q_growth_year": null,
            "roe": null,
            "roe_4q": 0,
            "gross_profit": null,
            "gross_margin": null,
            "gross_margin_4q_avg": 0,
            "net_income": null,
            "net_income_4q": null,
            "revenue": null,
            "revenue_4q": null,
            "common_shares": null,
            "book_valuer_per_share": null,
            "book_valuer_per_share_4q_avg": 4.54,
            "equity": null,
            "current_ratio": null,
            "debt_ratio": null,
            "inventory_turnover_ratio": null,
            "account_receivable_turnover_ratio": null,
            "reinvestment_rate": null,
            "research_to_sale_ratio": null,
            "price_fair": 0,
            "eps_avg_yearly": 0,
            "eps_latest_yearly": 0,
            "eps_growth_yearly": 0
        },
        "20123": {
            "year_quarter": 20123,
            "year": 2012,
            "quarter": 3,
            "eps": null,
            "eps_growth_year": null,
            "eps_4q": null,
            "eps_4q_growth_year": null,
            "roe": null,
            "roe_4q": 0,
            "gross_profit": null,
            "gross_margin": null,
            "gross_margin_4q_avg": 0,
            "net_income": null,
            "net_income_4q": null,
            "revenue": null,
            "revenue_4q": null,
            "common_shares": null,
            "book_valuer_per_share": null,
            "book_valuer_per_share_4q_avg": 4.54,
            "equity": null,
            "current_ratio": null,
            "debt_ratio": null,
            "inventory_turnover_ratio": null,
            "account_receivable_turnover_ratio": null,
            "reinvestment_rate": null,
            "research_to_sale_ratio": null,
            "price_fair": 0,
            "eps_avg_yearly": 0,
            "eps_latest_yearly": 0,
            "eps_growth_yearly": 0
        },
        "20124": {
            "year_quarter": 20124,
            "year": 2012,
            "quarter": 4,
            "eps": null,
            "eps_growth_year": null,
            "eps_4q": null,
            "eps_4q_growth_year": null,
            "roe": null,
            "roe_4q": 0,
            "gross_profit": null,
            "gross_margin": null,
            "gross_margin_4q_avg": 0,
            "net_income": null,
            "net_income_4q": null,
            "revenue": null,
            "revenue_4q": null,
            "common_shares": 1278585,
            "book_valuer_per_share": 16.8,
            "book_valuer_per_share_4q_avg": 4.2,
            "equity": 2163732,
            "current_ratio": 145.93,
            "debt_ratio": 59.54,
            "inventory_turnover_ratio": null,
            "account_receivable_turnover_ratio": null,
            "reinvestment_rate": null,
            "research_to_sale_ratio": null,
            "price_fair": 0,
            "eps_avg_yearly": 0,
            "eps_latest_yearly": 0,
            "eps_growth_yearly": 0
        },
        "20131": {
            "year_quarter": 20131,
            "year": 2013,
            "quarter": 1,
            "eps": null,
            "eps_growth_year": null,
            "eps_4q": null,
            "eps_4q_growth_year": null,
            "roe": null,
            "roe_4q": 0,
            "gross_profit": null,
            "gross_margin": null,
            "gross_margin_4q_avg": 0,
            "net_income": null,
            "net_income_4q": null,
            "revenue": null,
            "revenue_4q": null,
            "common_shares": null,
            "book_valuer_per_share": null,
            "book_valuer_per_share_4q_avg": 4.2,
            "equity": null,
            "current_ratio": null,
            "debt_ratio": null,
            "inventory_turnover_ratio": null,
            "account_receivable_turnover_ratio": null,
            "reinvestment_rate": null,
            "research_to_sale_ratio": null,
            "price_fair": 0,
            "eps_avg_yearly": 0,
            "eps_latest_yearly": 0,
            "eps_growth_yearly": 0
        },
        "20132": {
            "year_quarter": 20132,
            "year": 2013,
            "quarter": 2,
            "eps": null,
            "eps_growth_year": null,
            "eps_4q": null,
            "eps_4q_growth_year": null,
            "roe": null,
            "roe_4q": 0,
            "gross_profit": null,
            "gross_margin": null,
            "gross_margin_4q_avg": 0,
            "net_income": null,
            "net_income_4q": null,
            "revenue": null,
            "revenue_4q": null,
            "common_shares": 1278585,
            "book_valuer_per_share": null,
            "book_valuer_per_share_4q_avg": 4.2,
            "equity": 1842837,
            "current_ratio": null,
            "debt_ratio": null,
            "inventory_turnover_ratio": null,
            "account_receivable_turnover_ratio": null,
            "reinvestment_rate": null,
            "research_to_sale_ratio": null,
            "price_fair": 0,
            "eps_avg_yearly": 0,
            "eps_latest_yearly": 0,
            "eps_growth_yearly": 0
        },
        "20133": {
            "year_quarter": 20133,
            "year": 2013,
            "quarter": 3,
            "eps": null,
            "eps_growth_year": null,
            "eps_4q": null,
            "eps_4q_growth_year": null,
            "roe": null,
            "roe_4q": 0,
            "gross_profit": 644173,
            "gross_margin": null,
            "gross_margin_4q_avg": 0,
            "net_income": 48530,
            "net_income_4q": null,
            "revenue": 5302240,
            "revenue_4q": null,
            "common_shares": 1278585,
            "book_valuer_per_share": 14.58,
            "book_valuer_per_share_4q_avg": 7.85,
            "equity": 1887829,
            "current_ratio": 136.19,
            "debt_ratio": 63.44,
            "inventory_turnover_ratio": null,
            "account_receivable_turnover_ratio": null,
            "reinvestment_rate": null,
            "research_to_sale_ratio": null,
            "price_fair": 0,
            "eps_avg_yearly": 0,
            "eps_latest_yearly": 0,
            "eps_growth_yearly": 0
        },
        "20134": {
            "year_quarter": 20134,
            "year": 2013,
            "quarter": 4,
            "eps": null,
            "eps_growth_year": null,
            "eps_4q": null,
            "eps_4q_growth_year": null,
            "roe": null,
            "roe_4q": 0,
            "gross_profit": 523815,
            "gross_margin": null,
            "gross_margin_4q_avg": 0,
            "net_income": 220727,
            "net_income_4q": null,
            "revenue": 4998763,
            "revenue_4q": null,
            "common_shares": 1278585,
            "book_valuer_per_share": 16.86,
            "book_valuer_per_share_4q_avg": 7.86,
            "equity": 2172928,
            "current_ratio": 130.6,
            "debt_ratio": 62.49,
            "inventory_turnover_ratio": null,
            "account_receivable_turnover_ratio": null,
            "reinvestment_rate": null,
            "research_to_sale_ratio": null,
            "price_fair": 0,
            "eps_avg_yearly": 0,
            "eps_latest_yearly": 0,
            "eps_growth_yearly": 0
        },
        "20141": {
            "year_quarter": 20141,
            "year": 2014,
            "quarter": 1,
            "eps": null,
            "eps_growth_year": null,
            "eps_4q": null,
            "eps_4q_growth_year": null,
            "roe": null,
            "roe_4q": 0,
            "gross_profit": 729506,
            "gross_margin": null,
            "gross_margin_4q_avg": 0,
            "net_income": 196234,
            "net_income_4q": null,
            "revenue": 5663933,
            "revenue_4q": null,
            "common_shares": 1278585,
            "book_valuer_per_share": 18.5,
            "book_valuer_per_share_4q_avg": 12.49,
            "equity": 2375048,
            "current_ratio": 139.06,
            "debt_ratio": 57.21,
            "inventory_turnover_ratio": null,
            "account_receivable_turnover_ratio": null,
            "reinvestment_rate": null,
            "research_to_sale_ratio": null,
            "price_fair": 0,
            "eps_avg_yearly": 0,
            "eps_latest_yearly": 0,
            "eps_growth_yearly": 0
        },
        "20142": {
            "year_quarter": 20142,
            "year": 2014,
            "quarter": 2,
            "eps": 2.14,
            "eps_growth_year": null,
            "eps_4q": 2.14,
            "eps_4q_growth_year": null,
            "roe": 11.62,
            "roe_4q": 11.62,
            "gross_profit": 785456,
            "gross_margin": 13.99,
            "gross_margin_4q_avg": 3.5,
            "net_income": 267365,
            "net_income_4q": null,
            "revenue": 5616264,
            "revenue_4q": null,
            "common_shares": 1278585,
            "book_valuer_per_share": 17.4,
            "book_valuer_per_share_4q_avg": 16.84,
            "equity": 2227275,
            "current_ratio": 76.91,
            "debt_ratio": 61.65,
            "inventory_turnover_ratio": 25.92,
            "account_receivable_turnover_ratio": 142.91,
            "reinvestment_rate": null,
            "research_to_sale_ratio": null,
            "price_fair": 0,
            "eps_avg_yearly": 0,
            "eps_latest_yearly": 0,
            "eps_growth_yearly": 0
        },
        "20143": {
            "year_quarter": 20143,
            "year": 2014,
            "quarter": 3,
            "eps": 2.88,
            "eps_growth_year": null,
            "eps_4q": 5.02,
            "eps_4q_growth_year": null,
            "roe": 14.91,
            "roe_4q": 26.53,
            "gross_profit": 916660,
            "gross_margin": 14.59,
            "gross_margin_4q_avg": 7.15,
            "net_income": 361038,
            "net_income_4q": null,
            "revenue": 6282622,
            "revenue_4q": null,
            "common_shares": 1278585,
            "book_valuer_per_share": 20.3,
            "book_valuer_per_share_4q_avg": 18.27,
            "equity": 2614468,
            "current_ratio": 85.89,
            "debt_ratio": 57.35,
            "inventory_turnover_ratio": 40.34,
            "account_receivable_turnover_ratio": 86.27,
            "reinvestment_rate": null,
            "research_to_sale_ratio": null,
            "price_fair": 403.2,
            "eps_avg_yearly": 11.52,
            "eps_latest_yearly": 11.52,
            "eps_growth_yearly": 138.32
        },
        "20144": {
            "year_quarter": 20144,
            "year": 2014,
            "quarter": 4,
            "eps": 2.29,
            "eps_growth_year": null,
            "eps_4q": 6.8,
            "eps_4q_growth_year": null,
            "roe": 6.84,
            "roe_4q": 33.37,
            "gross_profit": 873035,
            "gross_margin": 13.78,
            "gross_margin_4q_avg": 10.59,
            "net_income": 308228,
            "net_income_4q": null,
            "revenue": 6334186,
            "revenue_4q": null,
            "common_shares": 1420585,
            "book_valuer_per_share": 44.43,
            "book_valuer_per_share_4q_avg": 25.16,
            "equity": 6394861,
            "current_ratio": 200.61,
            "debt_ratio": 36.27,
            "inventory_turnover_ratio": 46.81,
            "account_receivable_turnover_ratio": 104.77,
            "reinvestment_rate": null,
            "research_to_sale_ratio": null,
            "price_fair": 361.9,
            "eps_avg_yearly": 10.34,
            "eps_latest_yearly": 9.16,
            "eps_growth_yearly": 28.19
        },
        "20151": {
            "year_quarter": 20151,
            "year": 2015,
            "quarter": 1,
            "eps": 1.93,
            "eps_growth_year": null,
            "eps_4q": 8.73,
            "eps_4q_growth_year": null,
            "roe": 3.96,
            "roe_4q": 37.33,
            "gross_profit": 775637,
            "gross_margin": 12.39,
            "gross_margin_4q_avg": 13.69,
            "net_income": 257726,
            "net_income_4q": null,
            "revenue": 6259652,
            "revenue_4q": null,
            "common_shares": 1420585,
            "book_valuer_per_share": 46.16,
            "book_valuer_per_share_4q_avg": 32.07,
            "equity": 6623135,
            "current_ratio": 215.01,
            "debt_ratio": 34.16,
            "inventory_turnover_ratio": 56.77,
            "account_receivable_turnover_ratio": 114.85,
            "reinvestment_rate": null,
            "research_to_sale_ratio": null,
            "price_fair": 28.4,
            "eps_avg_yearly": 9.47,
            "eps_latest_yearly": 7.72,
            "eps_growth_yearly": -2.17
        },
        "20152": {
            "year_quarter": 20152,
            "year": 2015,
            "quarter": 2,
            "eps": 1.89,
            "eps_growth_year": -11.71,
            "eps_4q": 8.7,
            "eps_4q_growth_year": 306.46,
            "roe": 4.12,
            "roe_4q": 29.83,
            "gross_profit": 762011,
            "gross_margin": 12.29,
            "gross_margin_4q_avg": 13.26,
            "net_income": 253053,
            "net_income_4q": null,
            "revenue": 6198935,
            "revenue_4q": null,
            "common_shares": 1420585,
            "book_valuer_per_share": 39.41,
            "book_valuer_per_share_4q_avg": 37.58,
            "equity": 5648020,
            "current_ratio": 169.25,
            "debt_ratio": 37.75,
            "inventory_turnover_ratio": 56.6,
            "account_receivable_turnover_ratio": 119.3,
            "reinvestment_rate": null,
            "research_to_sale_ratio": null,
            "price_fair": 26.97,
            "eps_avg_yearly": 8.99,
            "eps_latest_yearly": 7.56,
            "eps_growth_yearly": -3.7
        },
        "20153": {
            "year_quarter": 20153,
            "year": 2015,
            "quarter": 3,
            "eps": 1.83,
            "eps_growth_year": -36.46,
            "eps_4q": 7.94,
            "eps_4q_growth_year": 58.2,
            "roe": 4.21,
            "roe_4q": 19.13,
            "gross_profit": 747009,
            "gross_margin": 11.8,
            "gross_margin_4q_avg": 12.57,
            "net_income": 241761,
            "net_income_4q": null,
            "revenue": 6328337,
            "revenue_4q": null,
            "common_shares": 1420585,
            "book_valuer_per_share": 40.78,
            "book_valuer_per_share_4q_avg": 42.7,
            "equity": 5826366,
            "current_ratio": 179.12,
            "debt_ratio": 36.19,
            "inventory_turnover_ratio": 48.02,
            "account_receivable_turnover_ratio": 133.6,
            "reinvestment_rate": null,
            "research_to_sale_ratio": null,
            "price_fair": 25.97,
            "eps_avg_yearly": 8.66,
            "eps_latest_yearly": 7.32,
            "eps_growth_yearly": -5.5
        },
        "20154": {
            "year_quarter": 20154,
            "year": 2015,
            "quarter": 4,
            "eps": 1.84,
            "eps_growth_year": -19.36,
            "eps_4q": 7.57,
            "eps_4q_growth_year": 11.33,
            "roe": 4.19,
            "roe_4q": 16.48,
            "gross_profit": 819005,
            "gross_margin": 11.95,
            "gross_margin_4q_avg": 12.11,
            "net_income": 240549,
            "net_income_4q": null,
            "revenue": 6852974,
            "revenue_4q": null,
            "common_shares": 1420585,
            "book_valuer_per_share": 40.28,
            "book_valuer_per_share_4q_avg": 41.66,
            "equity": 5656552,
            "current_ratio": 161.3,
            "debt_ratio": 41.12,
            "inventory_turnover_ratio": 47.69,
            "account_receivable_turnover_ratio": 149.98,
            "reinvestment_rate": null,
            "research_to_sale_ratio": null,
            "price_fair": 25.32,
            "eps_avg_yearly": 8.44,
            "eps_latest_yearly": 7.36,
            "eps_growth_yearly": -4.22
        },
        "20161": {
            "year_quarter": 20161,
            "year": 2016,
            "quarter": 1,
            "eps": 2.45,
            "eps_growth_year": 26.94,
            "eps_4q": 8.07,
            "eps_4q_growth_year": -7.64,
            "roe": 5.78,
            "roe_4q": 18.3,
            "gross_profit": 901149,
            "gross_margin": 12.86,
            "gross_margin_4q_avg": 12.23,
            "net_income": 336520,
            "net_income_4q": null,
            "revenue": 7006276,
            "revenue_4q": null,
            "common_shares": 1420585,
            "book_valuer_per_share": 42.67,
            "book_valuer_per_share_4q_avg": 40.79,
            "equity": 5984510,
            "current_ratio": 170.05,
            "debt_ratio": 38.61,
            "inventory_turnover_ratio": 50.42,
            "account_receivable_turnover_ratio": 177.94,
            "reinvestment_rate": null,
            "research_to_sale_ratio": null,
            "price_fair": 218.69,
            "eps_avg_yearly": 8.63,
            "eps_latest_yearly": 9.8,
            "eps_growth_yearly": 15.33
        },
        "20162": {
            "year_quarter": 20162,
            "year": 2016,
            "quarter": 2,
            "eps": 2.12,
            "eps_growth_year": 12.17,
            "eps_4q": 8.27,
            "eps_4q_growth_year": -4.98,
            "roe": 5.2,
            "roe_4q": 19.380000000000003,
            "gross_profit": 816882,
            "gross_margin": 12.21,
            "gross_margin_4q_avg": 12.21,
            "net_income": 293317,
            "net_income_4q": null,
            "revenue": 6688891,
            "revenue_4q": null,
            "common_shares": 1420585,
            "book_valuer_per_share": 37.75,
            "book_valuer_per_share_4q_avg": 40.37,
            "equity": 5291294,
            "current_ratio": 146.52,
            "debt_ratio": 41.69,
            "inventory_turnover_ratio": 47.21,
            "account_receivable_turnover_ratio": 177.67,
            "reinvestment_rate": null,
            "research_to_sale_ratio": null,
            "price_fair": 143.68,
            "eps_avg_yearly": 8.62,
            "eps_latest_yearly": 8.48,
            "eps_growth_yearly": 6.68
        },
        "20163": {
            "year_quarter": 20163,
            "year": 2016,
            "quarter": 3,
            "eps": 1.81,
            "eps_growth_year": -1.09,
            "eps_4q": 8.22,
            "eps_4q_growth_year": 3.59,
            "roe": 4.62,
            "roe_4q": 19.790000000000003,
            "gross_profit": 762121,
            "gross_margin": 11.27,
            "gross_margin_4q_avg": 12.07,
            "net_income": 249494,
            "net_income_4q": null,
            "revenue": 6764922,
            "revenue_4q": null,
            "common_shares": 1420585,
            "book_valuer_per_share": 39.36,
            "book_valuer_per_share_4q_avg": 40.02,
            "equity": 5514223,
            "current_ratio": 146.36,
            "debt_ratio": 40.02,
            "inventory_turnover_ratio": 38.5,
            "account_receivable_turnover_ratio": 154.12,
            "reinvestment_rate": null,
            "research_to_sale_ratio": null,
            "price_fair": 25.39,
            "eps_avg_yearly": 8.46,
            "eps_latest_yearly": 7.24,
            "eps_growth_yearly": -0.56
        },
        "20164": {
            "year_quarter": 20164,
            "year": 2016,
            "quarter": 4,
            "eps": 2.07,
            "eps_growth_year": 12.32,
            "eps_4q": 8.45,
            "eps_4q_growth_year": 11.54,
            "roe": 5.09,
            "roe_4q": 20.69,
            "gross_profit": 831028,
            "gross_margin": 10.9,
            "gross_margin_4q_avg": 11.81,
            "net_income": 287297,
            "net_income_4q": null,
            "revenue": 7620699,
            "revenue_4q": null,
            "common_shares": 1420585,
            "book_valuer_per_share": 41.28,
            "book_valuer_per_share_4q_avg": 40.27,
            "equity": 5779602,
            "current_ratio": 140.55,
            "debt_ratio": 42.84,
            "inventory_turnover_ratio": 27.55,
            "account_receivable_turnover_ratio": 159.24,
            "reinvestment_rate": null,
            "research_to_sale_ratio": null,
            "price_fair": 128.68,
            "eps_avg_yearly": 8.44,
            "eps_latest_yearly": 8.28,
            "eps_growth_yearly": 5.24
        },
        "20171": {
            "year_quarter": 20171,
            "year": 2017,
            "quarter": 1,
            "eps": 2.21,
            "eps_growth_year": -9.8,
            "eps_4q": 8.21,
            "eps_4q_growth_year": 1.75,
            "roe": 5.22,
            "roe_4q": 20.13,
            "gross_profit": 833565,
            "gross_margin": 10.99,
            "gross_margin_4q_avg": 11.34,
            "net_income": 308262,
            "net_income_4q": null,
            "revenue": 7581526,
            "revenue_4q": null,
            "common_shares": 1420585,
            "book_valuer_per_share": 43.09,
            "book_valuer_per_share_4q_avg": 40.37,
            "equity": 6032523,
            "current_ratio": 135.49,
            "debt_ratio": 41.03,
            "inventory_turnover_ratio": 19.26,
            "account_receivable_turnover_ratio": 164.18,
            "reinvestment_rate": null,
            "research_to_sale_ratio": null,
            "price_fair": 146.04,
            "eps_avg_yearly": 8.48,
            "eps_latest_yearly": 8.84,
            "eps_growth_yearly": 7.22
        },
        "20172": {
            "year_quarter": 20172,
            "year": 2017,
            "quarter": 2,
            "eps": 2.52,
            "eps_growth_year": 18.87,
            "eps_4q": 8.61,
            "eps_4q_growth_year": 4.15,
            "roe": 6.21,
            "roe_4q": 21.14,
            "gross_profit": 895510,
            "gross_margin": 11.64,
            "gross_margin_4q_avg": 11.2,
            "net_income": 351049,
            "net_income_4q": null,
            "revenue": 7693294,
            "revenue_4q": null,
            "common_shares": 1420585,
            "book_valuer_per_share": 37.66,
            "book_valuer_per_share_4q_avg": 40.35,
            "equity": 5268853,
            "current_ratio": 108.28,
            "debt_ratio": 45.19,
            "inventory_turnover_ratio": 15.54,
            "account_receivable_turnover_ratio": 209.52,
            "reinvestment_rate": 104.42,
            "research_to_sale_ratio": null,
            "price_fair": 183.43,
            "eps_avg_yearly": 8.61,
            "eps_latest_yearly": 10.08,
            "eps_growth_yearly": 11.3
        },
        "20173": {
            "year_quarter": 20173,
            "year": 2017,
            "quarter": 3,
            "eps": 1.74,
            "eps_growth_year": -3.87,
            "eps_4q": 8.54,
            "eps_4q_growth_year": 3.93,
            "roe": 4.47,
            "roe_4q": 20.99,
            "gross_profit": 844146,
            "gross_margin": 10.52,
            "gross_margin_4q_avg": 11.01,
            "net_income": 241370,
            "net_income_4q": null,
            "revenue": 8023755,
            "revenue_4q": null,
            "common_shares": 1420585,
            "book_valuer_per_share": 39.48,
            "book_valuer_per_share_4q_avg": 40.38,
            "equity": 5522325,
            "current_ratio": 108.66,
            "debt_ratio": 42.72,
            "inventory_turnover_ratio": 13.35,
            "account_receivable_turnover_ratio": 253.73,
            "reinvestment_rate": 104.47,
            "research_to_sale_ratio": null,
            "price_fair": 84.86,
            "eps_avg_yearly": 8.49,
            "eps_latest_yearly": 6.96,
            "eps_growth_yearly": 0.9
        },
        "20174": {
            "year_quarter": 20174,
            "year": 2017,
            "quarter": 4,
            "eps": 2.6,
            "eps_growth_year": 25.3,
            "eps_4q": 9.07,
            "eps_4q_growth_year": 7.34,
            "roe": 6.36,
            "roe_4q": 22.259999999999998,
            "gross_profit": 1074124,
            "gross_margin": 10.81,
            "gross_margin_4q_avg": 10.99,
            "net_income": 361951,
            "net_income_4q": null,
            "revenue": 9939972,
            "revenue_4q": null,
            "common_shares": 1420585,
            "book_valuer_per_share": 41.96,
            "book_valuer_per_share_4q_avg": 40.55,
            "equity": 5867513,
            "current_ratio": 100.71,
            "debt_ratio": 50.18,
            "inventory_turnover_ratio": 10.91,
            "account_receivable_turnover_ratio": 318.28,
            "reinvestment_rate": 102.33,
            "research_to_sale_ratio": null,
            "price_fair": 215.23,
            "eps_avg_yearly": 8.62,
            "eps_latest_yearly": 10.4,
            "eps_growth_yearly": 14.96
        },
        "20181": {
            "year_quarter": 20181,
            "year": 2018,
            "quarter": 1,
            "eps": 2.2,
            "eps_growth_year": -0.45,
            "eps_4q": 9.06,
            "eps_4q_growth_year": 10.35,
            "roe": 5.09,
            "roe_4q": 22.13,
            "gross_profit": 1054892,
            "gross_margin": 10.36,
            "gross_margin_4q_avg": 10.83,
            "net_income": 306963,
            "net_income_4q": null,
            "revenue": 10183809,
            "revenue_4q": null,
            "common_shares": 1420585,
            "book_valuer_per_share": 44.25,
            "book_valuer_per_share_4q_avg": 40.84,
            "equity": 6187103,
            "current_ratio": 107.41,
            "debt_ratio": 45.81,
            "inventory_turnover_ratio": 8.38,
            "account_receivable_turnover_ratio": 324.46,
            "reinvestment_rate": 109.08,
            "research_to_sale_ratio": null,
            "price_fair": 171.49,
            "eps_avg_yearly": 8.63,
            "eps_latest_yearly": 8.8,
            "eps_growth_yearly": 9.86
        },
        "20182": {
            "year_quarter": 20182,
            "year": 2018,
            "quarter": 2,
            "eps": 3.01,
            "eps_growth_year": 19.44,
            "eps_4q": 9.54,
            "eps_4q_growth_year": 10.81,
            "roe": 7.2,
            "roe_4q": 23.119999999999997,
            "gross_profit": 1015441,
            "gross_margin": 10.54,
            "gross_margin_4q_avg": 10.56,
            "net_income": 419395,
            "net_income_4q": null,
            "revenue": 9630352,
            "revenue_4q": null,
            "common_shares": 1420585,
            "book_valuer_per_share": 39.1,
            "book_valuer_per_share_4q_avg": 41.2,
            "equity": 5463772,
            "current_ratio": 92.82,
            "debt_ratio": 47.65,
            "inventory_turnover_ratio": 6.58,
            "account_receivable_turnover_ratio": 288.53,
            "reinvestment_rate": 59.15,
            "research_to_sale_ratio": null,
            "price_fair": 251.7,
            "eps_avg_yearly": 8.85,
            "eps_latest_yearly": 12.04,
            "eps_growth_yearly": 18.45
        },
        "20183": {
            "year_quarter": 20183,
            "year": 2018,
            "quarter": 3,
            "eps": 2.22,
            "eps_growth_year": 27.59,
            "eps_4q": 10.03,
            "eps_4q_growth_year": 17.4,
            "roe": 5.54,
            "roe_4q": 24.189999999999998,
            "gross_profit": 942410,
            "gross_margin": 9.61,
            "gross_margin_4q_avg": 10.33,
            "net_income": 310595,
            "net_income_4q": null,
            "revenue": 9811117,
            "revenue_4q": null,
            "common_shares": 1420585,
            "book_valuer_per_share": 40.95,
            "book_valuer_per_share_4q_avg": 41.57,
            "equity": 5757024,
            "current_ratio": 99.27,
            "debt_ratio": 45.91,
            "inventory_turnover_ratio": 6.12,
            "account_receivable_turnover_ratio": 263.01,
            "reinvestment_rate": 58.73,
            "research_to_sale_ratio": null,
            "price_fair": 114.97,
            "eps_avg_yearly": 8.68,
            "eps_latest_yearly": 8.88,
            "eps_growth_yearly": 3.24
        },
        "20184": {
            "year_quarter": 20184,
            "year": 2018,
            "quarter": 4,
            "eps": 2.92,
            "eps_growth_year": 12.33,
            "eps_4q": 10.35,
            "eps_4q_growth_year": 14.14,
            "roe": 6.84,
            "roe_4q": 24.669999999999998,
            "gross_profit": 1247497,
            "gross_margin": 10.07,
            "gross_margin_4q_avg": 10.15,
            "net_income": 407722,
            "net_income_4q": null,
            "revenue": 12391734,
            "revenue_4q": null,
            "common_shares": 1400585,
            "book_valuer_per_share": 43.91,
            "book_valuer_per_share_4q_avg": 42.05,
            "equity": 6172104,
            "current_ratio": 106.85,
            "debt_ratio": 49.52,
            "inventory_turnover_ratio": 7.31,
            "account_receivable_turnover_ratio": 236.07,
            "reinvestment_rate": 56.78,
            "research_to_sale_ratio": null,
            "price_fair": 232.02,
            "eps_avg_yearly": 8.84,
            "eps_latest_yearly": 11.68,
            "eps_growth_yearly": 16.25
        },
        "20191": {
            "year_quarter": 20191,
            "year": 2019,
            "quarter": 1,
            "eps": 2.83,
            "eps_growth_year": 28.64,
            "eps_4q": 10.97,
            "eps_4q_growth_year": 21.15,
            "roe": 6.18,
            "roe_4q": 25.759999999999998,
            "gross_profit": 1221832,
            "gross_margin": 10.41,
            "gross_margin_4q_avg": 10.16,
            "net_income": 395590,
            "net_income_4q": null,
            "revenue": 11735627,
            "revenue_4q": null,
            "common_shares": 1400585,
            "book_valuer_per_share": 47.16,
            "book_valuer_per_share_4q_avg": 42.78,
            "equity": 6627253,
            "current_ratio": 112.62,
            "debt_ratio": 49.3,
            "inventory_turnover_ratio": 6.36,
            "account_receivable_turnover_ratio": 198.05,
            "reinvestment_rate": 54.56,
            "research_to_sale_ratio": null,
            "price_fair": 266.57,
            "eps_avg_yearly": 9.07,
            "eps_latest_yearly": 11.32,
            "eps_growth_yearly": 19.41
        },
        "20192": {
            "year_quarter": 20192,
            "year": 2019,
            "quarter": 2,
            "eps": 2.22,
            "eps_growth_year": -26.25,
            "eps_4q": 10.19,
            "eps_4q_growth_year": 6.85,
            "roe": 5.07,
            "roe_4q": 23.63,
            "gross_profit": 1146439,
            "gross_margin": 9.7,
            "gross_margin_4q_avg": 9.95,
            "net_income": 311908,
            "net_income_4q": null,
            "revenue": 11815431,
            "revenue_4q": null,
            "common_shares": 1400585,
            "book_valuer_per_share": 40.36,
            "book_valuer_per_share_4q_avg": 43.1,
            "equity": 5674605,
            "current_ratio": 95.95,
            "debt_ratio": 54.03,
            "inventory_turnover_ratio": 5.96,
            "account_receivable_turnover_ratio": 203.47,
            "reinvestment_rate": 40.68,
            "research_to_sale_ratio": null,
            "price_fair": 224.44,
            "eps_avg_yearly": 9.15,
            "eps_latest_yearly": 8.88,
            "eps_growth_yearly": 14.54
        },
        "20193": {
            "year_quarter": 20193,
            "year": 2019,
            "quarter": 3,
            "eps": 1.91,
            "eps_growth_year": -13.96,
            "eps_4q": 9.88,
            "eps_4q_growth_year": -1.54,
            "roe": 4.61,
            "roe_4q": 22.7,
            "gross_profit": 1190197,
            "gross_margin": 9.62,
            "gross_margin_4q_avg": 9.95,
            "net_income": 267015,
            "net_income_4q": null,
            "revenue": 12371510,
            "revenue_4q": null,
            "common_shares": 1400585,
            "book_valuer_per_share": 42.11,
            "book_valuer_per_share_4q_avg": 43.39,
            "equity": 5918507,
            "current_ratio": 98.5,
            "debt_ratio": 65.07,
            "inventory_turnover_ratio": 5.51,
            "account_receivable_turnover_ratio": 159.22,
            "reinvestment_rate": 40.12,
            "research_to_sale_ratio": null,
            "price_fair": 200.2,
            "eps_avg_yearly": 9.17,
            "eps_latest_yearly": 7.64,
            "eps_growth_yearly": 11.84
        },
        "20194": {
            "year_quarter": 20194,
            "year": 2019,
            "quarter": 4,
            "eps": 2.99,
            "eps_growth_year": 2.59,
            "eps_4q": 9.95,
            "eps_4q_growth_year": -3.85,
            "roe": 6.92,
            "roe_4q": 22.78,
            "gross_profit": 1526168,
            "gross_margin": 9.59,
            "gross_margin_4q_avg": 9.83,
            "net_income": 418188,
            "net_income_4q": null,
            "revenue": 15907849,
            "revenue_4q": null,
            "common_shares": 1400585,
            "book_valuer_per_share": 43.95,
            "book_valuer_per_share_4q_avg": 43.4,
            "equity": 6176233,
            "current_ratio": 102.38,
            "debt_ratio": 57.69,
            "inventory_turnover_ratio": 6.31,
            "account_receivable_turnover_ratio": 141.95,
            "reinvestment_rate": 36.02,
            "research_to_sale_ratio": null,
            "price_fair": 330.93,
            "eps_avg_yearly": 9.46,
            "eps_latest_yearly": 11.96,
            "eps_growth_yearly": 25.84
        },
        "20201": {
            "year_quarter": 20201,
            "year": 2020,
            "quarter": 1,
            "eps": 3.16,
            "eps_growth_year": 11.66,
            "eps_4q": 10.28,
            "eps_4q_growth_year": -6.33,
            "roe": 6.91,
            "roe_4q": 23.51,
            "gross_profit": 1478921,
            "gross_margin": 9.79,
            "gross_margin_4q_avg": 9.68,
            "net_income": 441331,
            "net_income_4q": null,
            "revenue": 15105707,
            "revenue_4q": null,
            "common_shares": 1400585,
            "book_valuer_per_share": 47,
            "book_valuer_per_share_4q_avg": 43.36,
            "equity": 6602780,
            "current_ratio": 107.44,
            "debt_ratio": 55.97,
            "inventory_turnover_ratio": 6.01,
            "account_receivable_turnover_ratio": 123.83,
            "reinvestment_rate": 31.34,
            "research_to_sale_ratio": 0.27,
            "price_fair": 279.06,
            "eps_avg_yearly": 9.63,
            "eps_latest_yearly": 12.64,
            "eps_growth_yearly": 18.97
        },
        "20202": {
            "year_quarter": 20202,
            "year": 2020,
            "quarter": 2,
            "eps": 3.36,
            "eps_growth_year": 51.35,
            "eps_4q": 11.41,
            "eps_4q_growth_year": 11.94,
            "roe": 7.5,
            "roe_4q": 25.939999999999998,
            "gross_profit": 1444086,
            "gross_margin": 9.12,
            "gross_margin_4q_avg": 9.53,
            "net_income": 469054,
            "net_income_4q": null,
            "revenue": 15834104,
            "revenue_4q": null,
            "common_shares": 1400585,
            "book_valuer_per_share": 42.01,
            "book_valuer_per_share_4q_avg": 43.77,
            "equity": 5902319,
            "current_ratio": 91.98,
            "debt_ratio": 60.31,
            "inventory_turnover_ratio": 6.7,
            "account_receivable_turnover_ratio": 122.54,
            "reinvestment_rate": 39.91,
            "research_to_sale_ratio": 0.28,
            "price_fair": 337.26,
            "eps_avg_yearly": 9.94,
            "eps_latest_yearly": 13.44,
            "eps_growth_yearly": 23.92
        },
        "20203": {
            "year_quarter": 20203,
            "year": 2020,
            "quarter": 3,
            "eps": 3,
            "eps_growth_year": 57.07,
            "eps_4q": 12.5,
            "eps_4q_growth_year": 26.57,
            "roe": 6.85,
            "roe_4q": 28.18,
            "gross_profit": 1427556,
            "gross_margin": 9.16,
            "gross_margin_4q_avg": 9.42,
            "net_income": 418522,
            "net_income_4q": null,
            "revenue": 15582993,
            "revenue_4q": null,
            "common_shares": 1400585,
            "book_valuer_per_share": 45.04,
            "book_valuer_per_share_4q_avg": 44.5,
            "equity": 6325629,
            "current_ratio": 98.14,
            "debt_ratio": 59.09,
            "inventory_turnover_ratio": 5.45,
            "account_receivable_turnover_ratio": 112.72,
            "reinvestment_rate": 33.4,
            "research_to_sale_ratio": 0.28,
            "price_fair": 357.35,
            "eps_avg_yearly": 10.24,
            "eps_latest_yearly": 12,
            "eps_growth_yearly": 24.9
        },
        "20204": {
            "year_quarter": 20204,
            "year": 2020,
            "quarter": 4,
            "eps": 4.37,
            "eps_growth_year": 45.96,
            "eps_4q": 13.87,
            "eps_4q_growth_year": 39.43,
            "roe": 9.19,
            "roe_4q": 30.45,
            "gross_profit": 1963922,
            "gross_margin": 9.5,
            "gross_margin_4q_avg": 9.39,
            "net_income": 610031,
            "net_income_4q": null,
            "revenue": 20675300,
            "revenue_4q": null,
            "common_shares": 1400585,
            "book_valuer_per_share": 49.51,
            "book_valuer_per_share_4q_avg": 45.89,
            "equity": 6949980,
            "current_ratio": 102.91,
            "debt_ratio": 60.98,
            "inventory_turnover_ratio": 5.84,
            "account_receivable_turnover_ratio": 132.6,
            "reinvestment_rate": 29.56,
            "research_to_sale_ratio": 0.23,
            "price_fair": 378.53,
            "eps_avg_yearly": 10.82,
            "eps_latest_yearly": 17.48,
            "eps_growth_yearly": 32.72
        },
        "20211": {
            "year_quarter": 20211,
            "year": 2021,
            "quarter": 1,
            "eps": 5.57,
            "eps_growth_year": 76.27,
            "eps_4q": 16.29,
            "eps_4q_growth_year": 58.48,
            "roe": 10.64,
            "roe_4q": 34.18,
            "gross_profit": 1897194,
            "gross_margin": 10.33,
            "gross_margin_4q_avg": 9.53,
            "net_income": 779278,
            "net_income_4q": null,
            "revenue": 18361218,
            "revenue_4q": null,
            "common_shares": 1400585,
            "book_valuer_per_share": 54.83,
            "book_valuer_per_share_4q_avg": 47.85,
            "equity": 7694202,
            "current_ratio": 116.3,
            "debt_ratio": 56.78,
            "inventory_turnover_ratio": 5.44,
            "account_receivable_turnover_ratio": 115.98,
            "reinvestment_rate": 12.93,
            "research_to_sale_ratio": 0.26,
            "price_fair": 407.93,
            "eps_avg_yearly": 11.66,
            "eps_latest_yearly": 22.28,
            "eps_growth_yearly": 37.9
        },
        "20212": {
            "year_quarter": 20212,
            "year": 2021,
            "quarter": 2,
            "eps": 4.86,
            "eps_growth_year": 44.64,
            "eps_4q": 14.81,
            "eps_4q_growth_year": 29.78,
            "roe": 11.88,
            "roe_4q": 38.56,
            "gross_profit": 2269211,
            "gross_margin": 10.19,
            "gross_margin_4q_avg": 9.8,
            "net_income": 883809,
            "net_income_4q": null,
            "revenue": 22258273,
            "revenue_4q": null,
            "common_shares": 1400585,
            "book_valuer_per_share": 51.24,
            "book_valuer_per_share_4q_avg": 50.16,
            "equity": 7189760,
            "current_ratio": 107.5,
            "debt_ratio": 66.79,
            "inventory_turnover_ratio": 8.15,
            "account_receivable_turnover_ratio": 152.46,
            "reinvestment_rate": 6.73,
            "research_to_sale_ratio": 0.22,
            "price_fair": 428.4,
            "eps_avg_yearly": 12.24,
            "eps_latest_yearly": 19.44,
            "eps_growth_yearly": 31.2
        },
        "20213": {
            "year_quarter": 20213,
            "year": 2021,
            "quarter": 3,
            "eps": 3.83,
            "eps_growth_year": 27.67,
            "eps_4q": 16.34,
            "eps_4q_growth_year": 30.74,
            "roe": 9.25,
            "roe_4q": 40.96,
            "gross_profit": 2123012,
            "gross_margin": 10.15,
            "gross_margin_4q_avg": 10.04,
            "net_income": 696903,
            "net_income_4q": null,
            "revenue": 20907386,
            "revenue_4q": null,
            "common_shares": 1820761,
            "book_valuer_per_share": 43.23,
            "book_valuer_per_share_4q_avg": 49.7,
            "equity": 7883644,
            "current_ratio": 114.63,
            "debt_ratio": 61.16,
            "inventory_turnover_ratio": 6.06,
            "account_receivable_turnover_ratio": 130.05,
            "reinvestment_rate": 2.12,
            "research_to_sale_ratio": 0.24,
            "price_fair": 446.69,
            "eps_avg_yearly": 12.76,
            "eps_latest_yearly": 15.32,
            "eps_growth_yearly": 33.64
        },
        "20214": {
            "year_quarter": 20214,
            "year": 2021,
            "quarter": 4,
            "eps": 5.03,
            "eps_growth_year": 15.26,
            "eps_4q": 18.02,
            "eps_4q_growth_year": 29.85,
            "roe": 10.94,
            "roe_4q": 42.71,
            "gross_profit": 2655386,
            "gross_margin": 9.88,
            "gross_margin_4q_avg": 10.14,
            "net_income": 915276,
            "net_income_4q": null,
            "revenue": 26869819,
            "revenue_4q": null,
            "common_shares": 1820761,
            "book_valuer_per_share": 48.11,
            "book_valuer_per_share_4q_avg": 49.35,
            "equity": 8849013,
            "current_ratio": 116.65,
            "debt_ratio": 61.55,
            "inventory_turnover_ratio": 6.3,
            "account_receivable_turnover_ratio": 138.88,
            "reinvestment_rate": -1.84,
            "research_to_sale_ratio": 0.2,
            "price_fair": 467.95,
            "eps_avg_yearly": 13.37,
            "eps_latest_yearly": 20.12,
            "eps_growth_yearly": 29.12
        },
        "20221": {
            "year_quarter": 20221,
            "year": 2022,
            "quarter": 1,
            "eps": 4.53,
            "eps_growth_year": -18.67,
            "eps_4q": 18.26,
            "eps_4q_growth_year": 12.1,
            "roe": 8.9,
            "roe_4q": 40.97,
            "gross_profit": 2375403,
            "gross_margin": 10.36,
            "gross_margin_4q_avg": 10.15,
            "net_income": 824450,
            "net_income_4q": null,
            "revenue": 22937441,
            "revenue_4q": null,
            "common_shares": 1820761,
            "book_valuer_per_share": 52.72,
            "book_valuer_per_share_4q_avg": 48.83,
            "equity": 9688266,
            "current_ratio": 122.13,
            "debt_ratio": 57.61,
            "inventory_turnover_ratio": 5.7,
            "account_receivable_turnover_ratio": 83.51,
            "reinvestment_rate": 1.78,
            "research_to_sale_ratio": 0.23,
            "price_fair": 488.34,
            "eps_avg_yearly": 13.95,
            "eps_latest_yearly": 18.12,
            "eps_growth_yearly": 30.48
        },
        "20222": {
            "year_quarter": 20222,
            "year": 2022,
            "quarter": 2,
            "eps": 3.81,
            "eps_growth_year": -21.6,
            "eps_4q": 14.98,
            "eps_4q_growth_year": 1.13,
            "roe": 9.33,
            "roe_4q": 38.42,
            "gross_profit": 2478855,
            "gross_margin": 9.86,
            "gross_margin_4q_avg": 10.06,
            "net_income": 831885,
            "net_income_4q": null,
            "revenue": 25138426,
            "revenue_4q": null,
            "common_shares": 1820761,
            "book_valuer_per_share": 44.26,
            "book_valuer_per_share_4q_avg": 47.08,
            "equity": 8148085,
            "current_ratio": 95.73,
            "debt_ratio": 68.36,
            "inventory_turnover_ratio": 6.51,
            "account_receivable_turnover_ratio": 81.85,
            "reinvestment_rate": 18.71,
            "research_to_sale_ratio": 0.22,
            "price_fair": 386.41,
            "eps_avg_yearly": 14.15,
            "eps_latest_yearly": 15.24,
            "eps_growth_yearly": 17.3
        },
        "20223": {
            "year_quarter": 20223,
            "year": 2022,
            "quarter": 3,
            "eps": 3.46,
            "eps_growth_year": -9.66,
            "eps_4q": 15.24,
            "eps_4q_growth_year": -6.72,
            "roe": 8.87,
            "roe_4q": 38.04,
            "gross_profit": 2230362,
            "gross_margin": 9.47,
            "gross_margin_4q_avg": 9.89,
            "net_income": 756356,
            "net_income_4q": null,
            "revenue": 23557744,
            "revenue_4q": null,
            "common_shares": 2184913,
            "book_valuer_per_share": 40.34,
            "book_valuer_per_share_4q_avg": 46.36,
            "equity": 8902433,
            "current_ratio": 97.59,
            "debt_ratio": 61.73,
            "inventory_turnover_ratio": 5.24,
            "account_receivable_turnover_ratio": 77.92,
            "reinvestment_rate": 22.77,
            "research_to_sale_ratio": 0.25,
            "price_fair": 456.55,
            "eps_avg_yearly": 14.46,
            "eps_latest_yearly": 13.84,
            "eps_growth_yearly": 21.57
        },
        "20224": {
            "year_quarter": 20224,
            "year": 2022,
            "quarter": 4,
            "eps": 4.67,
            "eps_growth_year": -7.2,
            "eps_4q": 15.72,
            "eps_4q_growth_year": -12.75,
            "roe": 10.86,
            "roe_4q": 37.959999999999994,
            "gross_profit": 3187398,
            "gross_margin": 10.02,
            "gross_margin_4q_avg": 9.93,
            "net_income": 1021211,
            "net_income_4q": null,
            "revenue": 31802824,
            "revenue_4q": null,
            "common_shares": 2184913,
            "book_valuer_per_share": 44.92,
            "book_valuer_per_share_4q_avg": 45.56,
            "equity": 9903596,
            "current_ratio": 104.15,
            "debt_ratio": 62.4,
            "inventory_turnover_ratio": 6.26,
            "account_receivable_turnover_ratio": 81.18,
            "reinvestment_rate": 22.85,
            "research_to_sale_ratio": 0.19,
            "price_fair": 483.18,
            "eps_avg_yearly": 14.9,
            "eps_latest_yearly": 18.68,
            "eps_growth_yearly": 22.43
        },
        "20231": {
            "year_quarter": 20231,
            "year": 2023,
            "quarter": 1,
            "eps": 4.07,
            "eps_growth_year": -10.15,
            "eps_4q": 16.01,
            "eps_4q_growth_year": -12.35,
            "roe": 8.61,
            "roe_4q": 37.669999999999995,
            "gross_profit": 2555809,
            "gross_margin": 10.17,
            "gross_margin_4q_avg": 9.88,
            "net_income": 888658,
            "net_income_4q": null,
            "revenue": 25120040,
            "revenue_4q": null,
            "common_shares": 2184913,
            "book_valuer_per_share": 48.74,
            "book_valuer_per_share_4q_avg": 44.57,
            "equity": 10738171,
            "current_ratio": 110.93,
            "debt_ratio": 56.83,
            "inventory_turnover_ratio": 5.21,
            "account_receivable_turnover_ratio": 54.31,
            "reinvestment_rate": 23.22,
            "research_to_sale_ratio": 0.25,
            "price_fair": 456.1,
            "eps_avg_yearly": 15.21,
            "eps_latest_yearly": 16.28,
            "eps_growth_yearly": 19.99
        },
        "20232": {
            "year_quarter": 20232,
            "year": 2023,
            "quarter": 2,
            "eps": 3.85,
            "eps_growth_year": 1.05,
            "eps_4q": 14.6,
            "eps_4q_growth_year": -2.54,
            "roe": 8.85,
            "roe_4q": 37.19,
            "gross_profit": 2607666,
            "gross_margin": 9.95,
            "gross_margin_4q_avg": 9.9,
            "net_income": 842548,
            "net_income_4q": null,
            "revenue": 26212415,
            "revenue_4q": null,
            "common_shares": 2184913,
            "book_valuer_per_share": 37.57,
            "book_valuer_per_share_4q_avg": 42.89,
            "equity": 8295107,
            "current_ratio": 91.44,
            "debt_ratio": 63.84,
            "inventory_turnover_ratio": 5.51,
            "account_receivable_turnover_ratio": 62.39,
            "reinvestment_rate": 23.67,
            "research_to_sale_ratio": 0.25,
            "price_fair": 531.37,
            "eps_avg_yearly": 15.62,
            "eps_latest_yearly": 15.4,
            "eps_growth_yearly": 24.02
        },
        "20233": {
            "year_quarter": 20233,
            "year": 2023,
            "quarter": 3,
            "eps": 3.12,
            "eps_growth_year": -9.83,
            "eps_4q": 14.57,
            "eps_4q_growth_year": -4.41,
            "roe": 8.66,
            "roe_4q": 36.98,
            "gross_profit": 2322345,
            "gross_margin": 9.26,
            "gross_margin_4q_avg": 9.85,
            "net_income": 749859,
            "net_income_4q": null,
            "revenue": 25074675,
            "revenue_4q": null,
            "common_shares": 2403404,
            "book_valuer_per_share": 37.16,
            "book_valuer_per_share_4q_avg": 42.1,
            "equity": 9015450,
            "current_ratio": 93.75,
            "debt_ratio": 63.04,
            "inventory_turnover_ratio": 4.92,
            "account_receivable_turnover_ratio": 62.37,
            "reinvestment_rate": 25.09,
            "research_to_sale_ratio": 0.28,
            "price_fair": 521.77,
            "eps_avg_yearly": 15.92,
            "eps_latest_yearly": 12.48,
            "eps_growth_yearly": 22.77
        }
    },
    "months": {
        "2014-02": {
            "month": "2014-02",
            "price": "200.30",
            "revenue": 1771594
        },
        "2014-03": {
            "month": "2014-03",
            "price": "178.26",
            "revenue": 1697848
        },
        "2014-04": {
            "month": "2014-04",
            "price": "180.22",
            "revenue": 1779958
        },
        "2014-05": {
            "month": "2014-05",
            "price": "183.37",
            "revenue": 1899873
        },
        "2014-06": {
            "month": "2014-06",
            "price": "209.84",
            "revenue": 1936433
        },
        "2014-07": {
            "month": "2014-07",
            "price": "242.68",
            "revenue": 2098343
        },
        "2014-08": {
            "month": "2014-08",
            "price": "234.80",
            "revenue": 2129289
        },
        "2014-09": {
            "month": "2014-09",
            "price": "239.10",
            "revenue": 2054990
        },
        "2014-10": {
            "month": "2014-10",
            "price": "239.50",
            "revenue": 2093775
        },
        "2014-11": {
            "month": "2014-11",
            "price": "280.90",
            "revenue": 2078467
        },
        "2014-12": {
            "month": "2014-12",
            "price": "323.95",
            "revenue": 2161944
        },
        "2015-01": {
            "month": "2015-01",
            "price": "318.05",
            "revenue": 2212546
        },
        "2015-02": {
            "month": "2015-02",
            "price": "303.81",
            "revenue": 2015797
        },
        "2015-03": {
            "month": "2015-03",
            "price": "300.20",
            "revenue": 2031309
        },
        "2015-04": {
            "month": "2015-04",
            "price": "280.30",
            "revenue": 2050658
        },
        "2015-05": {
            "month": "2015-05",
            "price": "286.05",
            "revenue": 2164062
        },
        "2015-06": {
            "month": "2015-06",
            "price": "269.90",
            "revenue": 1984214
        },
        "2015-07": {
            "month": "2015-07",
            "price": "247.36",
            "revenue": 2094007
        },
        "2015-08": {
            "month": "2015-08",
            "price": "219.40",
            "revenue": 2189329
        },
        "2015-09": {
            "month": "2015-09",
            "price": "203.08",
            "revenue": 2045002
        },
        "2015-10": {
            "month": "2015-10",
            "price": "188.02",
            "revenue": 2210170
        },
        "2015-11": {
            "month": "2015-11",
            "price": "208.14",
            "revenue": 2220788
        },
        "2015-12": {
            "month": "2015-12",
            "price": "227.76",
            "revenue": 2422016
        },
        "2016-01": {
            "month": "2016-01",
            "price": "206.29",
            "revenue": 2687215
        },
        "2016-02": {
            "month": "2016-02",
            "price": "211.81",
            "revenue": 2085268
        },
        "2016-03": {
            "month": "2016-03",
            "price": "214.02",
            "revenue": 2233793
        },
        "2016-04": {
            "month": "2016-04",
            "price": "207.92",
            "revenue": 2151335
        },
        "2016-05": {
            "month": "2016-05",
            "price": "224.79",
            "revenue": 2280076
        },
        "2016-06": {
            "month": "2016-06",
            "price": "216.60",
            "revenue": 2257480
        },
        "2016-07": {
            "month": "2016-07",
            "price": "212.48",
            "revenue": 2270367
        },
        "2016-08": {
            "month": "2016-08",
            "price": "219.33",
            "revenue": 2311226
        },
        "2016-09": {
            "month": "2016-09",
            "price": "213.61",
            "revenue": 2183329
        },
        "2016-10": {
            "month": "2016-10",
            "price": "210.52",
            "revenue": 2262245
        },
        "2016-11": {
            "month": "2016-11",
            "price": "194.14",
            "revenue": 2579848
        },
        "2016-12": {
            "month": "2016-12",
            "price": "193.64",
            "revenue": 2778606
        },
        "2017-01": {
            "month": "2017-01",
            "price": "190.47",
            "revenue": 2677693
        },
        "2017-02": {
            "month": "2017-02",
            "price": "194.00",
            "revenue": 2405519
        },
        "2017-03": {
            "month": "2017-03",
            "price": "203.24",
            "revenue": 2498314
        },
        "2017-04": {
            "month": "2017-04",
            "price": "215.83",
            "revenue": 2458791
        },
        "2017-05": {
            "month": "2017-05",
            "price": "221.15",
            "revenue": 2630208
        },
        "2017-06": {
            "month": "2017-06",
            "price": "218.00",
            "revenue": 2604295
        },
        "2017-07": {
            "month": "2017-07",
            "price": "209.48",
            "revenue": 2606561
        },
        "2017-08": {
            "month": "2017-08",
            "price": "213.15",
            "revenue": 2792372
        },
        "2017-09": {
            "month": "2017-09",
            "price": "220.11",
            "revenue": 2624822
        },
        "2017-10": {
            "month": "2017-10",
            "price": "217.16",
            "revenue": 2795103
        },
        "2017-11": {
            "month": "2017-11",
            "price": "206.25",
            "revenue": 3642011
        },
        "2017-12": {
            "month": "2017-12",
            "price": "207.17",
            "revenue": 3502858
        },
        "2018-01": {
            "month": "2018-01",
            "price": "230.05",
            "revenue": 3618868
        },
        "2018-02": {
            "month": "2018-02",
            "price": "283.15",
            "revenue": 3324496
        },
        "2018-03": {
            "month": "2018-03",
            "price": "280.02",
            "revenue": 3240445
        },
        "2018-04": {
            "month": "2018-04",
            "price": "266.47",
            "revenue": 3094828
        },
        "2018-05": {
            "month": "2018-05",
            "price": "238.64",
            "revenue": 3445866
        },
        "2018-06": {
            "month": "2018-06",
            "price": "221.20",
            "revenue": 3089658
        },
        "2018-07": {
            "month": "2018-07",
            "price": "208.05",
            "revenue": 3207274
        },
        "2018-08": {
            "month": "2018-08",
            "price": "194.52",
            "revenue": 3388545
        },
        "2018-09": {
            "month": "2018-09",
            "price": "185.50",
            "revenue": 3215298
        },
        "2018-10": {
            "month": "2018-10",
            "price": "178.55",
            "revenue": 3411854
        },
        "2018-11": {
            "month": "2018-11",
            "price": "187.91",
            "revenue": 4760002
        },
        "2018-12": {
            "month": "2018-12",
            "price": "194.52",
            "revenue": 4219878
        },
        "2019-01": {
            "month": "2019-01",
            "price": "206.57",
            "revenue": 4282254
        },
        "2019-02": {
            "month": "2019-02",
            "price": "240.73",
            "revenue": 3539199
        },
        "2019-03": {
            "month": "2019-03",
            "price": "255.52",
            "revenue": 3914174
        },
        "2019-04": {
            "month": "2019-04",
            "price": "268.20",
            "revenue": 3744437
        },
        "2019-05": {
            "month": "2019-05",
            "price": "264.20",
            "revenue": 4036757
        },
        "2019-06": {
            "month": "2019-06",
            "price": "251.16",
            "revenue": 4034237
        },
        "2019-07": {
            "month": "2019-07",
            "price": "261.78",
            "revenue": 4055577
        },
        "2019-08": {
            "month": "2019-08",
            "price": "256.19",
            "revenue": 4260832
        },
        "2019-09": {
            "month": "2019-09",
            "price": "265.08",
            "revenue": 4055101
        },
        "2019-10": {
            "month": "2019-10",
            "price": "259.67",
            "revenue": 4065554
        },
        "2019-11": {
            "month": "2019-11",
            "price": "284.14",
            "revenue": 6681395
        },
        "2019-12": {
            "month": "2019-12",
            "price": "289.50",
            "revenue": 5160900
        },
        "2020-01": {
            "month": "2020-01",
            "price": "295.93",
            "revenue": 4928582
        },
        "2020-02": {
            "month": "2020-02",
            "price": "333.45",
            "revenue": 4953148
        },
        "2020-03": {
            "month": "2020-03",
            "price": "342.84",
            "revenue": 5223977
        },
        "2020-04": {
            "month": "2020-04",
            "price": "449.62",
            "revenue": 4824954
        },
        "2020-05": {
            "month": "2020-05",
            "price": "526.50",
            "revenue": 5542155
        },
        "2020-06": {
            "month": "2020-06",
            "price": "648.65",
            "revenue": 5466995
        },
        "2020-07": {
            "month": "2020-07",
            "price": "722.61",
            "revenue": 5139283
        },
        "2020-08": {
            "month": "2020-08",
            "price": "658.29",
            "revenue": 5483606
        },
        "2020-09": {
            "month": "2020-09",
            "price": "707.45",
            "revenue": 4960104
        },
        "2020-10": {
            "month": "2020-10",
            "price": "690.53",
            "revenue": 4928610
        },
        "2020-11": {
            "month": "2020-11",
            "price": "652.48",
            "revenue": 9264879
        },
        "2020-12": {
            "month": "2020-12",
            "price": "618.04",
            "revenue": 6481811
        },
        "2021-01": {
            "month": "2021-01",
            "price": "751.90",
            "revenue": 6748377
        },
        "2021-02": {
            "month": "2021-02",
            "price": "876.23",
            "revenue": 5504237
        },
        "2021-03": {
            "month": "2021-03",
            "price": "904.86",
            "revenue": 6108604
        },
        "2021-04": {
            "month": "2021-04",
            "price": "996.79",
            "revenue": 5803340
        },
        "2021-05": {
            "month": "2021-05",
            "price": "1122.43",
            "revenue": 8128766
        },
        "2021-06": {
            "month": "2021-06",
            "price": "1515.48",
            "revenue": 8326167
        },
        "2021-07": {
            "month": "2021-07",
            "price": "1618.41",
            "revenue": 7173226
        },
        "2021-08": {
            "month": "2021-08",
            "price": "1761.59",
            "revenue": 7224373
        },
        "2021-09": {
            "month": "2021-09",
            "price": "1819.00",
            "revenue": 6509787
        },
        "2021-10": {
            "month": "2021-10",
            "price": "1637.75",
            "revenue": 6623624
        },
        "2021-11": {
            "month": "2021-11",
            "price": "1680.45",
            "revenue": 12233027
        },
        "2021-12": {
            "month": "2021-12",
            "price": "1634.09",
            "revenue": 8013168
        },
        "2022-01": {
            "month": "2022-01",
            "price": "1529.72",
            "revenue": 8417453
        },
        "2022-02": {
            "month": "2022-02",
            "price": "1091.87",
            "revenue": 6990154
        },
        "2022-03": {
            "month": "2022-03",
            "price": "921.70",
            "revenue": 7529834
        },
        "2022-04": {
            "month": "2022-04",
            "price": "934.63",
            "revenue": 7648230
        },
        "2022-05": {
            "month": "2022-05",
            "price": "770.76",
            "revenue": 8625910
        },
        "2022-06": {
            "month": "2022-06",
            "price": "779.29",
            "revenue": 8864286
        },
        "2022-07": {
            "month": "2022-07",
            "price": "762.76",
            "revenue": 7937347
        },
        "2022-08": {
            "month": "2022-08",
            "price": "758.65",
            "revenue": 8117202
        },
        "2022-09": {
            "month": "2022-09",
            "price": "623.05",
            "revenue": 7503195
        },
        "2022-10": {
            "month": "2022-10",
            "price": "503.85",
            "revenue": 7705211
        },
        "2022-11": {
            "month": "2022-11",
            "price": "544.82",
            "revenue": 14537524
        },
        "2022-12": {
            "month": "2022-12",
            "price": "623.91",
            "revenue": 9560089
        },
        "2023-01": {
            "month": "2023-01",
            "price": "753.92",
            "revenue": 8752352
        },
        "2023-02": {
            "month": "2023-02",
            "price": "768.78",
            "revenue": 7899181
        },
        "2023-03": {
            "month": "2023-03",
            "price": "838.17",
            "revenue": 8468507
        },
        "2023-04": {
            "month": "2023-04",
            "price": "849.88",
            "revenue": 7960233
        },
        "2023-05": {
            "month": "2023-05",
            "price": "727.14",
            "revenue": 8976333
        },
        "2023-06": {
            "month": "2023-06",
            "price": "682.10",
            "revenue": 9275849
        },
        "2023-07": {
            "month": "2023-07",
            "price": "649.14",
            "revenue": 8458758
        },
        "2023-08": {
            "month": "2023-08",
            "price": "554.27",
            "revenue": 8619251
        },
        "2023-09": {
            "month": "2023-09",
            "price": "508.80",
            "revenue": 7996666
        },
        "2023-10": {
            "month": "2023-10",
            "price": "516.92",
            "revenue": 7943621
        },
        "2023-11": {
            "month": "2023-11",
            "price": "516.14",
            "revenue": 15158466
        }
    }
}
