{
    "summary": {
        "stock_name": "大拓-KY",
        "stock_id": "8455",
        "category": "其他電子",
        "main_business": "經營電機、電子零件代理經銷業務<br>工廠自動化設備銷售組裝製品業務<br>嵌入式電腦組裝製品業務",
        "website_url": "http://www.daito-me.com.tw",
        "ceo": "奧山一寸法師",
        "pe_ratio": 100,
        "report_year_from": 2013,
        "report_year_to": 2023,
        "age": 10,
        "eps_negative_percentage": 11,
        "eps_growth_avg": {
            "last_all": -3.85,
            "last_2y": -79,
            "last_4y": -28.35,
            "last_8y": null,
            "last_12y": null,
            "last_16y": null,
            "last_20y": null,
            "at_2006_last_3y": null,
            "at_2007_last_3y": null,
            "at_2008_last_3y": null,
            "at_2009_last_3y": null,
            "at_2010_last_3y": null,
            "at_2011_last_3y": null,
            "at_2012_last_3y": null,
            "at_2013_last_3y": null,
            "at_2014_last_3y": null,
            "at_2015_last_3y": null,
            "at_2016_last_3y": null,
            "at_2017_last_3y": null,
            "at_2018_last_3y": null,
            "at_2019_last_3y": 33.73,
            "at_2020_last_3y": -15.76,
            "at_2021_last_3y": -18.47,
            "at_2022_last_3y": -54.74,
            "at_2023_last_3y": -54.74,
            "at_2006_last_all": null,
            "at_2007_last_all": null,
            "at_2008_last_all": null,
            "at_2009_last_all": null,
            "at_2010_last_all": null,
            "at_2011_last_all": null,
            "at_2012_last_all": null,
            "at_2013_last_all": null,
            "at_2014_last_all": null,
            "at_2015_last_all": null,
            "at_2016_last_all": null,
            "at_2017_last_all": 45.16,
            "at_2018_last_all": 47.05,
            "at_2019_last_all": 33.73,
            "at_2020_last_all": 6.99,
            "at_2021_last_all": 6.99,
            "at_2022_last_all": -3.85,
            "at_2023_last_all": -3.85
        },
        "latest_eps": 0.06,
        "latest_price": 21.8,
        "latest_roe": -3.2,
        "latest_gross_margin": 9.78,
        "latest_equity": 664451,
        "latest_revenue": 394092,
        "latest_gross_profit": 38555,
        "latest_net_income": -2062,
        "latest_debt_ratio": 58.17,
        "latest_current_ratio": 143.58,
        "latest_account_receivable_turnover_ratio": 0.77,
        "latest_inventory_turnover_ratio": 2.41,
        "latest_reinvestment_rate": -162.73,
        "latest_research_to_sale_ratio": 0.04
    },
    "eps_dividends": {
        "2001": {
            "cash": 0,
            "stock": 0,
            "eps": 0
        },
        "2002": {
            "cash": 0,
            "stock": 0,
            "eps": 0
        },
        "2003": {
            "cash": 0,
            "stock": 0,
            "eps": 0
        },
        "2004": {
            "cash": 0,
            "stock": 0,
            "eps": 0
        },
        "2005": {
            "cash": 0,
            "stock": 0,
            "eps": 0
        },
        "2006": {
            "cash": 0,
            "stock": 0,
            "eps": 0
        },
        "2007": {
            "cash": 0,
            "stock": 0,
            "eps": 0
        },
        "2008": {
            "cash": 0,
            "stock": 0,
            "eps": 0
        },
        "2009": {
            "cash": 0,
            "stock": 0,
            "eps": 0
        },
        "2010": {
            "cash": 0,
            "stock": 0,
            "eps": 0
        },
        "2011": {
            "cash": 0,
            "stock": 0,
            "eps": 0
        },
        "2012": {
            "cash": 0,
            "stock": 0,
            "eps": 0
        },
        "2013": {
            "cash": 0,
            "stock": 0,
            "eps": 0
        },
        "2014": {
            "cash": 0,
            "stock": 0,
            "eps": 0
        },
        "2015": {
            "cash": 0,
            "stock": 0,
            "eps": 0.99
        },
        "2016": {
            "cash": 0,
            "stock": 0,
            "eps": 1.96
        },
        "2017": {
            "cash": 0,
            "stock": 0,
            "eps": 1.81
        },
        "2018": {
            "cash": 0,
            "stock": 0,
            "eps": 2.73
        },
        "2019": {
            "cash": 0,
            "stock": 0,
            "eps": 2.56
        },
        "2020": {
            "cash": 0,
            "stock": 0,
            "eps": -0.06
        },
        "2021": {
            "cash": 0,
            "stock": 0,
            "eps": 1
        },
        "2022": {
            "cash": 0,
            "stock": 0,
            "eps": 0.42
        },
        "2023": {
            "cash": 0,
            "stock": 0,
            "eps": 0.13
        }
    },
    "dividends": {
        "2016-09-29": {
            "cash": 0.08,
            "stock": 0
        },
        "2017-11-02": {
            "cash": 0.12,
            "stock": 0
        },
        "2018-11-02": {
            "cash": 0.11,
            "stock": 0
        },
        "2019-12-26": {
            "cash": 0.17,
            "stock": 0
        },
        "2020-12-23": {
            "cash": 0.16,
            "stock": 0
        },
        "2023-03-16": {
            "cash": 0.12,
            "stock": 0
        }
    },
    "prices": {
        "200101": "無",
        "200102": "無",
        "200103": "無",
        "200104": "無",
        "200105": "無",
        "200106": "無",
        "200107": "無",
        "200108": "無",
        "200109": "無",
        "200110": "無",
        "200111": "無",
        "200112": "無",
        "200201": "無",
        "200202": "無",
        "200203": "無",
        "200204": "無",
        "200205": "無",
        "200206": "無",
        "200207": "無",
        "200208": "無",
        "200209": "無",
        "200210": "無",
        "200211": "無",
        "200212": "無",
        "200301": "無",
        "200302": "無",
        "200303": "無",
        "200304": "無",
        "200305": "無",
        "200306": "無",
        "200307": "無",
        "200308": "無",
        "200309": "無",
        "200310": "無",
        "200311": "無",
        "200312": "無",
        "200401": "無",
        "200402": "無",
        "200403": "無",
        "200404": "無",
        "200405": "無",
        "200406": "無",
        "200407": "無",
        "200408": "無",
        "200409": "無",
        "200410": "無",
        "200411": "無",
        "200412": "無",
        "200501": "無",
        "200502": "無",
        "200503": "無",
        "200504": "無",
        "200505": "無",
        "200506": "無",
        "200507": "無",
        "200508": "無",
        "200509": "無",
        "200510": "無",
        "200511": "無",
        "200512": "無",
        "200601": "無",
        "200602": "無",
        "200603": "無",
        "200604": "無",
        "200605": "無",
        "200606": "無",
        "200607": "無",
        "200608": "無",
        "200609": "無",
        "200610": "無",
        "200611": "無",
        "200612": "無",
        "200701": "無",
        "200702": "無",
        "200703": "無",
        "200704": "無",
        "200705": "無",
        "200706": "無",
        "200707": "無",
        "200708": "無",
        "200709": "無",
        "200710": "無",
        "200711": "無",
        "200712": "無",
        "200801": "無",
        "200802": "無",
        "200803": "無",
        "200804": "無",
        "200805": "無",
        "200806": "無",
        "200807": "無",
        "200808": "無",
        "200809": "無",
        "200810": "無",
        "200811": "無",
        "200812": "無",
        "200901": "無",
        "200902": "無",
        "200903": "無",
        "200904": "無",
        "200905": "無",
        "200906": "無",
        "200907": "無",
        "200908": "無",
        "200909": "無",
        "200910": "無",
        "200911": "無",
        "200912": "無",
        "201001": "無",
        "201002": "無",
        "201003": "無",
        "201004": "無",
        "201005": "無",
        "201006": "無",
        "201007": "無",
        "201008": "無",
        "201009": "無",
        "201010": "無",
        "201011": "無",
        "201012": "無",
        "201101": "無",
        "201102": "無",
        "201103": "無",
        "201104": "無",
        "201105": "無",
        "201106": "無",
        "201107": "無",
        "201108": "無",
        "201109": "無",
        "201110": "無",
        "201111": "無",
        "201112": "無",
        "201201": "無",
        "201202": "無",
        "201203": "無",
        "201204": "無",
        "201205": "無",
        "201206": "無",
        "201207": "無",
        "201208": "無",
        "201209": "無",
        "201210": "無",
        "201211": "無",
        "201212": "無",
        "201301": "無",
        "201302": "無",
        "201303": "無",
        "201304": "無",
        "201305": "無",
        "201306": "無",
        "201307": "無",
        "201308": "無",
        "201309": "無",
        "201310": "無",
        "201311": "無",
        "201312": "無",
        "201401": "無",
        "201402": "無",
        "201403": "無",
        "201404": "無",
        "201405": "無",
        "201406": "無",
        "201407": "無",
        "201408": "無",
        "201409": "無",
        "201410": "無",
        "201411": "無",
        "201412": "無",
        "201501": "無",
        "201502": "無",
        "201503": "無",
        "201504": "無",
        "201505": "無",
        "201506": "無",
        "201507": "無",
        "201508": "無",
        "201509": "無",
        "201510": "無",
        "201511": "無",
        "201512": "無",
        "201601": "13.83",
        "201602": "17.88",
        "201603": "30.90",
        "201604": "59.29",
        "201605": "52.75",
        "201606": "50.94",
        "201607": "40.17",
        "201608": "36.97",
        "201609": "36.29",
        "201610": "35.40",
        "201611": "33.93",
        "201612": "33.60",
        "201701": "31.84",
        "201702": "29.52",
        "201703": "28.36",
        "201704": "26.88",
        "201705": "26.97",
        "201706": "28.68",
        "201707": "26.32",
        "201708": "24.71",
        "201709": "24.97",
        "201710": "23.31",
        "201711": "22.60",
        "201712": "22.81",
        "201801": "24.84",
        "201802": "24.26",
        "201803": "27.07",
        "201804": "28.88",
        "201805": "29.74",
        "201806": "29.56",
        "201807": "28.37",
        "201808": "28.33",
        "201809": "24.64",
        "201810": "22.00",
        "201811": "22.86",
        "201812": "23.78",
        "201901": "25.11",
        "201902": "25.74",
        "201903": "31.65",
        "201904": "34.11",
        "201905": "40.89",
        "201906": "33.09",
        "201907": "34.04",
        "201908": "37.05",
        "201909": "35.68",
        "201910": "32.08",
        "201911": "30.73",
        "201912": "29.40",
        "202001": "28.53",
        "202002": "25.45",
        "202003": "20.05",
        "202004": "20.73",
        "202005": "20.16",
        "202006": "20.93",
        "202007": "20.49",
        "202008": "20.83",
        "202009": "19.99",
        "202010": "19.54",
        "202011": "19.38",
        "202012": "20.43",
        "202101": "19.39",
        "202102": "18.21",
        "202103": "18.81",
        "202104": "19.00",
        "202105": "17.77",
        "202106": "17.97",
        "202107": "18.10",
        "202108": "17.76",
        "202109": "18.05",
        "202110": "18.13",
        "202111": "18.67",
        "202112": "22.64",
        "202201": "27.03",
        "202202": "30.97",
        "202203": "29.27",
        "202204": "26.67",
        "202205": "28.96",
        "202206": "24.38",
        "202207": "19.76",
        "202208": "21.73",
        "202209": "22.12",
        "202210": "20.35",
        "202211": "20.10",
        "202212": "20.71",
        "202301": "21.84",
        "202302": "22.19",
        "202303": "22.28",
        "202304": "21.98",
        "202305": "21.80"
    },
    "quarters": {
        "20011": {
            "year_quarter": 20011,
            "year": 2001,
            "quarter": 1,
            "eps": null,
            "eps_growth_year": null,
            "eps_4q": null,
            "eps_4q_growth_year": null,
            "roe": null,
            "roe_4q": 0,
            "gross_profit": null,
            "gross_margin": null,
            "gross_margin_4q_avg": 0,
            "net_income": null,
            "revenue": null,
            "common_shares": null,
            "book_valuer_per_share": null,
            "book_valuer_per_share_4q_avg": 0,
            "equity": null,
            "current_ratio": null,
            "debt_ratio": null,
            "inventory_turnover_ratio": null,
            "account_receivable_turnover_ratio": null,
            "reinvestment_rate": null,
            "research_to_sale_ratio": null,
            "price_fair": 0,
            "eps_avg_yearly": 0,
            "eps_latest_yearly": 0,
            "eps_growth_yearly": 0
        },
        "20012": {
            "year_quarter": 20012,
            "year": 2001,
            "quarter": 2,
            "eps": null,
            "eps_growth_year": null,
            "eps_4q": null,
            "eps_4q_growth_year": null,
            "roe": null,
            "roe_4q": 0,
            "gross_profit": null,
            "gross_margin": null,
            "gross_margin_4q_avg": 0,
            "net_income": null,
            "revenue": null,
            "common_shares": null,
            "book_valuer_per_share": null,
            "book_valuer_per_share_4q_avg": 0,
            "equity": null,
            "current_ratio": null,
            "debt_ratio": null,
            "inventory_turnover_ratio": null,
            "account_receivable_turnover_ratio": null,
            "reinvestment_rate": null,
            "research_to_sale_ratio": null,
            "price_fair": 0,
            "eps_avg_yearly": 0,
            "eps_latest_yearly": 0,
            "eps_growth_yearly": 0
        },
        "20013": {
            "year_quarter": 20013,
            "year": 2001,
            "quarter": 3,
            "eps": null,
            "eps_growth_year": null,
            "eps_4q": null,
            "eps_4q_growth_year": null,
            "roe": null,
            "roe_4q": 0,
            "gross_profit": null,
            "gross_margin": null,
            "gross_margin_4q_avg": 0,
            "net_income": null,
            "revenue": null,
            "common_shares": null,
            "book_valuer_per_share": null,
            "book_valuer_per_share_4q_avg": 0,
            "equity": null,
            "current_ratio": null,
            "debt_ratio": null,
            "inventory_turnover_ratio": null,
            "account_receivable_turnover_ratio": null,
            "reinvestment_rate": null,
            "research_to_sale_ratio": null,
            "price_fair": 0,
            "eps_avg_yearly": 0,
            "eps_latest_yearly": 0,
            "eps_growth_yearly": 0
        },
        "20014": {
            "year_quarter": 20014,
            "year": 2001,
            "quarter": 4,
            "eps": null,
            "eps_growth_year": null,
            "eps_4q": null,
            "eps_4q_growth_year": null,
            "roe": null,
            "roe_4q": 0,
            "gross_profit": null,
            "gross_margin": null,
            "gross_margin_4q_avg": 0,
            "net_income": null,
            "revenue": null,
            "common_shares": null,
            "book_valuer_per_share": null,
            "book_valuer_per_share_4q_avg": 0,
            "equity": null,
            "current_ratio": null,
            "debt_ratio": null,
            "inventory_turnover_ratio": null,
            "account_receivable_turnover_ratio": null,
            "reinvestment_rate": null,
            "research_to_sale_ratio": null,
            "price_fair": 0,
            "eps_avg_yearly": 0,
            "eps_latest_yearly": 0,
            "eps_growth_yearly": 0
        },
        "20021": {
            "year_quarter": 20021,
            "year": 2002,
            "quarter": 1,
            "eps": null,
            "eps_growth_year": null,
            "eps_4q": null,
            "eps_4q_growth_year": null,
            "roe": null,
            "roe_4q": 0,
            "gross_profit": null,
            "gross_margin": null,
            "gross_margin_4q_avg": 0,
            "net_income": null,
            "revenue": null,
            "common_shares": null,
            "book_valuer_per_share": null,
            "book_valuer_per_share_4q_avg": 0,
            "equity": null,
            "current_ratio": null,
            "debt_ratio": null,
            "inventory_turnover_ratio": null,
            "account_receivable_turnover_ratio": null,
            "reinvestment_rate": null,
            "research_to_sale_ratio": null,
            "price_fair": 0,
            "eps_avg_yearly": 0,
            "eps_latest_yearly": 0,
            "eps_growth_yearly": 0
        },
        "20022": {
            "year_quarter": 20022,
            "year": 2002,
            "quarter": 2,
            "eps": null,
            "eps_growth_year": null,
            "eps_4q": null,
            "eps_4q_growth_year": null,
            "roe": null,
            "roe_4q": 0,
            "gross_profit": null,
            "gross_margin": null,
            "gross_margin_4q_avg": 0,
            "net_income": null,
            "revenue": null,
            "common_shares": null,
            "book_valuer_per_share": null,
            "book_valuer_per_share_4q_avg": 0,
            "equity": null,
            "current_ratio": null,
            "debt_ratio": null,
            "inventory_turnover_ratio": null,
            "account_receivable_turnover_ratio": null,
            "reinvestment_rate": null,
            "research_to_sale_ratio": null,
            "price_fair": 0,
            "eps_avg_yearly": 0,
            "eps_latest_yearly": 0,
            "eps_growth_yearly": 0
        },
        "20023": {
            "year_quarter": 20023,
            "year": 2002,
            "quarter": 3,
            "eps": null,
            "eps_growth_year": null,
            "eps_4q": null,
            "eps_4q_growth_year": null,
            "roe": null,
            "roe_4q": 0,
            "gross_profit": null,
            "gross_margin": null,
            "gross_margin_4q_avg": 0,
            "net_income": null,
            "revenue": null,
            "common_shares": null,
            "book_valuer_per_share": null,
            "book_valuer_per_share_4q_avg": 0,
            "equity": null,
            "current_ratio": null,
            "debt_ratio": null,
            "inventory_turnover_ratio": null,
            "account_receivable_turnover_ratio": null,
            "reinvestment_rate": null,
            "research_to_sale_ratio": null,
            "price_fair": 0,
            "eps_avg_yearly": 0,
            "eps_latest_yearly": 0,
            "eps_growth_yearly": 0
        },
        "20024": {
            "year_quarter": 20024,
            "year": 2002,
            "quarter": 4,
            "eps": null,
            "eps_growth_year": null,
            "eps_4q": null,
            "eps_4q_growth_year": null,
            "roe": null,
            "roe_4q": 0,
            "gross_profit": null,
            "gross_margin": null,
            "gross_margin_4q_avg": 0,
            "net_income": null,
            "revenue": null,
            "common_shares": null,
            "book_valuer_per_share": null,
            "book_valuer_per_share_4q_avg": 0,
            "equity": null,
            "current_ratio": null,
            "debt_ratio": null,
            "inventory_turnover_ratio": null,
            "account_receivable_turnover_ratio": null,
            "reinvestment_rate": null,
            "research_to_sale_ratio": null,
            "price_fair": 0,
            "eps_avg_yearly": 0,
            "eps_latest_yearly": 0,
            "eps_growth_yearly": 0
        },
        "20031": {
            "year_quarter": 20031,
            "year": 2003,
            "quarter": 1,
            "eps": null,
            "eps_growth_year": null,
            "eps_4q": null,
            "eps_4q_growth_year": null,
            "roe": null,
            "roe_4q": 0,
            "gross_profit": null,
            "gross_margin": null,
            "gross_margin_4q_avg": 0,
            "net_income": null,
            "revenue": null,
            "common_shares": null,
            "book_valuer_per_share": null,
            "book_valuer_per_share_4q_avg": 0,
            "equity": null,
            "current_ratio": null,
            "debt_ratio": null,
            "inventory_turnover_ratio": null,
            "account_receivable_turnover_ratio": null,
            "reinvestment_rate": null,
            "research_to_sale_ratio": null,
            "price_fair": 0,
            "eps_avg_yearly": 0,
            "eps_latest_yearly": 0,
            "eps_growth_yearly": 0
        },
        "20032": {
            "year_quarter": 20032,
            "year": 2003,
            "quarter": 2,
            "eps": null,
            "eps_growth_year": null,
            "eps_4q": null,
            "eps_4q_growth_year": null,
            "roe": null,
            "roe_4q": 0,
            "gross_profit": null,
            "gross_margin": null,
            "gross_margin_4q_avg": 0,
            "net_income": null,
            "revenue": null,
            "common_shares": null,
            "book_valuer_per_share": null,
            "book_valuer_per_share_4q_avg": 0,
            "equity": null,
            "current_ratio": null,
            "debt_ratio": null,
            "inventory_turnover_ratio": null,
            "account_receivable_turnover_ratio": null,
            "reinvestment_rate": null,
            "research_to_sale_ratio": null,
            "price_fair": 0,
            "eps_avg_yearly": 0,
            "eps_latest_yearly": 0,
            "eps_growth_yearly": 0
        },
        "20033": {
            "year_quarter": 20033,
            "year": 2003,
            "quarter": 3,
            "eps": null,
            "eps_growth_year": null,
            "eps_4q": null,
            "eps_4q_growth_year": null,
            "roe": null,
            "roe_4q": 0,
            "gross_profit": null,
            "gross_margin": null,
            "gross_margin_4q_avg": 0,
            "net_income": null,
            "revenue": null,
            "common_shares": null,
            "book_valuer_per_share": null,
            "book_valuer_per_share_4q_avg": 0,
            "equity": null,
            "current_ratio": null,
            "debt_ratio": null,
            "inventory_turnover_ratio": null,
            "account_receivable_turnover_ratio": null,
            "reinvestment_rate": null,
            "research_to_sale_ratio": null,
            "price_fair": 0,
            "eps_avg_yearly": 0,
            "eps_latest_yearly": 0,
            "eps_growth_yearly": 0
        },
        "20034": {
            "year_quarter": 20034,
            "year": 2003,
            "quarter": 4,
            "eps": null,
            "eps_growth_year": null,
            "eps_4q": null,
            "eps_4q_growth_year": null,
            "roe": null,
            "roe_4q": 0,
            "gross_profit": null,
            "gross_margin": null,
            "gross_margin_4q_avg": 0,
            "net_income": null,
            "revenue": null,
            "common_shares": null,
            "book_valuer_per_share": null,
            "book_valuer_per_share_4q_avg": 0,
            "equity": null,
            "current_ratio": null,
            "debt_ratio": null,
            "inventory_turnover_ratio": null,
            "account_receivable_turnover_ratio": null,
            "reinvestment_rate": null,
            "research_to_sale_ratio": null,
            "price_fair": 0,
            "eps_avg_yearly": 0,
            "eps_latest_yearly": 0,
            "eps_growth_yearly": 0
        },
        "20041": {
            "year_quarter": 20041,
            "year": 2004,
            "quarter": 1,
            "eps": null,
            "eps_growth_year": null,
            "eps_4q": null,
            "eps_4q_growth_year": null,
            "roe": null,
            "roe_4q": 0,
            "gross_profit": null,
            "gross_margin": null,
            "gross_margin_4q_avg": 0,
            "net_income": null,
            "revenue": null,
            "common_shares": null,
            "book_valuer_per_share": null,
            "book_valuer_per_share_4q_avg": 0,
            "equity": null,
            "current_ratio": null,
            "debt_ratio": null,
            "inventory_turnover_ratio": null,
            "account_receivable_turnover_ratio": null,
            "reinvestment_rate": null,
            "research_to_sale_ratio": null,
            "price_fair": 0,
            "eps_avg_yearly": 0,
            "eps_latest_yearly": 0,
            "eps_growth_yearly": 0
        },
        "20042": {
            "year_quarter": 20042,
            "year": 2004,
            "quarter": 2,
            "eps": null,
            "eps_growth_year": null,
            "eps_4q": null,
            "eps_4q_growth_year": null,
            "roe": null,
            "roe_4q": 0,
            "gross_profit": null,
            "gross_margin": null,
            "gross_margin_4q_avg": 0,
            "net_income": null,
            "revenue": null,
            "common_shares": null,
            "book_valuer_per_share": null,
            "book_valuer_per_share_4q_avg": 0,
            "equity": null,
            "current_ratio": null,
            "debt_ratio": null,
            "inventory_turnover_ratio": null,
            "account_receivable_turnover_ratio": null,
            "reinvestment_rate": null,
            "research_to_sale_ratio": null,
            "price_fair": 0,
            "eps_avg_yearly": 0,
            "eps_latest_yearly": 0,
            "eps_growth_yearly": 0
        },
        "20043": {
            "year_quarter": 20043,
            "year": 2004,
            "quarter": 3,
            "eps": null,
            "eps_growth_year": null,
            "eps_4q": null,
            "eps_4q_growth_year": null,
            "roe": null,
            "roe_4q": 0,
            "gross_profit": null,
            "gross_margin": null,
            "gross_margin_4q_avg": 0,
            "net_income": null,
            "revenue": null,
            "common_shares": null,
            "book_valuer_per_share": null,
            "book_valuer_per_share_4q_avg": 0,
            "equity": null,
            "current_ratio": null,
            "debt_ratio": null,
            "inventory_turnover_ratio": null,
            "account_receivable_turnover_ratio": null,
            "reinvestment_rate": null,
            "research_to_sale_ratio": null,
            "price_fair": 0,
            "eps_avg_yearly": 0,
            "eps_latest_yearly": 0,
            "eps_growth_yearly": 0
        },
        "20044": {
            "year_quarter": 20044,
            "year": 2004,
            "quarter": 4,
            "eps": null,
            "eps_growth_year": null,
            "eps_4q": null,
            "eps_4q_growth_year": null,
            "roe": null,
            "roe_4q": 0,
            "gross_profit": null,
            "gross_margin": null,
            "gross_margin_4q_avg": 0,
            "net_income": null,
            "revenue": null,
            "common_shares": null,
            "book_valuer_per_share": null,
            "book_valuer_per_share_4q_avg": 0,
            "equity": null,
            "current_ratio": null,
            "debt_ratio": null,
            "inventory_turnover_ratio": null,
            "account_receivable_turnover_ratio": null,
            "reinvestment_rate": null,
            "research_to_sale_ratio": null,
            "price_fair": 0,
            "eps_avg_yearly": 0,
            "eps_latest_yearly": 0,
            "eps_growth_yearly": 0
        },
        "20051": {
            "year_quarter": 20051,
            "year": 2005,
            "quarter": 1,
            "eps": null,
            "eps_growth_year": null,
            "eps_4q": null,
            "eps_4q_growth_year": null,
            "roe": null,
            "roe_4q": 0,
            "gross_profit": null,
            "gross_margin": null,
            "gross_margin_4q_avg": 0,
            "net_income": null,
            "revenue": null,
            "common_shares": null,
            "book_valuer_per_share": null,
            "book_valuer_per_share_4q_avg": 0,
            "equity": null,
            "current_ratio": null,
            "debt_ratio": null,
            "inventory_turnover_ratio": null,
            "account_receivable_turnover_ratio": null,
            "reinvestment_rate": null,
            "research_to_sale_ratio": null,
            "price_fair": 0,
            "eps_avg_yearly": 0,
            "eps_latest_yearly": 0,
            "eps_growth_yearly": 0
        },
        "20052": {
            "year_quarter": 20052,
            "year": 2005,
            "quarter": 2,
            "eps": null,
            "eps_growth_year": null,
            "eps_4q": null,
            "eps_4q_growth_year": null,
            "roe": null,
            "roe_4q": 0,
            "gross_profit": null,
            "gross_margin": null,
            "gross_margin_4q_avg": 0,
            "net_income": null,
            "revenue": null,
            "common_shares": null,
            "book_valuer_per_share": null,
            "book_valuer_per_share_4q_avg": 0,
            "equity": null,
            "current_ratio": null,
            "debt_ratio": null,
            "inventory_turnover_ratio": null,
            "account_receivable_turnover_ratio": null,
            "reinvestment_rate": null,
            "research_to_sale_ratio": null,
            "price_fair": 0,
            "eps_avg_yearly": 0,
            "eps_latest_yearly": 0,
            "eps_growth_yearly": 0
        },
        "20053": {
            "year_quarter": 20053,
            "year": 2005,
            "quarter": 3,
            "eps": null,
            "eps_growth_year": null,
            "eps_4q": null,
            "eps_4q_growth_year": null,
            "roe": null,
            "roe_4q": 0,
            "gross_profit": null,
            "gross_margin": null,
            "gross_margin_4q_avg": 0,
            "net_income": null,
            "revenue": null,
            "common_shares": null,
            "book_valuer_per_share": null,
            "book_valuer_per_share_4q_avg": 0,
            "equity": null,
            "current_ratio": null,
            "debt_ratio": null,
            "inventory_turnover_ratio": null,
            "account_receivable_turnover_ratio": null,
            "reinvestment_rate": null,
            "research_to_sale_ratio": null,
            "price_fair": 0,
            "eps_avg_yearly": 0,
            "eps_latest_yearly": 0,
            "eps_growth_yearly": 0
        },
        "20054": {
            "year_quarter": 20054,
            "year": 2005,
            "quarter": 4,
            "eps": null,
            "eps_growth_year": null,
            "eps_4q": null,
            "eps_4q_growth_year": null,
            "roe": null,
            "roe_4q": 0,
            "gross_profit": null,
            "gross_margin": null,
            "gross_margin_4q_avg": 0,
            "net_income": null,
            "revenue": null,
            "common_shares": null,
            "book_valuer_per_share": null,
            "book_valuer_per_share_4q_avg": 0,
            "equity": null,
            "current_ratio": null,
            "debt_ratio": null,
            "inventory_turnover_ratio": null,
            "account_receivable_turnover_ratio": null,
            "reinvestment_rate": null,
            "research_to_sale_ratio": null,
            "price_fair": 0,
            "eps_avg_yearly": 0,
            "eps_latest_yearly": 0,
            "eps_growth_yearly": 0
        },
        "20061": {
            "year_quarter": 20061,
            "year": 2006,
            "quarter": 1,
            "eps": null,
            "eps_growth_year": null,
            "eps_4q": null,
            "eps_4q_growth_year": null,
            "roe": null,
            "roe_4q": 0,
            "gross_profit": null,
            "gross_margin": null,
            "gross_margin_4q_avg": 0,
            "net_income": null,
            "revenue": null,
            "common_shares": null,
            "book_valuer_per_share": null,
            "book_valuer_per_share_4q_avg": 0,
            "equity": null,
            "current_ratio": null,
            "debt_ratio": null,
            "inventory_turnover_ratio": null,
            "account_receivable_turnover_ratio": null,
            "reinvestment_rate": null,
            "research_to_sale_ratio": null,
            "price_fair": 0,
            "eps_avg_yearly": 0,
            "eps_latest_yearly": 0,
            "eps_growth_yearly": 0
        },
        "20062": {
            "year_quarter": 20062,
            "year": 2006,
            "quarter": 2,
            "eps": null,
            "eps_growth_year": null,
            "eps_4q": null,
            "eps_4q_growth_year": null,
            "roe": null,
            "roe_4q": 0,
            "gross_profit": null,
            "gross_margin": null,
            "gross_margin_4q_avg": 0,
            "net_income": null,
            "revenue": null,
            "common_shares": null,
            "book_valuer_per_share": null,
            "book_valuer_per_share_4q_avg": 0,
            "equity": null,
            "current_ratio": null,
            "debt_ratio": null,
            "inventory_turnover_ratio": null,
            "account_receivable_turnover_ratio": null,
            "reinvestment_rate": null,
            "research_to_sale_ratio": null,
            "price_fair": 0,
            "eps_avg_yearly": 0,
            "eps_latest_yearly": 0,
            "eps_growth_yearly": 0
        },
        "20063": {
            "year_quarter": 20063,
            "year": 2006,
            "quarter": 3,
            "eps": null,
            "eps_growth_year": null,
            "eps_4q": null,
            "eps_4q_growth_year": null,
            "roe": null,
            "roe_4q": 0,
            "gross_profit": null,
            "gross_margin": null,
            "gross_margin_4q_avg": 0,
            "net_income": null,
            "revenue": null,
            "common_shares": null,
            "book_valuer_per_share": null,
            "book_valuer_per_share_4q_avg": 0,
            "equity": null,
            "current_ratio": null,
            "debt_ratio": null,
            "inventory_turnover_ratio": null,
            "account_receivable_turnover_ratio": null,
            "reinvestment_rate": null,
            "research_to_sale_ratio": null,
            "price_fair": 0,
            "eps_avg_yearly": 0,
            "eps_latest_yearly": 0,
            "eps_growth_yearly": 0
        },
        "20064": {
            "year_quarter": 20064,
            "year": 2006,
            "quarter": 4,
            "eps": null,
            "eps_growth_year": null,
            "eps_4q": null,
            "eps_4q_growth_year": null,
            "roe": null,
            "roe_4q": 0,
            "gross_profit": null,
            "gross_margin": null,
            "gross_margin_4q_avg": 0,
            "net_income": null,
            "revenue": null,
            "common_shares": null,
            "book_valuer_per_share": null,
            "book_valuer_per_share_4q_avg": 0,
            "equity": null,
            "current_ratio": null,
            "debt_ratio": null,
            "inventory_turnover_ratio": null,
            "account_receivable_turnover_ratio": null,
            "reinvestment_rate": null,
            "research_to_sale_ratio": null,
            "price_fair": 0,
            "eps_avg_yearly": 0,
            "eps_latest_yearly": 0,
            "eps_growth_yearly": 0
        },
        "20071": {
            "year_quarter": 20071,
            "year": 2007,
            "quarter": 1,
            "eps": null,
            "eps_growth_year": null,
            "eps_4q": null,
            "eps_4q_growth_year": null,
            "roe": null,
            "roe_4q": 0,
            "gross_profit": null,
            "gross_margin": null,
            "gross_margin_4q_avg": 0,
            "net_income": null,
            "revenue": null,
            "common_shares": null,
            "book_valuer_per_share": null,
            "book_valuer_per_share_4q_avg": 0,
            "equity": null,
            "current_ratio": null,
            "debt_ratio": null,
            "inventory_turnover_ratio": null,
            "account_receivable_turnover_ratio": null,
            "reinvestment_rate": null,
            "research_to_sale_ratio": null,
            "price_fair": 0,
            "eps_avg_yearly": 0,
            "eps_latest_yearly": 0,
            "eps_growth_yearly": 0
        },
        "20072": {
            "year_quarter": 20072,
            "year": 2007,
            "quarter": 2,
            "eps": null,
            "eps_growth_year": null,
            "eps_4q": null,
            "eps_4q_growth_year": null,
            "roe": null,
            "roe_4q": 0,
            "gross_profit": null,
            "gross_margin": null,
            "gross_margin_4q_avg": 0,
            "net_income": null,
            "revenue": null,
            "common_shares": null,
            "book_valuer_per_share": null,
            "book_valuer_per_share_4q_avg": 0,
            "equity": null,
            "current_ratio": null,
            "debt_ratio": null,
            "inventory_turnover_ratio": null,
            "account_receivable_turnover_ratio": null,
            "reinvestment_rate": null,
            "research_to_sale_ratio": null,
            "price_fair": 0,
            "eps_avg_yearly": 0,
            "eps_latest_yearly": 0,
            "eps_growth_yearly": 0
        },
        "20073": {
            "year_quarter": 20073,
            "year": 2007,
            "quarter": 3,
            "eps": null,
            "eps_growth_year": null,
            "eps_4q": null,
            "eps_4q_growth_year": null,
            "roe": null,
            "roe_4q": 0,
            "gross_profit": null,
            "gross_margin": null,
            "gross_margin_4q_avg": 0,
            "net_income": null,
            "revenue": null,
            "common_shares": null,
            "book_valuer_per_share": null,
            "book_valuer_per_share_4q_avg": 0,
            "equity": null,
            "current_ratio": null,
            "debt_ratio": null,
            "inventory_turnover_ratio": null,
            "account_receivable_turnover_ratio": null,
            "reinvestment_rate": null,
            "research_to_sale_ratio": null,
            "price_fair": 0,
            "eps_avg_yearly": 0,
            "eps_latest_yearly": 0,
            "eps_growth_yearly": 0
        },
        "20074": {
            "year_quarter": 20074,
            "year": 2007,
            "quarter": 4,
            "eps": null,
            "eps_growth_year": null,
            "eps_4q": null,
            "eps_4q_growth_year": null,
            "roe": null,
            "roe_4q": 0,
            "gross_profit": null,
            "gross_margin": null,
            "gross_margin_4q_avg": 0,
            "net_income": null,
            "revenue": null,
            "common_shares": null,
            "book_valuer_per_share": null,
            "book_valuer_per_share_4q_avg": 0,
            "equity": null,
            "current_ratio": null,
            "debt_ratio": null,
            "inventory_turnover_ratio": null,
            "account_receivable_turnover_ratio": null,
            "reinvestment_rate": null,
            "research_to_sale_ratio": null,
            "price_fair": 0,
            "eps_avg_yearly": 0,
            "eps_latest_yearly": 0,
            "eps_growth_yearly": 0
        },
        "20081": {
            "year_quarter": 20081,
            "year": 2008,
            "quarter": 1,
            "eps": null,
            "eps_growth_year": null,
            "eps_4q": null,
            "eps_4q_growth_year": null,
            "roe": null,
            "roe_4q": 0,
            "gross_profit": null,
            "gross_margin": null,
            "gross_margin_4q_avg": 0,
            "net_income": null,
            "revenue": null,
            "common_shares": null,
            "book_valuer_per_share": null,
            "book_valuer_per_share_4q_avg": 0,
            "equity": null,
            "current_ratio": null,
            "debt_ratio": null,
            "inventory_turnover_ratio": null,
            "account_receivable_turnover_ratio": null,
            "reinvestment_rate": null,
            "research_to_sale_ratio": null,
            "price_fair": 0,
            "eps_avg_yearly": 0,
            "eps_latest_yearly": 0,
            "eps_growth_yearly": 0
        },
        "20082": {
            "year_quarter": 20082,
            "year": 2008,
            "quarter": 2,
            "eps": null,
            "eps_growth_year": null,
            "eps_4q": null,
            "eps_4q_growth_year": null,
            "roe": null,
            "roe_4q": 0,
            "gross_profit": null,
            "gross_margin": null,
            "gross_margin_4q_avg": 0,
            "net_income": null,
            "revenue": null,
            "common_shares": null,
            "book_valuer_per_share": null,
            "book_valuer_per_share_4q_avg": 0,
            "equity": null,
            "current_ratio": null,
            "debt_ratio": null,
            "inventory_turnover_ratio": null,
            "account_receivable_turnover_ratio": null,
            "reinvestment_rate": null,
            "research_to_sale_ratio": null,
            "price_fair": 0,
            "eps_avg_yearly": 0,
            "eps_latest_yearly": 0,
            "eps_growth_yearly": 0
        },
        "20083": {
            "year_quarter": 20083,
            "year": 2008,
            "quarter": 3,
            "eps": null,
            "eps_growth_year": null,
            "eps_4q": null,
            "eps_4q_growth_year": null,
            "roe": null,
            "roe_4q": 0,
            "gross_profit": null,
            "gross_margin": null,
            "gross_margin_4q_avg": 0,
            "net_income": null,
            "revenue": null,
            "common_shares": null,
            "book_valuer_per_share": null,
            "book_valuer_per_share_4q_avg": 0,
            "equity": null,
            "current_ratio": null,
            "debt_ratio": null,
            "inventory_turnover_ratio": null,
            "account_receivable_turnover_ratio": null,
            "reinvestment_rate": null,
            "research_to_sale_ratio": null,
            "price_fair": 0,
            "eps_avg_yearly": 0,
            "eps_latest_yearly": 0,
            "eps_growth_yearly": 0
        },
        "20084": {
            "year_quarter": 20084,
            "year": 2008,
            "quarter": 4,
            "eps": null,
            "eps_growth_year": null,
            "eps_4q": null,
            "eps_4q_growth_year": null,
            "roe": null,
            "roe_4q": 0,
            "gross_profit": null,
            "gross_margin": null,
            "gross_margin_4q_avg": 0,
            "net_income": null,
            "revenue": null,
            "common_shares": null,
            "book_valuer_per_share": null,
            "book_valuer_per_share_4q_avg": 0,
            "equity": null,
            "current_ratio": null,
            "debt_ratio": null,
            "inventory_turnover_ratio": null,
            "account_receivable_turnover_ratio": null,
            "reinvestment_rate": null,
            "research_to_sale_ratio": null,
            "price_fair": 0,
            "eps_avg_yearly": 0,
            "eps_latest_yearly": 0,
            "eps_growth_yearly": 0
        },
        "20091": {
            "year_quarter": 20091,
            "year": 2009,
            "quarter": 1,
            "eps": null,
            "eps_growth_year": null,
            "eps_4q": null,
            "eps_4q_growth_year": null,
            "roe": null,
            "roe_4q": 0,
            "gross_profit": null,
            "gross_margin": null,
            "gross_margin_4q_avg": 0,
            "net_income": null,
            "revenue": null,
            "common_shares": null,
            "book_valuer_per_share": null,
            "book_valuer_per_share_4q_avg": 0,
            "equity": null,
            "current_ratio": null,
            "debt_ratio": null,
            "inventory_turnover_ratio": null,
            "account_receivable_turnover_ratio": null,
            "reinvestment_rate": null,
            "research_to_sale_ratio": null,
            "price_fair": 0,
            "eps_avg_yearly": 0,
            "eps_latest_yearly": 0,
            "eps_growth_yearly": 0
        },
        "20092": {
            "year_quarter": 20092,
            "year": 2009,
            "quarter": 2,
            "eps": null,
            "eps_growth_year": null,
            "eps_4q": null,
            "eps_4q_growth_year": null,
            "roe": null,
            "roe_4q": 0,
            "gross_profit": null,
            "gross_margin": null,
            "gross_margin_4q_avg": 0,
            "net_income": null,
            "revenue": null,
            "common_shares": null,
            "book_valuer_per_share": null,
            "book_valuer_per_share_4q_avg": 0,
            "equity": null,
            "current_ratio": null,
            "debt_ratio": null,
            "inventory_turnover_ratio": null,
            "account_receivable_turnover_ratio": null,
            "reinvestment_rate": null,
            "research_to_sale_ratio": null,
            "price_fair": 0,
            "eps_avg_yearly": 0,
            "eps_latest_yearly": 0,
            "eps_growth_yearly": 0
        },
        "20093": {
            "year_quarter": 20093,
            "year": 2009,
            "quarter": 3,
            "eps": null,
            "eps_growth_year": null,
            "eps_4q": null,
            "eps_4q_growth_year": null,
            "roe": null,
            "roe_4q": 0,
            "gross_profit": null,
            "gross_margin": null,
            "gross_margin_4q_avg": 0,
            "net_income": null,
            "revenue": null,
            "common_shares": null,
            "book_valuer_per_share": null,
            "book_valuer_per_share_4q_avg": 0,
            "equity": null,
            "current_ratio": null,
            "debt_ratio": null,
            "inventory_turnover_ratio": null,
            "account_receivable_turnover_ratio": null,
            "reinvestment_rate": null,
            "research_to_sale_ratio": null,
            "price_fair": 0,
            "eps_avg_yearly": 0,
            "eps_latest_yearly": 0,
            "eps_growth_yearly": 0
        },
        "20094": {
            "year_quarter": 20094,
            "year": 2009,
            "quarter": 4,
            "eps": null,
            "eps_growth_year": null,
            "eps_4q": null,
            "eps_4q_growth_year": null,
            "roe": null,
            "roe_4q": 0,
            "gross_profit": null,
            "gross_margin": null,
            "gross_margin_4q_avg": 0,
            "net_income": null,
            "revenue": null,
            "common_shares": null,
            "book_valuer_per_share": null,
            "book_valuer_per_share_4q_avg": 0,
            "equity": null,
            "current_ratio": null,
            "debt_ratio": null,
            "inventory_turnover_ratio": null,
            "account_receivable_turnover_ratio": null,
            "reinvestment_rate": null,
            "research_to_sale_ratio": null,
            "price_fair": 0,
            "eps_avg_yearly": 0,
            "eps_latest_yearly": 0,
            "eps_growth_yearly": 0
        },
        "20101": {
            "year_quarter": 20101,
            "year": 2010,
            "quarter": 1,
            "eps": null,
            "eps_growth_year": null,
            "eps_4q": null,
            "eps_4q_growth_year": null,
            "roe": null,
            "roe_4q": 0,
            "gross_profit": null,
            "gross_margin": null,
            "gross_margin_4q_avg": 0,
            "net_income": null,
            "revenue": null,
            "common_shares": null,
            "book_valuer_per_share": null,
            "book_valuer_per_share_4q_avg": 0,
            "equity": null,
            "current_ratio": null,
            "debt_ratio": null,
            "inventory_turnover_ratio": null,
            "account_receivable_turnover_ratio": null,
            "reinvestment_rate": null,
            "research_to_sale_ratio": null,
            "price_fair": 0,
            "eps_avg_yearly": 0,
            "eps_latest_yearly": 0,
            "eps_growth_yearly": 0
        },
        "20102": {
            "year_quarter": 20102,
            "year": 2010,
            "quarter": 2,
            "eps": null,
            "eps_growth_year": null,
            "eps_4q": null,
            "eps_4q_growth_year": null,
            "roe": null,
            "roe_4q": 0,
            "gross_profit": null,
            "gross_margin": null,
            "gross_margin_4q_avg": 0,
            "net_income": null,
            "revenue": null,
            "common_shares": null,
            "book_valuer_per_share": null,
            "book_valuer_per_share_4q_avg": 0,
            "equity": null,
            "current_ratio": null,
            "debt_ratio": null,
            "inventory_turnover_ratio": null,
            "account_receivable_turnover_ratio": null,
            "reinvestment_rate": null,
            "research_to_sale_ratio": null,
            "price_fair": 0,
            "eps_avg_yearly": 0,
            "eps_latest_yearly": 0,
            "eps_growth_yearly": 0
        },
        "20103": {
            "year_quarter": 20103,
            "year": 2010,
            "quarter": 3,
            "eps": null,
            "eps_growth_year": null,
            "eps_4q": null,
            "eps_4q_growth_year": null,
            "roe": null,
            "roe_4q": 0,
            "gross_profit": null,
            "gross_margin": null,
            "gross_margin_4q_avg": 0,
            "net_income": null,
            "revenue": null,
            "common_shares": null,
            "book_valuer_per_share": null,
            "book_valuer_per_share_4q_avg": 0,
            "equity": null,
            "current_ratio": null,
            "debt_ratio": null,
            "inventory_turnover_ratio": null,
            "account_receivable_turnover_ratio": null,
            "reinvestment_rate": null,
            "research_to_sale_ratio": null,
            "price_fair": 0,
            "eps_avg_yearly": 0,
            "eps_latest_yearly": 0,
            "eps_growth_yearly": 0
        },
        "20104": {
            "year_quarter": 20104,
            "year": 2010,
            "quarter": 4,
            "eps": null,
            "eps_growth_year": null,
            "eps_4q": null,
            "eps_4q_growth_year": null,
            "roe": null,
            "roe_4q": 0,
            "gross_profit": null,
            "gross_margin": null,
            "gross_margin_4q_avg": 0,
            "net_income": null,
            "revenue": null,
            "common_shares": null,
            "book_valuer_per_share": null,
            "book_valuer_per_share_4q_avg": 0,
            "equity": null,
            "current_ratio": null,
            "debt_ratio": null,
            "inventory_turnover_ratio": null,
            "account_receivable_turnover_ratio": null,
            "reinvestment_rate": null,
            "research_to_sale_ratio": null,
            "price_fair": 0,
            "eps_avg_yearly": 0,
            "eps_latest_yearly": 0,
            "eps_growth_yearly": 0
        },
        "20111": {
            "year_quarter": 20111,
            "year": 2011,
            "quarter": 1,
            "eps": null,
            "eps_growth_year": null,
            "eps_4q": null,
            "eps_4q_growth_year": null,
            "roe": null,
            "roe_4q": 0,
            "gross_profit": null,
            "gross_margin": null,
            "gross_margin_4q_avg": 0,
            "net_income": null,
            "revenue": null,
            "common_shares": null,
            "book_valuer_per_share": null,
            "book_valuer_per_share_4q_avg": 0,
            "equity": null,
            "current_ratio": null,
            "debt_ratio": null,
            "inventory_turnover_ratio": null,
            "account_receivable_turnover_ratio": null,
            "reinvestment_rate": null,
            "research_to_sale_ratio": null,
            "price_fair": 0,
            "eps_avg_yearly": 0,
            "eps_latest_yearly": 0,
            "eps_growth_yearly": 0
        },
        "20112": {
            "year_quarter": 20112,
            "year": 2011,
            "quarter": 2,
            "eps": null,
            "eps_growth_year": null,
            "eps_4q": null,
            "eps_4q_growth_year": null,
            "roe": null,
            "roe_4q": 0,
            "gross_profit": null,
            "gross_margin": null,
            "gross_margin_4q_avg": 0,
            "net_income": null,
            "revenue": null,
            "common_shares": null,
            "book_valuer_per_share": null,
            "book_valuer_per_share_4q_avg": 0,
            "equity": null,
            "current_ratio": null,
            "debt_ratio": null,
            "inventory_turnover_ratio": null,
            "account_receivable_turnover_ratio": null,
            "reinvestment_rate": null,
            "research_to_sale_ratio": null,
            "price_fair": 0,
            "eps_avg_yearly": 0,
            "eps_latest_yearly": 0,
            "eps_growth_yearly": 0
        },
        "20113": {
            "year_quarter": 20113,
            "year": 2011,
            "quarter": 3,
            "eps": null,
            "eps_growth_year": null,
            "eps_4q": null,
            "eps_4q_growth_year": null,
            "roe": null,
            "roe_4q": 0,
            "gross_profit": null,
            "gross_margin": null,
            "gross_margin_4q_avg": 0,
            "net_income": null,
            "revenue": null,
            "common_shares": null,
            "book_valuer_per_share": null,
            "book_valuer_per_share_4q_avg": 0,
            "equity": null,
            "current_ratio": null,
            "debt_ratio": null,
            "inventory_turnover_ratio": null,
            "account_receivable_turnover_ratio": null,
            "reinvestment_rate": null,
            "research_to_sale_ratio": null,
            "price_fair": 0,
            "eps_avg_yearly": 0,
            "eps_latest_yearly": 0,
            "eps_growth_yearly": 0
        },
        "20114": {
            "year_quarter": 20114,
            "year": 2011,
            "quarter": 4,
            "eps": null,
            "eps_growth_year": null,
            "eps_4q": null,
            "eps_4q_growth_year": null,
            "roe": null,
            "roe_4q": 0,
            "gross_profit": null,
            "gross_margin": null,
            "gross_margin_4q_avg": 0,
            "net_income": null,
            "revenue": null,
            "common_shares": null,
            "book_valuer_per_share": null,
            "book_valuer_per_share_4q_avg": 0,
            "equity": null,
            "current_ratio": null,
            "debt_ratio": null,
            "inventory_turnover_ratio": null,
            "account_receivable_turnover_ratio": null,
            "reinvestment_rate": null,
            "research_to_sale_ratio": null,
            "price_fair": 0,
            "eps_avg_yearly": 0,
            "eps_latest_yearly": 0,
            "eps_growth_yearly": 0
        },
        "20121": {
            "year_quarter": 20121,
            "year": 2012,
            "quarter": 1,
            "eps": null,
            "eps_growth_year": null,
            "eps_4q": null,
            "eps_4q_growth_year": null,
            "roe": null,
            "roe_4q": 0,
            "gross_profit": null,
            "gross_margin": null,
            "gross_margin_4q_avg": 0,
            "net_income": null,
            "revenue": null,
            "common_shares": null,
            "book_valuer_per_share": null,
            "book_valuer_per_share_4q_avg": 0,
            "equity": null,
            "current_ratio": null,
            "debt_ratio": null,
            "inventory_turnover_ratio": null,
            "account_receivable_turnover_ratio": null,
            "reinvestment_rate": null,
            "research_to_sale_ratio": null,
            "price_fair": 0,
            "eps_avg_yearly": 0,
            "eps_latest_yearly": 0,
            "eps_growth_yearly": 0
        },
        "20122": {
            "year_quarter": 20122,
            "year": 2012,
            "quarter": 2,
            "eps": null,
            "eps_growth_year": null,
            "eps_4q": null,
            "eps_4q_growth_year": null,
            "roe": null,
            "roe_4q": 0,
            "gross_profit": null,
            "gross_margin": null,
            "gross_margin_4q_avg": 0,
            "net_income": null,
            "revenue": null,
            "common_shares": null,
            "book_valuer_per_share": null,
            "book_valuer_per_share_4q_avg": 0,
            "equity": null,
            "current_ratio": null,
            "debt_ratio": null,
            "inventory_turnover_ratio": null,
            "account_receivable_turnover_ratio": null,
            "reinvestment_rate": null,
            "research_to_sale_ratio": null,
            "price_fair": 0,
            "eps_avg_yearly": 0,
            "eps_latest_yearly": 0,
            "eps_growth_yearly": 0
        },
        "20123": {
            "year_quarter": 20123,
            "year": 2012,
            "quarter": 3,
            "eps": null,
            "eps_growth_year": null,
            "eps_4q": null,
            "eps_4q_growth_year": null,
            "roe": null,
            "roe_4q": 0,
            "gross_profit": null,
            "gross_margin": null,
            "gross_margin_4q_avg": 0,
            "net_income": null,
            "revenue": null,
            "common_shares": null,
            "book_valuer_per_share": null,
            "book_valuer_per_share_4q_avg": 0,
            "equity": null,
            "current_ratio": null,
            "debt_ratio": null,
            "inventory_turnover_ratio": null,
            "account_receivable_turnover_ratio": null,
            "reinvestment_rate": null,
            "research_to_sale_ratio": null,
            "price_fair": 0,
            "eps_avg_yearly": 0,
            "eps_latest_yearly": 0,
            "eps_growth_yearly": 0
        },
        "20124": {
            "year_quarter": 20124,
            "year": 2012,
            "quarter": 4,
            "eps": null,
            "eps_growth_year": null,
            "eps_4q": null,
            "eps_4q_growth_year": null,
            "roe": null,
            "roe_4q": 0,
            "gross_profit": null,
            "gross_margin": null,
            "gross_margin_4q_avg": 0,
            "net_income": null,
            "revenue": null,
            "common_shares": 70362,
            "book_valuer_per_share": null,
            "book_valuer_per_share_4q_avg": 0,
            "equity": 176722,
            "current_ratio": null,
            "debt_ratio": null,
            "inventory_turnover_ratio": null,
            "account_receivable_turnover_ratio": null,
            "reinvestment_rate": null,
            "research_to_sale_ratio": null,
            "price_fair": 0,
            "eps_avg_yearly": 0,
            "eps_latest_yearly": 0,
            "eps_growth_yearly": 0
        },
        "20131": {
            "year_quarter": 20131,
            "year": 2013,
            "quarter": 1,
            "eps": null,
            "eps_growth_year": null,
            "eps_4q": null,
            "eps_4q_growth_year": null,
            "roe": null,
            "roe_4q": 0,
            "gross_profit": null,
            "gross_margin": null,
            "gross_margin_4q_avg": 0,
            "net_income": null,
            "revenue": null,
            "common_shares": null,
            "book_valuer_per_share": null,
            "book_valuer_per_share_4q_avg": 0,
            "equity": null,
            "current_ratio": null,
            "debt_ratio": null,
            "inventory_turnover_ratio": null,
            "account_receivable_turnover_ratio": null,
            "reinvestment_rate": null,
            "research_to_sale_ratio": null,
            "price_fair": 0,
            "eps_avg_yearly": 0,
            "eps_latest_yearly": 0,
            "eps_growth_yearly": 0
        },
        "20132": {
            "year_quarter": 20132,
            "year": 2013,
            "quarter": 2,
            "eps": null,
            "eps_growth_year": null,
            "eps_4q": null,
            "eps_4q_growth_year": null,
            "roe": null,
            "roe_4q": 0,
            "gross_profit": null,
            "gross_margin": null,
            "gross_margin_4q_avg": 0,
            "net_income": null,
            "revenue": null,
            "common_shares": null,
            "book_valuer_per_share": null,
            "book_valuer_per_share_4q_avg": 0,
            "equity": null,
            "current_ratio": null,
            "debt_ratio": null,
            "inventory_turnover_ratio": null,
            "account_receivable_turnover_ratio": null,
            "reinvestment_rate": null,
            "research_to_sale_ratio": null,
            "price_fair": 0,
            "eps_avg_yearly": 0,
            "eps_latest_yearly": 0,
            "eps_growth_yearly": 0
        },
        "20133": {
            "year_quarter": 20133,
            "year": 2013,
            "quarter": 3,
            "eps": null,
            "eps_growth_year": null,
            "eps_4q": null,
            "eps_4q_growth_year": null,
            "roe": null,
            "roe_4q": 0,
            "gross_profit": null,
            "gross_margin": null,
            "gross_margin_4q_avg": 0,
            "net_income": null,
            "revenue": null,
            "common_shares": null,
            "book_valuer_per_share": null,
            "book_valuer_per_share_4q_avg": 0,
            "equity": null,
            "current_ratio": null,
            "debt_ratio": null,
            "inventory_turnover_ratio": null,
            "account_receivable_turnover_ratio": null,
            "reinvestment_rate": null,
            "research_to_sale_ratio": null,
            "price_fair": 0,
            "eps_avg_yearly": 0,
            "eps_latest_yearly": 0,
            "eps_growth_yearly": 0
        },
        "20134": {
            "year_quarter": 20134,
            "year": 2013,
            "quarter": 4,
            "eps": null,
            "eps_growth_year": null,
            "eps_4q": null,
            "eps_4q_growth_year": null,
            "roe": null,
            "roe_4q": 0,
            "gross_profit": null,
            "gross_margin": null,
            "gross_margin_4q_avg": 0,
            "net_income": null,
            "revenue": null,
            "common_shares": 70362,
            "book_valuer_per_share": 26.67,
            "book_valuer_per_share_4q_avg": 6.67,
            "equity": 187674,
            "current_ratio": 90.26,
            "debt_ratio": 81.69,
            "inventory_turnover_ratio": null,
            "account_receivable_turnover_ratio": null,
            "reinvestment_rate": null,
            "research_to_sale_ratio": null,
            "price_fair": 0,
            "eps_avg_yearly": 0,
            "eps_latest_yearly": 0,
            "eps_growth_yearly": 0
        },
        "20141": {
            "year_quarter": 20141,
            "year": 2014,
            "quarter": 1,
            "eps": null,
            "eps_growth_year": null,
            "eps_4q": null,
            "eps_4q_growth_year": null,
            "roe": null,
            "roe_4q": 0,
            "gross_profit": 44223,
            "gross_margin": null,
            "gross_margin_4q_avg": 0,
            "net_income": 6391,
            "revenue": 372074,
            "common_shares": 1512,
            "book_valuer_per_share": null,
            "book_valuer_per_share_4q_avg": 6.67,
            "equity": 250061,
            "current_ratio": null,
            "debt_ratio": null,
            "inventory_turnover_ratio": null,
            "account_receivable_turnover_ratio": null,
            "reinvestment_rate": null,
            "research_to_sale_ratio": null,
            "price_fair": 0,
            "eps_avg_yearly": 0,
            "eps_latest_yearly": 0,
            "eps_growth_yearly": 0
        },
        "20142": {
            "year_quarter": 20142,
            "year": 2014,
            "quarter": 2,
            "eps": null,
            "eps_growth_year": null,
            "eps_4q": null,
            "eps_4q_growth_year": null,
            "roe": null,
            "roe_4q": 0,
            "gross_profit": null,
            "gross_margin": null,
            "gross_margin_4q_avg": 0,
            "net_income": null,
            "revenue": null,
            "common_shares": null,
            "book_valuer_per_share": null,
            "book_valuer_per_share_4q_avg": 6.67,
            "equity": null,
            "current_ratio": null,
            "debt_ratio": null,
            "inventory_turnover_ratio": null,
            "account_receivable_turnover_ratio": null,
            "reinvestment_rate": null,
            "research_to_sale_ratio": null,
            "price_fair": 0,
            "eps_avg_yearly": 0,
            "eps_latest_yearly": 0,
            "eps_growth_yearly": 0
        },
        "20143": {
            "year_quarter": 20143,
            "year": 2014,
            "quarter": 3,
            "eps": null,
            "eps_growth_year": null,
            "eps_4q": null,
            "eps_4q_growth_year": null,
            "roe": null,
            "roe_4q": 0,
            "gross_profit": 47860,
            "gross_margin": null,
            "gross_margin_4q_avg": 0,
            "net_income": 5445,
            "revenue": 371261,
            "common_shares": 224161,
            "book_valuer_per_share": null,
            "book_valuer_per_share_4q_avg": 6.67,
            "equity": 282907,
            "current_ratio": null,
            "debt_ratio": null,
            "inventory_turnover_ratio": null,
            "account_receivable_turnover_ratio": null,
            "reinvestment_rate": null,
            "research_to_sale_ratio": null,
            "price_fair": 0,
            "eps_avg_yearly": 0,
            "eps_latest_yearly": 0,
            "eps_growth_yearly": 0
        },
        "20144": {
            "year_quarter": 20144,
            "year": 2014,
            "quarter": 4,
            "eps": null,
            "eps_growth_year": null,
            "eps_4q": null,
            "eps_4q_growth_year": null,
            "roe": null,
            "roe_4q": 0,
            "gross_profit": 45795,
            "gross_margin": null,
            "gross_margin_4q_avg": 0,
            "net_income": 23195,
            "revenue": 372041,
            "common_shares": 224161,
            "book_valuer_per_share": 12.88,
            "book_valuer_per_share_4q_avg": 3.22,
            "equity": 288638,
            "current_ratio": 137.51,
            "debt_ratio": 67.34,
            "inventory_turnover_ratio": null,
            "account_receivable_turnover_ratio": null,
            "reinvestment_rate": null,
            "research_to_sale_ratio": null,
            "price_fair": 0,
            "eps_avg_yearly": 0,
            "eps_latest_yearly": 0,
            "eps_growth_yearly": 0
        },
        "20151": {
            "year_quarter": 20151,
            "year": 2015,
            "quarter": 1,
            "eps": 0.54,
            "eps_growth_year": null,
            "eps_4q": null,
            "eps_4q_growth_year": null,
            "roe": 4.12,
            "roe_4q": 4.12,
            "gross_profit": 51910,
            "gross_margin": 13.79,
            "gross_margin_4q_avg": 3.45,
            "net_income": 12119,
            "revenue": 376557,
            "common_shares": 224161,
            "book_valuer_per_share": 13.35,
            "book_valuer_per_share_4q_avg": 6.56,
            "equity": 299280,
            "current_ratio": 139.77,
            "debt_ratio": 66.27,
            "inventory_turnover_ratio": 4.27,
            "account_receivable_turnover_ratio": 0.89,
            "reinvestment_rate": null,
            "research_to_sale_ratio": null,
            "price_fair": 0,
            "eps_avg_yearly": 0,
            "eps_latest_yearly": 0,
            "eps_growth_yearly": 0
        },
        "20152": {
            "year_quarter": 20152,
            "year": 2015,
            "quarter": 2,
            "eps": null,
            "eps_growth_year": null,
            "eps_4q": null,
            "eps_4q_growth_year": null,
            "roe": null,
            "roe_4q": 4.12,
            "gross_profit": 48105,
            "gross_margin": null,
            "gross_margin_4q_avg": 3.45,
            "net_income": 8107,
            "revenue": 405983,
            "common_shares": 224161,
            "book_valuer_per_share": 13.3,
            "book_valuer_per_share_4q_avg": 9.88,
            "equity": 298152,
            "current_ratio": 136.63,
            "debt_ratio": 67.49,
            "inventory_turnover_ratio": null,
            "account_receivable_turnover_ratio": null,
            "reinvestment_rate": null,
            "research_to_sale_ratio": null,
            "price_fair": 0,
            "eps_avg_yearly": 0,
            "eps_latest_yearly": 0,
            "eps_growth_yearly": 0
        },
        "20153": {
            "year_quarter": 20153,
            "year": 2015,
            "quarter": 3,
            "eps": 0.35,
            "eps_growth_year": null,
            "eps_4q": 0.89,
            "eps_4q_growth_year": null,
            "roe": 2.56,
            "roe_4q": 6.68,
            "gross_profit": 46656,
            "gross_margin": 10.42,
            "gross_margin_4q_avg": 6.05,
            "net_income": 7938,
            "revenue": 447567,
            "common_shares": 224161,
            "book_valuer_per_share": 14.37,
            "book_valuer_per_share_4q_avg": 13.48,
            "equity": 322197,
            "current_ratio": 137.73,
            "debt_ratio": 67.11,
            "inventory_turnover_ratio": 5.33,
            "account_receivable_turnover_ratio": 1.66,
            "reinvestment_rate": null,
            "research_to_sale_ratio": null,
            "price_fair": 0,
            "eps_avg_yearly": 0,
            "eps_latest_yearly": 0,
            "eps_growth_yearly": 0
        },
        "20154": {
            "year_quarter": 20154,
            "year": 2015,
            "quarter": 4,
            "eps": 0.1,
            "eps_growth_year": null,
            "eps_4q": 0.99,
            "eps_4q_growth_year": null,
            "roe": 0.67,
            "roe_4q": 7.35,
            "gross_profit": 47817,
            "gross_margin": 10.57,
            "gross_margin_4q_avg": 8.7,
            "net_income": 2164,
            "revenue": 452324,
            "common_shares": 224161,
            "book_valuer_per_share": 14.39,
            "book_valuer_per_share_4q_avg": 13.85,
            "equity": 322579,
            "current_ratio": 135.41,
            "debt_ratio": 68.05,
            "inventory_turnover_ratio": 8.34,
            "account_receivable_turnover_ratio": 0.82,
            "reinvestment_rate": null,
            "research_to_sale_ratio": null,
            "price_fair": 1.2,
            "eps_avg_yearly": 0.4,
            "eps_latest_yearly": 0.4,
            "eps_growth_yearly": -285.71
        },
        "20161": {
            "year_quarter": 20161,
            "year": 2016,
            "quarter": 1,
            "eps": 0.73,
            "eps_growth_year": 35.19,
            "eps_4q": 1.13,
            "eps_4q_growth_year": null,
            "roe": 5.21,
            "roe_4q": 8.44,
            "gross_profit": 70217,
            "gross_margin": 13.1,
            "gross_margin_4q_avg": 8.52,
            "net_income": 18284,
            "revenue": 536055,
            "common_shares": 252191,
            "book_valuer_per_share": 15.04,
            "book_valuer_per_share_4q_avg": 14.28,
            "equity": 379380,
            "current_ratio": 123.91,
            "debt_ratio": 66.38,
            "inventory_turnover_ratio": 8.45,
            "account_receivable_turnover_ratio": 0.88,
            "reinvestment_rate": null,
            "research_to_sale_ratio": null,
            "price_fair": 58.1,
            "eps_avg_yearly": 1.66,
            "eps_latest_yearly": 2.92,
            "eps_growth_yearly": 1117.14
        },
        "20162": {
            "year_quarter": 20162,
            "year": 2016,
            "quarter": 2,
            "eps": 0.4,
            "eps_growth_year": null,
            "eps_4q": 1.52,
            "eps_4q_growth_year": null,
            "roe": 2.5,
            "roe_4q": 10.940000000000001,
            "gross_profit": 55898,
            "gross_margin": 12.66,
            "gross_margin_4q_avg": 11.69,
            "net_income": 9976,
            "revenue": 441551,
            "common_shares": 252191,
            "book_valuer_per_share": 16.66,
            "book_valuer_per_share_4q_avg": 15.12,
            "equity": 420272,
            "current_ratio": 127.34,
            "debt_ratio": 63.96,
            "inventory_turnover_ratio": 6.93,
            "account_receivable_turnover_ratio": 0.69,
            "reinvestment_rate": null,
            "research_to_sale_ratio": null,
            "price_fair": 57.4,
            "eps_avg_yearly": 1.64,
            "eps_latest_yearly": 1.6,
            "eps_growth_yearly": 684.49
        },
        "20163": {
            "year_quarter": 20163,
            "year": 2016,
            "quarter": 3,
            "eps": 0.59,
            "eps_growth_year": 68.57,
            "eps_4q": 1.79,
            "eps_4q_growth_year": 100.41,
            "roe": 3.47,
            "roe_4q": 11.85,
            "gross_profit": 61175,
            "gross_margin": 12.16,
            "gross_margin_4q_avg": 12.12,
            "net_income": 14799,
            "revenue": 502933,
            "common_shares": 252191,
            "book_valuer_per_share": 17.2,
            "book_valuer_per_share_4q_avg": 15.82,
            "equity": 433794,
            "current_ratio": 129.18,
            "debt_ratio": 63.03,
            "inventory_turnover_ratio": 7.66,
            "account_receivable_turnover_ratio": 0.78,
            "reinvestment_rate": null,
            "research_to_sale_ratio": null,
            "price_fair": 63.7,
            "eps_avg_yearly": 1.82,
            "eps_latest_yearly": 2.36,
            "eps_growth_yearly": 560.87
        },
        "20164": {
            "year_quarter": 20164,
            "year": 2016,
            "quarter": 4,
            "eps": 0.24,
            "eps_growth_year": 150.66,
            "eps_4q": 1.95,
            "eps_4q_growth_year": 96.72,
            "roe": 1.46,
            "roe_4q": 12.64,
            "gross_profit": 55874,
            "gross_margin": 11.46,
            "gross_margin_4q_avg": 12.35,
            "net_income": 6100,
            "revenue": 487351,
            "common_shares": 252191,
            "book_valuer_per_share": 15.99,
            "book_valuer_per_share_4q_avg": 16.22,
            "equity": 403336,
            "current_ratio": 128.22,
            "debt_ratio": 63.63,
            "inventory_turnover_ratio": 8.25,
            "account_receivable_turnover_ratio": 0.74,
            "reinvestment_rate": null,
            "research_to_sale_ratio": null,
            "price_fair": 57.68,
            "eps_avg_yearly": 1.65,
            "eps_latest_yearly": 0.96,
            "eps_growth_yearly": 401.24
        },
        "20171": {
            "year_quarter": 20171,
            "year": 2017,
            "quarter": 1,
            "eps": 0.74,
            "eps_growth_year": 1.37,
            "eps_4q": 1.96,
            "eps_4q_growth_year": 74.39,
            "roe": 4.51,
            "roe_4q": 11.94,
            "gross_profit": 61385,
            "gross_margin": 12.59,
            "gross_margin_4q_avg": 12.22,
            "net_income": 18627,
            "revenue": 487456,
            "common_shares": 252191,
            "book_valuer_per_share": 16.73,
            "book_valuer_per_share_4q_avg": 16.65,
            "equity": 421920,
            "current_ratio": 147.28,
            "debt_ratio": 61.45,
            "inventory_turnover_ratio": 9.56,
            "account_receivable_turnover_ratio": 0.76,
            "reinvestment_rate": null,
            "research_to_sale_ratio": null,
            "price_fair": 65.33,
            "eps_avg_yearly": 1.87,
            "eps_latest_yearly": 2.96,
            "eps_growth_yearly": 473.25
        },
        "20172": {
            "year_quarter": 20172,
            "year": 2017,
            "quarter": 2,
            "eps": 0.49,
            "eps_growth_year": 22.5,
            "eps_4q": 2.05,
            "eps_4q_growth_year": 35,
            "roe": 2.85,
            "roe_4q": 12.290000000000001,
            "gross_profit": 49599,
            "gross_margin": 11.54,
            "gross_margin_4q_avg": 11.94,
            "net_income": 12261,
            "revenue": 429657,
            "common_shares": 252191,
            "book_valuer_per_share": 17.33,
            "book_valuer_per_share_4q_avg": 16.81,
            "equity": 437172,
            "current_ratio": 149.2,
            "debt_ratio": 60.2,
            "inventory_turnover_ratio": 9.09,
            "account_receivable_turnover_ratio": 0.7,
            "reinvestment_rate": null,
            "research_to_sale_ratio": null,
            "price_fair": 65.8,
            "eps_avg_yearly": 1.88,
            "eps_latest_yearly": 1.96,
            "eps_growth_yearly": 386.34
        },
        "20173": {
            "year_quarter": 20173,
            "year": 2017,
            "quarter": 3,
            "eps": 0.43,
            "eps_growth_year": -27.12,
            "eps_4q": 1.9,
            "eps_4q_growth_year": 5.84,
            "roe": 2.44,
            "roe_4q": 11.260000000000002,
            "gross_profit": 49142,
            "gross_margin": 12.64,
            "gross_margin_4q_avg": 12.06,
            "net_income": 10876,
            "revenue": 388875,
            "common_shares": 252191,
            "book_valuer_per_share": 17.99,
            "book_valuer_per_share_4q_avg": 17.01,
            "equity": 453807,
            "current_ratio": 154.14,
            "debt_ratio": 57.63,
            "inventory_turnover_ratio": 9.27,
            "account_receivable_turnover_ratio": 0.7,
            "reinvestment_rate": null,
            "research_to_sale_ratio": null,
            "price_fair": 65.1,
            "eps_avg_yearly": 1.86,
            "eps_latest_yearly": 1.72,
            "eps_growth_yearly": 331.92
        },
        "20174": {
            "year_quarter": 20174,
            "year": 2017,
            "quarter": 4,
            "eps": 0.15,
            "eps_growth_year": -36.46,
            "eps_4q": 1.81,
            "eps_4q_growth_year": -7.16,
            "roe": 0.86,
            "roe_4q": 10.66,
            "gross_profit": 50137,
            "gross_margin": 12.35,
            "gross_margin_4q_avg": 12.28,
            "net_income": 3876,
            "revenue": 405935,
            "common_shares": 252191,
            "book_valuer_per_share": 17.84,
            "book_valuer_per_share_4q_avg": 17.47,
            "equity": 449876,
            "current_ratio": 142.58,
            "debt_ratio": 62.59,
            "inventory_turnover_ratio": 10.55,
            "account_receivable_turnover_ratio": 0.78,
            "reinvestment_rate": null,
            "research_to_sale_ratio": null,
            "price_fair": 60.2,
            "eps_avg_yearly": 1.72,
            "eps_latest_yearly": 0.6,
            "eps_growth_yearly": 266.1
        },
        "20181": {
            "year_quarter": 20181,
            "year": 2018,
            "quarter": 1,
            "eps": 1.48,
            "eps_growth_year": 100,
            "eps_4q": 2.56,
            "eps_4q_growth_year": 30.17,
            "roe": 5.91,
            "roe_4q": 12.06,
            "gross_profit": 69764,
            "gross_margin": 11.88,
            "gross_margin_4q_avg": 12.1,
            "net_income": 35812,
            "revenue": 587330,
            "common_shares": 252191,
            "book_valuer_per_share": 19.65,
            "book_valuer_per_share_4q_avg": 18.2,
            "equity": 763047,
            "current_ratio": 112.19,
            "debt_ratio": 65.29,
            "inventory_turnover_ratio": 3.46,
            "account_receivable_turnover_ratio": 0.8,
            "reinvestment_rate": null,
            "research_to_sale_ratio": 0.18,
            "price_fair": 74.9,
            "eps_avg_yearly": 2.14,
            "eps_latest_yearly": 5.92,
            "eps_growth_yearly": 594.16
        },
        "20182": {
            "year_quarter": 20182,
            "year": 2018,
            "quarter": 2,
            "eps": 0.45,
            "eps_growth_year": -8.16,
            "eps_4q": 2.52,
            "eps_4q_growth_year": 22.52,
            "roe": 0.87,
            "roe_4q": 10.08,
            "gross_profit": 67904,
            "gross_margin": 11.09,
            "gross_margin_4q_avg": 11.99,
            "net_income": 6650,
            "revenue": 612234,
            "common_shares": 252191,
            "book_valuer_per_share": 20.01,
            "book_valuer_per_share_4q_avg": 18.87,
            "equity": 767409,
            "current_ratio": 112.43,
            "debt_ratio": 64.57,
            "inventory_turnover_ratio": 1.9,
            "account_receivable_turnover_ratio": 0.68,
            "reinvestment_rate": 316.46,
            "research_to_sale_ratio": 0.25,
            "price_fair": 73.82,
            "eps_avg_yearly": 2.11,
            "eps_latest_yearly": 1.8,
            "eps_growth_yearly": 514.84
        },
        "20183": {
            "year_quarter": 20183,
            "year": 2018,
            "quarter": 3,
            "eps": 0.81,
            "eps_growth_year": 88.37,
            "eps_4q": 2.9,
            "eps_4q_growth_year": 52.75,
            "roe": 1.85,
            "roe_4q": 9.49,
            "gross_profit": 76792,
            "gross_margin": 10.82,
            "gross_margin_4q_avg": 11.54,
            "net_income": 14176,
            "revenue": 709820,
            "common_shares": 252191,
            "book_valuer_per_share": 20.32,
            "book_valuer_per_share_4q_avg": 19.46,
            "equity": 768884,
            "current_ratio": 123.86,
            "debt_ratio": 64.05,
            "inventory_turnover_ratio": 2.1,
            "account_receivable_turnover_ratio": 0.8,
            "reinvestment_rate": 238.76,
            "research_to_sale_ratio": 0.21,
            "price_fair": 77.12,
            "eps_avg_yearly": 2.2,
            "eps_latest_yearly": 3.24,
            "eps_growth_yearly": 498.6
        },
        "20184": {
            "year_quarter": 20184,
            "year": 2018,
            "quarter": 4,
            "eps": -0.01,
            "eps_growth_year": -103.77,
            "eps_4q": 2.74,
            "eps_4q_growth_year": 51.38,
            "roe": -3.39,
            "roe_4q": 5.24,
            "gross_profit": 36737,
            "gross_margin": 5.17,
            "gross_margin_4q_avg": 9.74,
            "net_income": -25630,
            "revenue": 710496,
            "common_shares": 252191,
            "book_valuer_per_share": 20.22,
            "book_valuer_per_share_4q_avg": 20.05,
            "equity": 741554,
            "current_ratio": 151,
            "debt_ratio": 65.23,
            "inventory_turnover_ratio": 2.41,
            "account_receivable_turnover_ratio": 0.78,
            "reinvestment_rate": 212.46,
            "research_to_sale_ratio": 0.15,
            "price_fair": 77.12,
            "eps_avg_yearly": 2.2,
            "eps_latest_yearly": 3.24,
            "eps_growth_yearly": 498.6
        },
        "20191": {
            "year_quarter": 20191,
            "year": 2019,
            "quarter": 1,
            "eps": 1.39,
            "eps_growth_year": -6.08,
            "eps_4q": 2.64,
            "eps_4q_growth_year": 3.38,
            "roe": 3.77,
            "roe_4q": 3.1,
            "gross_profit": 98998,
            "gross_margin": 11.89,
            "gross_margin_4q_avg": 9.74,
            "net_income": 28522,
            "revenue": 832870,
            "common_shares": 252191,
            "book_valuer_per_share": 21.65,
            "book_valuer_per_share_4q_avg": 20.55,
            "equity": 771120,
            "current_ratio": 137.98,
            "debt_ratio": 65.62,
            "inventory_turnover_ratio": 3.36,
            "account_receivable_turnover_ratio": 0.84,
            "reinvestment_rate": 188.16,
            "research_to_sale_ratio": 0.12,
            "price_fair": 77.12,
            "eps_avg_yearly": 2.2,
            "eps_latest_yearly": 3.24,
            "eps_growth_yearly": 498.6
        },
        "20192": {
            "year_quarter": 20192,
            "year": 2019,
            "quarter": 2,
            "eps": 1.19,
            "eps_growth_year": 164.44,
            "eps_4q": 3.39,
            "eps_4q_growth_year": 34.56,
            "roe": 3.28,
            "roe_4q": 5.51,
            "gross_profit": 92726,
            "gross_margin": 11.71,
            "gross_margin_4q_avg": 9.9,
            "net_income": 25819,
            "revenue": 791694,
            "common_shares": 252191,
            "book_valuer_per_share": 23.15,
            "book_valuer_per_share_4q_avg": 21.34,
            "equity": 804786,
            "current_ratio": 137.83,
            "debt_ratio": 65.53,
            "inventory_turnover_ratio": 4.05,
            "account_receivable_turnover_ratio": 0.78,
            "reinvestment_rate": 210.21,
            "research_to_sale_ratio": 0.13,
            "price_fair": 84,
            "eps_avg_yearly": 2.4,
            "eps_latest_yearly": 4.76,
            "eps_growth_yearly": 455.82
        },
        "20193": {
            "year_quarter": 20193,
            "year": 2019,
            "quarter": 3,
            "eps": 0.32,
            "eps_growth_year": -60.49,
            "eps_4q": 2.89,
            "eps_4q_growth_year": -0.29,
            "roe": 0.17,
            "roe_4q": 3.8299999999999996,
            "gross_profit": 56904,
            "gross_margin": 10.64,
            "gross_margin_4q_avg": 9.85,
            "net_income": 1359,
            "revenue": 534721,
            "common_shares": 252191,
            "book_valuer_per_share": 23.5,
            "book_valuer_per_share_4q_avg": 22.13,
            "equity": 804015,
            "current_ratio": 144.76,
            "debt_ratio": 60.34,
            "inventory_turnover_ratio": 2.66,
            "account_receivable_turnover_ratio": 0.63,
            "reinvestment_rate": 170.44,
            "research_to_sale_ratio": 0.18,
            "price_fair": 81.2,
            "eps_avg_yearly": 2.32,
            "eps_latest_yearly": 1.28,
            "eps_growth_yearly": 402.37
        },
        "20194": {
            "year_quarter": 20194,
            "year": 2019,
            "quarter": 4,
            "eps": -0.34,
            "eps_growth_year": null,
            "eps_4q": 2.56,
            "eps_4q_growth_year": -6.56,
            "roe": -3.24,
            "roe_4q": 3.9799999999999995,
            "gross_profit": 49141,
            "gross_margin": 9.49,
            "gross_margin_4q_avg": 10.93,
            "net_income": -25403,
            "revenue": 517674,
            "common_shares": 252191,
            "book_valuer_per_share": 22.66,
            "book_valuer_per_share_4q_avg": 22.74,
            "equity": 765157,
            "current_ratio": 137.55,
            "debt_ratio": 60.53,
            "inventory_turnover_ratio": 3.03,
            "account_receivable_turnover_ratio": 0.71,
            "reinvestment_rate": 165.3,
            "research_to_sale_ratio": 0.17,
            "price_fair": 86.37,
            "eps_avg_yearly": 2.47,
            "eps_latest_yearly": 1.28,
            "eps_growth_yearly": 455.3
        },
        "20201": {
            "year_quarter": 20201,
            "year": 2020,
            "quarter": 1,
            "eps": 0.14,
            "eps_growth_year": -89.93,
            "eps_4q": 1.31,
            "eps_4q_growth_year": -50.24,
            "roe": -0.21,
            "roe_4q": -4.440892098500626e-16,
            "gross_profit": 47780,
            "gross_margin": 10.57,
            "gross_margin_4q_avg": 10.6,
            "net_income": -1581,
            "revenue": 452024,
            "common_shares": 252191,
            "book_valuer_per_share": 22.15,
            "book_valuer_per_share_4q_avg": 22.87,
            "equity": 736943,
            "current_ratio": 141.02,
            "debt_ratio": 59.73,
            "inventory_turnover_ratio": 3.53,
            "account_receivable_turnover_ratio": 0.68,
            "reinvestment_rate": 175.5,
            "research_to_sale_ratio": 0.12,
            "price_fair": 85.05,
            "eps_avg_yearly": 2.43,
            "eps_latest_yearly": 1.28,
            "eps_growth_yearly": 283.25
        },
        "20202": {
            "year_quarter": 20202,
            "year": 2020,
            "quarter": 2,
            "eps": 0.08,
            "eps_growth_year": -93.28,
            "eps_4q": 0.2,
            "eps_4q_growth_year": -94.13,
            "roe": -0.43,
            "roe_4q": -3.7100000000000004,
            "gross_profit": 37527,
            "gross_margin": 10.55,
            "gross_margin_4q_avg": 10.31,
            "net_income": -3124,
            "revenue": 355577,
            "common_shares": 252191,
            "book_valuer_per_share": 22.07,
            "book_valuer_per_share_4q_avg": 22.6,
            "equity": 730100,
            "current_ratio": 141.41,
            "debt_ratio": 58.2,
            "inventory_turnover_ratio": 3.08,
            "account_receivable_turnover_ratio": 0.64,
            "reinvestment_rate": 173.84,
            "research_to_sale_ratio": 0.15,
            "price_fair": 81.32,
            "eps_avg_yearly": 2.32,
            "eps_latest_yearly": 0.32,
            "eps_growth_yearly": 284.03
        },
        "20203": {
            "year_quarter": 20203,
            "year": 2020,
            "quarter": 3,
            "eps": -0.12,
            "eps_growth_year": -137.5,
            "eps_4q": -0.24,
            "eps_4q_growth_year": -108.24,
            "roe": -1.52,
            "roe_4q": -5.4,
            "gross_profit": 22067,
            "gross_margin": 7.63,
            "gross_margin_4q_avg": 9.56,
            "net_income": -11054,
            "revenue": 289058,
            "common_shares": 252191,
            "book_valuer_per_share": 22.07,
            "book_valuer_per_share_4q_avg": 22.24,
            "equity": 721855,
            "current_ratio": 145,
            "debt_ratio": 55.59,
            "inventory_turnover_ratio": 2.8,
            "account_receivable_turnover_ratio": 0.63,
            "reinvestment_rate": 186.15,
            "research_to_sale_ratio": 0.18,
            "price_fair": 81.2,
            "eps_avg_yearly": 2.32,
            "eps_latest_yearly": 0.32,
            "eps_growth_yearly": 292.58
        },
        "20204": {
            "year_quarter": 20204,
            "year": 2020,
            "quarter": 4,
            "eps": -0.16,
            "eps_growth_year": null,
            "eps_4q": -0.06,
            "eps_4q_growth_year": -102.31,
            "roe": -1.48,
            "roe_4q": -3.64,
            "gross_profit": 22280,
            "gross_margin": 7.56,
            "gross_margin_4q_avg": 9.08,
            "net_income": -10636,
            "revenue": 294824,
            "common_shares": 252191,
            "book_valuer_per_share": 21.97,
            "book_valuer_per_share_4q_avg": 22.07,
            "equity": 713479,
            "current_ratio": 129.24,
            "debt_ratio": 54.74,
            "inventory_turnover_ratio": 3.55,
            "account_receivable_turnover_ratio": 0.7,
            "reinvestment_rate": 196.39,
            "research_to_sale_ratio": 0.18,
            "price_fair": 85.96,
            "eps_avg_yearly": 2.46,
            "eps_latest_yearly": 0.32,
            "eps_growth_yearly": 345.56
        },
        "20211": {
            "year_quarter": 20211,
            "year": 2021,
            "quarter": 1,
            "eps": 0.07,
            "eps_growth_year": -50,
            "eps_4q": -0.13,
            "eps_4q_growth_year": -109.9,
            "roe": -0.21,
            "roe_4q": -3.64,
            "gross_profit": 34051,
            "gross_margin": 10.73,
            "gross_margin_4q_avg": 9.12,
            "net_income": -1459,
            "revenue": 317223,
            "common_shares": 252191,
            "book_valuer_per_share": 21.82,
            "book_valuer_per_share_4q_avg": 21.98,
            "equity": 693495,
            "current_ratio": 125.21,
            "debt_ratio": 52.85,
            "inventory_turnover_ratio": 4.68,
            "account_receivable_turnover_ratio": 0.76,
            "reinvestment_rate": 206.69,
            "research_to_sale_ratio": 0.16,
            "price_fair": 84,
            "eps_avg_yearly": 2.4,
            "eps_latest_yearly": 0.32,
            "eps_growth_yearly": 291.37
        },
        "20212": {
            "year_quarter": 20212,
            "year": 2021,
            "quarter": 2,
            "eps": 0.18,
            "eps_growth_year": 125,
            "eps_4q": -0.03,
            "eps_4q_growth_year": -113.85,
            "roe": 0.34,
            "roe_4q": -2.87,
            "gross_profit": 32554,
            "gross_margin": 10.49,
            "gross_margin_4q_avg": 9.1,
            "net_income": 2346,
            "revenue": 310372,
            "common_shares": 252191,
            "book_valuer_per_share": 21.75,
            "book_valuer_per_share_4q_avg": 21.9,
            "equity": 689495,
            "current_ratio": 146.15,
            "debt_ratio": 57.67,
            "inventory_turnover_ratio": 4.36,
            "account_receivable_turnover_ratio": 0.73,
            "reinvestment_rate": 209.6,
            "research_to_sale_ratio": 0.11,
            "price_fair": 79.18,
            "eps_avg_yearly": 2.26,
            "eps_latest_yearly": 0.72,
            "eps_growth_yearly": 376.22
        },
        "20213": {
            "year_quarter": 20213,
            "year": 2021,
            "quarter": 3,
            "eps": 0.39,
            "eps_growth_year": null,
            "eps_4q": 0.48,
            "eps_4q_growth_year": null,
            "roe": 1.14,
            "roe_4q": -0.20999999999999996,
            "gross_profit": 38815,
            "gross_margin": 11.08,
            "gross_margin_4q_avg": 9.97,
            "net_income": 7885,
            "revenue": 350389,
            "common_shares": 252191,
            "book_valuer_per_share": 21.92,
            "book_valuer_per_share_4q_avg": 21.87,
            "equity": 691981,
            "current_ratio": 147.55,
            "debt_ratio": 57.46,
            "inventory_turnover_ratio": 3.35,
            "account_receivable_turnover_ratio": 0.8,
            "reinvestment_rate": 201.23,
            "research_to_sale_ratio": 0.09,
            "price_fair": 78.56,
            "eps_avg_yearly": 2.24,
            "eps_latest_yearly": 1.56,
            "eps_growth_yearly": 433.52
        },
        "20214": {
            "year_quarter": 20214,
            "year": 2021,
            "quarter": 4,
            "eps": 0.36,
            "eps_growth_year": null,
            "eps_4q": 1,
            "eps_4q_growth_year": null,
            "roe": 0.74,
            "roe_4q": 2.01,
            "gross_profit": 42098,
            "gross_margin": 10.93,
            "gross_margin_4q_avg": 10.81,
            "net_income": 5082,
            "revenue": 385158,
            "common_shares": 252191,
            "book_valuer_per_share": 21.74,
            "book_valuer_per_share_4q_avg": 21.81,
            "equity": 683610,
            "current_ratio": 171.42,
            "debt_ratio": 58.28,
            "inventory_turnover_ratio": 2.92,
            "account_receivable_turnover_ratio": 0.83,
            "reinvestment_rate": 192.15,
            "research_to_sale_ratio": 0.08,
            "price_fair": 81.82,
            "eps_avg_yearly": 2.34,
            "eps_latest_yearly": 1.44,
            "eps_growth_yearly": 459.04
        },
        "20221": {
            "year_quarter": 20221,
            "year": 2022,
            "quarter": 1,
            "eps": 0.49,
            "eps_growth_year": 600,
            "eps_4q": 1.42,
            "eps_4q_growth_year": null,
            "roe": 1.24,
            "roe_4q": 3.46,
            "gross_profit": 47022,
            "gross_margin": 11.24,
            "gross_margin_4q_avg": 10.94,
            "net_income": 8481,
            "revenue": 418521,
            "common_shares": 252191,
            "book_valuer_per_share": 21.74,
            "book_valuer_per_share_4q_avg": 21.79,
            "equity": 679484,
            "current_ratio": 167.64,
            "debt_ratio": 57.89,
            "inventory_turnover_ratio": 3.32,
            "account_receivable_turnover_ratio": 0.83,
            "reinvestment_rate": -106.78,
            "research_to_sale_ratio": 0.08,
            "price_fair": 66.42,
            "eps_avg_yearly": 1.9,
            "eps_latest_yearly": 1.96,
            "eps_growth_yearly": 81.01
        },
        "20222": {
            "year_quarter": 20222,
            "year": 2022,
            "quarter": 2,
            "eps": 0.14,
            "eps_growth_year": -22.22,
            "eps_4q": 1.38,
            "eps_4q_growth_year": null,
            "roe": -0.21,
            "roe_4q": 2.91,
            "gross_profit": 30425,
            "gross_margin": 9.59,
            "gross_margin_4q_avg": 10.71,
            "net_income": -1369,
            "revenue": 317187,
            "common_shares": 252191,
            "book_valuer_per_share": 20.86,
            "book_valuer_per_share_4q_avg": 21.57,
            "equity": 652580,
            "current_ratio": 164.06,
            "debt_ratio": 57.59,
            "inventory_turnover_ratio": 2.47,
            "account_receivable_turnover_ratio": 0.66,
            "reinvestment_rate": -112.32,
            "research_to_sale_ratio": 0.05,
            "price_fair": 61.6,
            "eps_avg_yearly": 1.76,
            "eps_latest_yearly": 0.56,
            "eps_growth_yearly": 80.2
        },
        "20223": {
            "year_quarter": 20223,
            "year": 2022,
            "quarter": 3,
            "eps": 0,
            "eps_growth_year": -100,
            "eps_4q": 0.99,
            "eps_4q_growth_year": 105.65,
            "roe": -0.83,
            "roe_4q": 0.94,
            "gross_profit": 29183,
            "gross_margin": 8.28,
            "gross_margin_4q_avg": 10.01,
            "net_income": -5398,
            "revenue": 352598,
            "common_shares": 252191,
            "book_valuer_per_share": 21.12,
            "book_valuer_per_share_4q_avg": 21.37,
            "equity": 653701,
            "current_ratio": 163.1,
            "debt_ratio": 57.01,
            "inventory_turnover_ratio": 2.47,
            "account_receivable_turnover_ratio": 0.79,
            "reinvestment_rate": -129.8,
            "research_to_sale_ratio": 0.04,
            "price_fair": 55.13,
            "eps_avg_yearly": 1.58,
            "eps_latest_yearly": 0.56,
            "eps_growth_yearly": 50.22
        },
        "20224": {
            "year_quarter": 20224,
            "year": 2022,
            "quarter": 4,
            "eps": -0.21,
            "eps_growth_year": -158.14,
            "eps_4q": 0.42,
            "eps_4q_growth_year": -57.5,
            "roe": -1.91,
            "roe_4q": -1.7099999999999997,
            "gross_profit": 31210,
            "gross_margin": 8.55,
            "gross_margin_4q_avg": 9.42,
            "net_income": -12647,
            "revenue": 365109,
            "common_shares": 252191,
            "book_valuer_per_share": 21.91,
            "book_valuer_per_share_4q_avg": 21.41,
            "equity": 667332,
            "current_ratio": 161.33,
            "debt_ratio": 58.61,
            "inventory_turnover_ratio": 2.38,
            "account_receivable_turnover_ratio": 0.76,
            "reinvestment_rate": -114.09,
            "research_to_sale_ratio": 0.05,
            "price_fair": 55.13,
            "eps_avg_yearly": 1.58,
            "eps_latest_yearly": 0.56,
            "eps_growth_yearly": 50.22
        },
        "20231": {
            "year_quarter": 20231,
            "year": 2023,
            "quarter": 1,
            "eps": 0.13,
            "eps_growth_year": -73.47,
            "eps_4q": 0.06,
            "eps_4q_growth_year": -95.63,
            "roe": -0.31,
            "roe_4q": -3.26,
            "gross_profit": 38555,
            "gross_margin": 9.78,
            "gross_margin_4q_avg": 9.05,
            "net_income": -2062,
            "revenue": 394092,
            "common_shares": 252191,
            "book_valuer_per_share": 22.01,
            "book_valuer_per_share_4q_avg": 21.48,
            "equity": 664451,
            "current_ratio": 143.58,
            "debt_ratio": 58.17,
            "inventory_turnover_ratio": 2.41,
            "account_receivable_turnover_ratio": 0.77,
            "reinvestment_rate": -162.73,
            "research_to_sale_ratio": 0.04,
            "price_fair": 55.13,
            "eps_avg_yearly": 1.58,
            "eps_latest_yearly": 0.56,
            "eps_growth_yearly": 50.22
        }
    },
    "months": {
        "2016-01": {
            "month": "2016-01",
            "price": "13.83",
            "revenue": 158386
        },
        "2016-02": {
            "month": "2016-02",
            "price": "17.88",
            "revenue": 189746
        },
        "2016-03": {
            "month": "2016-03",
            "price": "30.90",
            "revenue": 187923
        },
        "2016-04": {
            "month": "2016-04",
            "price": "59.29",
            "revenue": 161765
        },
        "2016-05": {
            "month": "2016-05",
            "price": "52.75",
            "revenue": 124453
        },
        "2016-06": {
            "month": "2016-06",
            "price": "50.94",
            "revenue": 155897
        },
        "2016-07": {
            "month": "2016-07",
            "price": "40.17",
            "revenue": 142092
        },
        "2016-08": {
            "month": "2016-08",
            "price": "36.97",
            "revenue": 137810
        },
        "2016-09": {
            "month": "2016-09",
            "price": "36.29",
            "revenue": 223956
        },
        "2016-10": {
            "month": "2016-10",
            "price": "35.40",
            "revenue": 189686
        },
        "2016-11": {
            "month": "2016-11",
            "price": "33.93",
            "revenue": 165525
        },
        "2016-12": {
            "month": "2016-12",
            "price": "33.60",
            "revenue": 139032
        },
        "2017-01": {
            "month": "2017-01",
            "price": "31.84",
            "revenue": 148226
        },
        "2017-02": {
            "month": "2017-02",
            "price": "29.52",
            "revenue": 152452
        },
        "2017-03": {
            "month": "2017-03",
            "price": "28.36",
            "revenue": 187441
        },
        "2017-04": {
            "month": "2017-04",
            "price": "26.88",
            "revenue": 134532
        },
        "2017-05": {
            "month": "2017-05",
            "price": "26.97",
            "revenue": 144752
        },
        "2017-06": {
            "month": "2017-06",
            "price": "28.68",
            "revenue": 152189
        },
        "2017-07": {
            "month": "2017-07",
            "price": "26.32",
            "revenue": 152189
        },
        "2017-08": {
            "month": "2017-08",
            "price": "24.71",
            "revenue": 135464
        },
        "2017-09": {
            "month": "2017-09",
            "price": "24.97",
            "revenue": 133554
        },
        "2017-10": {
            "month": "2017-10",
            "price": "23.31",
            "revenue": 124460
        },
        "2017-11": {
            "month": "2017-11",
            "price": "22.60",
            "revenue": 128705
        },
        "2017-12": {
            "month": "2017-12",
            "price": "22.81",
            "revenue": 152884
        },
        "2018-01": {
            "month": "2018-01",
            "price": "24.84",
            "revenue": 138891
        },
        "2018-02": {
            "month": "2018-02",
            "price": "24.26",
            "revenue": 186621
        },
        "2018-03": {
            "month": "2018-03",
            "price": "27.07",
            "revenue": 263729
        },
        "2018-04": {
            "month": "2018-04",
            "price": "28.88",
            "revenue": 180299
        },
        "2018-05": {
            "month": "2018-05",
            "price": "29.74",
            "revenue": 173384
        },
        "2018-06": {
            "month": "2018-06",
            "price": "29.56",
            "revenue": 258947
        },
        "2018-07": {
            "month": "2018-07",
            "price": "28.37",
            "revenue": 263352
        },
        "2018-08": {
            "month": "2018-08",
            "price": "28.33",
            "revenue": 227143
        },
        "2018-09": {
            "month": "2018-09",
            "price": "24.64",
            "revenue": 217299
        },
        "2018-10": {
            "month": "2018-10",
            "price": "22.00",
            "revenue": 230338
        },
        "2018-11": {
            "month": "2018-11",
            "price": "22.86",
            "revenue": 207327
        },
        "2018-12": {
            "month": "2018-12",
            "price": "23.78",
            "revenue": 272867
        },
        "2019-01": {
            "month": "2019-01",
            "price": "25.11",
            "revenue": 246831
        },
        "2019-02": {
            "month": "2019-02",
            "price": "25.74",
            "revenue": 290365
        },
        "2019-03": {
            "month": "2019-03",
            "price": "31.65",
            "revenue": 297410
        },
        "2019-04": {
            "month": "2019-04",
            "price": "34.11",
            "revenue": 301118
        },
        "2019-05": {
            "month": "2019-05",
            "price": "40.89",
            "revenue": 259147
        },
        "2019-06": {
            "month": "2019-06",
            "price": "33.09",
            "revenue": 231423
        },
        "2019-07": {
            "month": "2019-07",
            "price": "34.04",
            "revenue": 195752
        },
        "2019-08": {
            "month": "2019-08",
            "price": "37.05",
            "revenue": 157514
        },
        "2019-09": {
            "month": "2019-09",
            "price": "35.68",
            "revenue": 185221
        },
        "2019-10": {
            "month": "2019-10",
            "price": "32.08",
            "revenue": 183347
        },
        "2019-11": {
            "month": "2019-11",
            "price": "30.73",
            "revenue": 190159
        },
        "2019-12": {
            "month": "2019-12",
            "price": "29.40",
            "revenue": 143982
        },
        "2020-01": {
            "month": "2020-01",
            "price": "28.53",
            "revenue": 136402
        },
        "2020-02": {
            "month": "2020-02",
            "price": "25.45",
            "revenue": 151085
        },
        "2020-03": {
            "month": "2020-03",
            "price": "20.05",
            "revenue": 161780
        },
        "2020-04": {
            "month": "2020-04",
            "price": "20.73",
            "revenue": 132164
        },
        "2020-05": {
            "month": "2020-05",
            "price": "20.16",
            "revenue": 104987
        },
        "2020-06": {
            "month": "2020-06",
            "price": "20.93",
            "revenue": 112929
        },
        "2020-07": {
            "month": "2020-07",
            "price": "20.49",
            "revenue": 99753
        },
        "2020-08": {
            "month": "2020-08",
            "price": "20.83",
            "revenue": 86134
        },
        "2020-09": {
            "month": "2020-09",
            "price": "19.99",
            "revenue": 112632
        },
        "2020-10": {
            "month": "2020-10",
            "price": "19.54",
            "revenue": 92659
        },
        "2020-11": {
            "month": "2020-11",
            "price": "19.38",
            "revenue": 95814
        },
        "2020-12": {
            "month": "2020-12",
            "price": "20.43",
            "revenue": 106770
        },
        "2021-01": {
            "month": "2021-01",
            "price": "19.39",
            "revenue": 83262
        },
        "2021-02": {
            "month": "2021-02",
            "price": "18.21",
            "revenue": 102722
        },
        "2021-03": {
            "month": "2021-03",
            "price": "18.81",
            "revenue": 131863
        },
        "2021-04": {
            "month": "2021-04",
            "price": "19.00",
            "revenue": 100539
        },
        "2021-05": {
            "month": "2021-05",
            "price": "17.77",
            "revenue": 108999
        },
        "2021-06": {
            "month": "2021-06",
            "price": "17.97",
            "revenue": 101084
        },
        "2021-07": {
            "month": "2021-07",
            "price": "18.10",
            "revenue": 117612
        },
        "2021-08": {
            "month": "2021-08",
            "price": "17.76",
            "revenue": 109270
        },
        "2021-09": {
            "month": "2021-09",
            "price": "18.05",
            "revenue": 123373
        },
        "2021-10": {
            "month": "2021-10",
            "price": "18.13",
            "revenue": 113865
        },
        "2021-11": {
            "month": "2021-11",
            "price": "18.67",
            "revenue": 132264
        },
        "2021-12": {
            "month": "2021-12",
            "price": "22.64",
            "revenue": 139237
        },
        "2022-01": {
            "month": "2022-01",
            "price": "27.03",
            "revenue": 121039
        },
        "2022-02": {
            "month": "2022-02",
            "price": "30.97",
            "revenue": 129616
        },
        "2022-03": {
            "month": "2022-03",
            "price": "29.27",
            "revenue": 167466
        },
        "2022-04": {
            "month": "2022-04",
            "price": "26.67",
            "revenue": 115479
        },
        "2022-05": {
            "month": "2022-05",
            "price": "28.96",
            "revenue": 93333
        },
        "2022-06": {
            "month": "2022-06",
            "price": "24.38",
            "revenue": 108375
        },
        "2022-07": {
            "month": "2022-07",
            "price": "19.76",
            "revenue": 102246
        },
        "2022-08": {
            "month": "2022-08",
            "price": "21.73",
            "revenue": 125033
        },
        "2022-09": {
            "month": "2022-09",
            "price": "22.12",
            "revenue": 125320
        },
        "2022-10": {
            "month": "2022-10",
            "price": "20.35",
            "revenue": 115409
        },
        "2022-11": {
            "month": "2022-11",
            "price": "20.10",
            "revenue": 120681
        },
        "2022-12": {
            "month": "2022-12",
            "price": "20.71",
            "revenue": 129019
        },
        "2023-01": {
            "month": "2023-01",
            "price": "21.84",
            "revenue": 118580
        },
        "2023-02": {
            "month": "2023-02",
            "price": "22.19",
            "revenue": 127383
        },
        "2023-03": {
            "month": "2023-03",
            "price": "22.28",
            "revenue": 150429
        },
        "2023-04": {
            "month": "2023-04",
            "price": "21.98",
            "revenue": 127621
        }
    }
}
