{
    "summary": {
        "stock_name": "潤泰材",
        "stock_id": "8463",
        "category": "其他",
        "main_business": "水泥產品製造及銷售<br>預拌式泥作材料等建築材料之開發,製造與銷售",
        "website_url": "http://www.rtm.com.tw",
        "ceo": "陳學賢",
        "pe_ratio": 32,
        "report_year_from": 2012,
        "report_year_to": 2023,
        "age": 12,
        "eps_negative_percentage": 11,
        "eps_growth_avg": {
            "last_all": -3.8,
            "last_2y": 0,
            "last_4y": 6.02,
            "last_8y": null,
            "last_12y": null,
            "last_16y": null,
            "last_20y": null,
            "at_2006_last_3y": null,
            "at_2007_last_3y": null,
            "at_2008_last_3y": null,
            "at_2009_last_3y": null,
            "at_2010_last_3y": null,
            "at_2011_last_3y": null,
            "at_2012_last_3y": null,
            "at_2013_last_3y": null,
            "at_2014_last_3y": null,
            "at_2015_last_3y": null,
            "at_2016_last_3y": null,
            "at_2017_last_3y": null,
            "at_2018_last_3y": null,
            "at_2019_last_3y": -18.52,
            "at_2020_last_3y": -5,
            "at_2021_last_3y": -23.5,
            "at_2022_last_3y": -25.31,
            "at_2023_last_3y": 15.82,
            "at_2024_last_3y": 15.82,
            "at_2006_last_all": null,
            "at_2007_last_all": null,
            "at_2008_last_all": null,
            "at_2009_last_all": null,
            "at_2010_last_all": null,
            "at_2011_last_all": null,
            "at_2012_last_all": null,
            "at_2013_last_all": null,
            "at_2014_last_all": null,
            "at_2015_last_all": null,
            "at_2016_last_all": null,
            "at_2017_last_all": -16.3,
            "at_2018_last_all": -16.9,
            "at_2019_last_all": -18.52,
            "at_2020_last_all": -5.32,
            "at_2021_last_all": -21.1,
            "at_2022_last_all": -21.1,
            "at_2023_last_all": -3.8,
            "at_2024_last_all": -3.8
        },
        "latest_eps": 0.79,
        "latest_price": 25.5,
        "latest_roe": 8.51,
        "latest_gross_margin": 11.75,
        "latest_equity": 2494194,
        "latest_revenue": 1398749,
        "latest_gross_profit": 164311,
        "latest_net_income": 73066,
        "latest_debt_ratio": 65.23,
        "latest_current_ratio": 115.16,
        "latest_account_receivable_turnover_ratio": 1.57,
        "latest_inventory_turnover_ratio": 1.71,
        "latest_reinvestment_rate": 382.05,
        "latest_research_to_sale_ratio": 0.88
    },
    "eps_dividends": {
        "2001": {
            "cash": 0,
            "stock": 0,
            "eps": 0
        },
        "2002": {
            "cash": 0,
            "stock": 0,
            "eps": 0
        },
        "2003": {
            "cash": 0,
            "stock": 0,
            "eps": 0
        },
        "2004": {
            "cash": 0,
            "stock": 0,
            "eps": 0
        },
        "2005": {
            "cash": 0,
            "stock": 0,
            "eps": 0
        },
        "2006": {
            "cash": 0,
            "stock": 0,
            "eps": 0
        },
        "2007": {
            "cash": 0,
            "stock": 0,
            "eps": 0
        },
        "2008": {
            "cash": 0,
            "stock": 0,
            "eps": 0
        },
        "2009": {
            "cash": 0,
            "stock": 0,
            "eps": 0
        },
        "2010": {
            "cash": 0,
            "stock": 0,
            "eps": 0
        },
        "2011": {
            "cash": 0,
            "stock": 0,
            "eps": 0
        },
        "2012": {
            "cash": 0,
            "stock": 0,
            "eps": 0
        },
        "2013": {
            "cash": 0,
            "stock": 0,
            "eps": 0
        },
        "2014": {
            "cash": 0,
            "stock": 0,
            "eps": 0
        },
        "2015": {
            "cash": 2.16,
            "stock": 0,
            "eps": 1.36
        },
        "2016": {
            "cash": 1,
            "stock": 0,
            "eps": 1.27
        },
        "2017": {
            "cash": 1.1,
            "stock": 0,
            "eps": 0.94
        },
        "2018": {
            "cash": 0.83,
            "stock": 0,
            "eps": 0.77
        },
        "2019": {
            "cash": 0.7,
            "stock": 0,
            "eps": 0.59
        },
        "2020": {
            "cash": 0.49,
            "stock": 0,
            "eps": 0.87
        },
        "2021": {
            "cash": 0.77,
            "stock": 0,
            "eps": -0.69
        },
        "2022": {
            "cash": 0,
            "stock": 0,
            "eps": 0.25
        },
        "2023": {
            "cash": 0.23,
            "stock": 0,
            "eps": 0.54
        }
    },
    "dividends": {
        "2015-06-25": {
            "cash": 2.16,
            "stock": 0
        },
        "2016-07-15": {
            "cash": 1,
            "stock": 0
        },
        "2017-07-19": {
            "cash": 1.1,
            "stock": 0
        },
        "2018-07-23": {
            "cash": 0.83,
            "stock": 0
        },
        "2019-07-16": {
            "cash": 0.7,
            "stock": 0
        },
        "2020-07-24": {
            "cash": 0.49,
            "stock": 0
        },
        "2021-07-28": {
            "cash": 0.77,
            "stock": 0
        },
        "2023-07-28": {
            "cash": 0.23,
            "stock": 0
        }
    },
    "prices": {
        "200101": "無",
        "200102": "無",
        "200103": "無",
        "200104": "無",
        "200105": "無",
        "200106": "無",
        "200107": "無",
        "200108": "無",
        "200109": "無",
        "200110": "無",
        "200111": "無",
        "200112": "無",
        "200201": "無",
        "200202": "無",
        "200203": "無",
        "200204": "無",
        "200205": "無",
        "200206": "無",
        "200207": "無",
        "200208": "無",
        "200209": "無",
        "200210": "無",
        "200211": "無",
        "200212": "無",
        "200301": "無",
        "200302": "無",
        "200303": "無",
        "200304": "無",
        "200305": "無",
        "200306": "無",
        "200307": "無",
        "200308": "無",
        "200309": "無",
        "200310": "無",
        "200311": "無",
        "200312": "無",
        "200401": "無",
        "200402": "無",
        "200403": "無",
        "200404": "無",
        "200405": "無",
        "200406": "無",
        "200407": "無",
        "200408": "無",
        "200409": "無",
        "200410": "無",
        "200411": "無",
        "200412": "無",
        "200501": "無",
        "200502": "無",
        "200503": "無",
        "200504": "無",
        "200505": "無",
        "200506": "無",
        "200507": "無",
        "200508": "無",
        "200509": "無",
        "200510": "無",
        "200511": "無",
        "200512": "無",
        "200601": "無",
        "200602": "無",
        "200603": "無",
        "200604": "無",
        "200605": "無",
        "200606": "無",
        "200607": "無",
        "200608": "無",
        "200609": "無",
        "200610": "無",
        "200611": "無",
        "200612": "無",
        "200701": "無",
        "200702": "無",
        "200703": "無",
        "200704": "無",
        "200705": "無",
        "200706": "無",
        "200707": "無",
        "200708": "無",
        "200709": "無",
        "200710": "無",
        "200711": "無",
        "200712": "無",
        "200801": "無",
        "200802": "無",
        "200803": "無",
        "200804": "無",
        "200805": "無",
        "200806": "無",
        "200807": "無",
        "200808": "無",
        "200809": "無",
        "200810": "無",
        "200811": "無",
        "200812": "無",
        "200901": "無",
        "200902": "無",
        "200903": "無",
        "200904": "無",
        "200905": "無",
        "200906": "無",
        "200907": "無",
        "200908": "無",
        "200909": "無",
        "200910": "無",
        "200911": "無",
        "200912": "無",
        "201001": "無",
        "201002": "無",
        "201003": "無",
        "201004": "無",
        "201005": "無",
        "201006": "無",
        "201007": "無",
        "201008": "無",
        "201009": "無",
        "201010": "無",
        "201011": "無",
        "201012": "無",
        "201101": "無",
        "201102": "無",
        "201103": "無",
        "201104": "無",
        "201105": "無",
        "201106": "無",
        "201107": "無",
        "201108": "無",
        "201109": "無",
        "201110": "無",
        "201111": "無",
        "201112": "無",
        "201201": "無",
        "201202": "無",
        "201203": "無",
        "201204": "無",
        "201205": "無",
        "201206": "無",
        "201207": "無",
        "201208": "無",
        "201209": "無",
        "201210": "無",
        "201211": "無",
        "201212": "無",
        "201301": "無",
        "201302": "無",
        "201303": "無",
        "201304": "無",
        "201305": "無",
        "201306": "無",
        "201307": "無",
        "201308": "無",
        "201309": "無",
        "201310": "無",
        "201311": "無",
        "201312": "無",
        "201401": "無",
        "201402": "無",
        "201403": "無",
        "201404": "無",
        "201405": "無",
        "201406": "無",
        "201407": "無",
        "201408": "無",
        "201409": "40.59",
        "201410": "38.53",
        "201411": "34.47",
        "201412": "33.52",
        "201501": "34.66",
        "201502": "35.73",
        "201503": "39.82",
        "201504": "48.01",
        "201505": "48.24",
        "201506": "48.01",
        "201507": "33.01",
        "201508": "25.18",
        "201509": "26.59",
        "201510": "25.98",
        "201511": "25.35",
        "201512": "25.50",
        "201601": "21.54",
        "201602": "21.79",
        "201603": "22.81",
        "201604": "20.87",
        "201605": "19.16",
        "201606": "18.88",
        "201607": "18.26",
        "201608": "17.61",
        "201609": "17.43",
        "201610": "16.86",
        "201611": "16.99",
        "201612": "17.81",
        "201701": "17.15",
        "201702": "18.09",
        "201703": "18.70",
        "201704": "19.60",
        "201705": "19.09",
        "201706": "19.24",
        "201707": "18.25",
        "201708": "17.39",
        "201709": "17.25",
        "201710": "17.15",
        "201711": "17.81",
        "201712": "17.40",
        "201801": "17.89",
        "201802": "17.35",
        "201803": "17.92",
        "201804": "19.99",
        "201805": "23.23",
        "201806": "30.60",
        "201807": "26.45",
        "201808": "27.22",
        "201809": "28.36",
        "201810": "29.78",
        "201811": "30.54",
        "201812": "27.12",
        "201901": "25.48",
        "201902": "26.57",
        "201903": "27.09",
        "201904": "26.30",
        "201905": "25.42",
        "201906": "25.07",
        "201907": "24.82",
        "201908": "25.08",
        "201909": "26.49",
        "201910": "39.39",
        "201911": "47.33",
        "201912": "44.15",
        "202001": "42.44",
        "202002": "40.82",
        "202003": "35.13",
        "202004": "33.15",
        "202005": "38.64",
        "202006": "38.84",
        "202007": "38.40",
        "202008": "37.23",
        "202009": "37.71",
        "202010": "36.71",
        "202011": "36.16",
        "202012": "37.04",
        "202101": "36.79",
        "202102": "35.44",
        "202103": "36.43",
        "202104": "37.96",
        "202105": "36.27",
        "202106": "37.25",
        "202107": "38.22",
        "202108": "36.63",
        "202109": "35.90",
        "202110": "33.78",
        "202111": "31.94",
        "202112": "30.65",
        "202201": "29.22",
        "202202": "29.12",
        "202203": "28.89",
        "202204": "28.88",
        "202205": "26.00",
        "202206": "21.53",
        "202207": "20.57",
        "202208": "20.28",
        "202209": "20.17",
        "202210": "18.98",
        "202211": "19.93",
        "202212": "23.87",
        "202301": "24.07",
        "202302": "24.08",
        "202303": "23.40",
        "202304": "24.49",
        "202305": "26.19",
        "202306": "27.44",
        "202307": "25.71",
        "202308": "24.23",
        "202309": "23.74",
        "202310": "23.33",
        "202311": "23.39",
        "202312": "24.52"
    },
    "quarters": {
        "20011": {
            "year_quarter": 20011,
            "year": 2001,
            "quarter": 1,
            "eps": null,
            "eps_growth_year": null,
            "eps_4q": null,
            "eps_4q_growth_year": null,
            "roe": null,
            "roe_4q": 0,
            "gross_profit": null,
            "gross_margin": null,
            "gross_margin_4q_avg": 0,
            "net_income": null,
            "net_income_4q": null,
            "revenue": null,
            "revenue_4q": null,
            "common_shares": null,
            "book_valuer_per_share": null,
            "book_valuer_per_share_4q_avg": 0,
            "equity": null,
            "current_ratio": null,
            "debt_ratio": null,
            "inventory_turnover_ratio": null,
            "account_receivable_turnover_ratio": null,
            "reinvestment_rate": null,
            "research_to_sale_ratio": null,
            "price_fair": 0,
            "eps_avg_yearly": 0,
            "eps_latest_yearly": 0,
            "eps_growth_yearly": 0
        },
        "20012": {
            "year_quarter": 20012,
            "year": 2001,
            "quarter": 2,
            "eps": null,
            "eps_growth_year": null,
            "eps_4q": null,
            "eps_4q_growth_year": null,
            "roe": null,
            "roe_4q": 0,
            "gross_profit": null,
            "gross_margin": null,
            "gross_margin_4q_avg": 0,
            "net_income": null,
            "net_income_4q": null,
            "revenue": null,
            "revenue_4q": null,
            "common_shares": null,
            "book_valuer_per_share": null,
            "book_valuer_per_share_4q_avg": 0,
            "equity": null,
            "current_ratio": null,
            "debt_ratio": null,
            "inventory_turnover_ratio": null,
            "account_receivable_turnover_ratio": null,
            "reinvestment_rate": null,
            "research_to_sale_ratio": null,
            "price_fair": 0,
            "eps_avg_yearly": 0,
            "eps_latest_yearly": 0,
            "eps_growth_yearly": 0
        },
        "20013": {
            "year_quarter": 20013,
            "year": 2001,
            "quarter": 3,
            "eps": null,
            "eps_growth_year": null,
            "eps_4q": null,
            "eps_4q_growth_year": null,
            "roe": null,
            "roe_4q": 0,
            "gross_profit": null,
            "gross_margin": null,
            "gross_margin_4q_avg": 0,
            "net_income": null,
            "net_income_4q": null,
            "revenue": null,
            "revenue_4q": null,
            "common_shares": null,
            "book_valuer_per_share": null,
            "book_valuer_per_share_4q_avg": 0,
            "equity": null,
            "current_ratio": null,
            "debt_ratio": null,
            "inventory_turnover_ratio": null,
            "account_receivable_turnover_ratio": null,
            "reinvestment_rate": null,
            "research_to_sale_ratio": null,
            "price_fair": 0,
            "eps_avg_yearly": 0,
            "eps_latest_yearly": 0,
            "eps_growth_yearly": 0
        },
        "20014": {
            "year_quarter": 20014,
            "year": 2001,
            "quarter": 4,
            "eps": null,
            "eps_growth_year": null,
            "eps_4q": null,
            "eps_4q_growth_year": null,
            "roe": null,
            "roe_4q": 0,
            "gross_profit": null,
            "gross_margin": null,
            "gross_margin_4q_avg": 0,
            "net_income": null,
            "net_income_4q": null,
            "revenue": null,
            "revenue_4q": null,
            "common_shares": null,
            "book_valuer_per_share": null,
            "book_valuer_per_share_4q_avg": 0,
            "equity": null,
            "current_ratio": null,
            "debt_ratio": null,
            "inventory_turnover_ratio": null,
            "account_receivable_turnover_ratio": null,
            "reinvestment_rate": null,
            "research_to_sale_ratio": null,
            "price_fair": 0,
            "eps_avg_yearly": 0,
            "eps_latest_yearly": 0,
            "eps_growth_yearly": 0
        },
        "20021": {
            "year_quarter": 20021,
            "year": 2002,
            "quarter": 1,
            "eps": null,
            "eps_growth_year": null,
            "eps_4q": null,
            "eps_4q_growth_year": null,
            "roe": null,
            "roe_4q": 0,
            "gross_profit": null,
            "gross_margin": null,
            "gross_margin_4q_avg": 0,
            "net_income": null,
            "net_income_4q": null,
            "revenue": null,
            "revenue_4q": null,
            "common_shares": null,
            "book_valuer_per_share": null,
            "book_valuer_per_share_4q_avg": 0,
            "equity": null,
            "current_ratio": null,
            "debt_ratio": null,
            "inventory_turnover_ratio": null,
            "account_receivable_turnover_ratio": null,
            "reinvestment_rate": null,
            "research_to_sale_ratio": null,
            "price_fair": 0,
            "eps_avg_yearly": 0,
            "eps_latest_yearly": 0,
            "eps_growth_yearly": 0
        },
        "20022": {
            "year_quarter": 20022,
            "year": 2002,
            "quarter": 2,
            "eps": null,
            "eps_growth_year": null,
            "eps_4q": null,
            "eps_4q_growth_year": null,
            "roe": null,
            "roe_4q": 0,
            "gross_profit": null,
            "gross_margin": null,
            "gross_margin_4q_avg": 0,
            "net_income": null,
            "net_income_4q": null,
            "revenue": null,
            "revenue_4q": null,
            "common_shares": null,
            "book_valuer_per_share": null,
            "book_valuer_per_share_4q_avg": 0,
            "equity": null,
            "current_ratio": null,
            "debt_ratio": null,
            "inventory_turnover_ratio": null,
            "account_receivable_turnover_ratio": null,
            "reinvestment_rate": null,
            "research_to_sale_ratio": null,
            "price_fair": 0,
            "eps_avg_yearly": 0,
            "eps_latest_yearly": 0,
            "eps_growth_yearly": 0
        },
        "20023": {
            "year_quarter": 20023,
            "year": 2002,
            "quarter": 3,
            "eps": null,
            "eps_growth_year": null,
            "eps_4q": null,
            "eps_4q_growth_year": null,
            "roe": null,
            "roe_4q": 0,
            "gross_profit": null,
            "gross_margin": null,
            "gross_margin_4q_avg": 0,
            "net_income": null,
            "net_income_4q": null,
            "revenue": null,
            "revenue_4q": null,
            "common_shares": null,
            "book_valuer_per_share": null,
            "book_valuer_per_share_4q_avg": 0,
            "equity": null,
            "current_ratio": null,
            "debt_ratio": null,
            "inventory_turnover_ratio": null,
            "account_receivable_turnover_ratio": null,
            "reinvestment_rate": null,
            "research_to_sale_ratio": null,
            "price_fair": 0,
            "eps_avg_yearly": 0,
            "eps_latest_yearly": 0,
            "eps_growth_yearly": 0
        },
        "20024": {
            "year_quarter": 20024,
            "year": 2002,
            "quarter": 4,
            "eps": null,
            "eps_growth_year": null,
            "eps_4q": null,
            "eps_4q_growth_year": null,
            "roe": null,
            "roe_4q": 0,
            "gross_profit": null,
            "gross_margin": null,
            "gross_margin_4q_avg": 0,
            "net_income": null,
            "net_income_4q": null,
            "revenue": null,
            "revenue_4q": null,
            "common_shares": null,
            "book_valuer_per_share": null,
            "book_valuer_per_share_4q_avg": 0,
            "equity": null,
            "current_ratio": null,
            "debt_ratio": null,
            "inventory_turnover_ratio": null,
            "account_receivable_turnover_ratio": null,
            "reinvestment_rate": null,
            "research_to_sale_ratio": null,
            "price_fair": 0,
            "eps_avg_yearly": 0,
            "eps_latest_yearly": 0,
            "eps_growth_yearly": 0
        },
        "20031": {
            "year_quarter": 20031,
            "year": 2003,
            "quarter": 1,
            "eps": null,
            "eps_growth_year": null,
            "eps_4q": null,
            "eps_4q_growth_year": null,
            "roe": null,
            "roe_4q": 0,
            "gross_profit": null,
            "gross_margin": null,
            "gross_margin_4q_avg": 0,
            "net_income": null,
            "net_income_4q": null,
            "revenue": null,
            "revenue_4q": null,
            "common_shares": null,
            "book_valuer_per_share": null,
            "book_valuer_per_share_4q_avg": 0,
            "equity": null,
            "current_ratio": null,
            "debt_ratio": null,
            "inventory_turnover_ratio": null,
            "account_receivable_turnover_ratio": null,
            "reinvestment_rate": null,
            "research_to_sale_ratio": null,
            "price_fair": 0,
            "eps_avg_yearly": 0,
            "eps_latest_yearly": 0,
            "eps_growth_yearly": 0
        },
        "20032": {
            "year_quarter": 20032,
            "year": 2003,
            "quarter": 2,
            "eps": null,
            "eps_growth_year": null,
            "eps_4q": null,
            "eps_4q_growth_year": null,
            "roe": null,
            "roe_4q": 0,
            "gross_profit": null,
            "gross_margin": null,
            "gross_margin_4q_avg": 0,
            "net_income": null,
            "net_income_4q": null,
            "revenue": null,
            "revenue_4q": null,
            "common_shares": null,
            "book_valuer_per_share": null,
            "book_valuer_per_share_4q_avg": 0,
            "equity": null,
            "current_ratio": null,
            "debt_ratio": null,
            "inventory_turnover_ratio": null,
            "account_receivable_turnover_ratio": null,
            "reinvestment_rate": null,
            "research_to_sale_ratio": null,
            "price_fair": 0,
            "eps_avg_yearly": 0,
            "eps_latest_yearly": 0,
            "eps_growth_yearly": 0
        },
        "20033": {
            "year_quarter": 20033,
            "year": 2003,
            "quarter": 3,
            "eps": null,
            "eps_growth_year": null,
            "eps_4q": null,
            "eps_4q_growth_year": null,
            "roe": null,
            "roe_4q": 0,
            "gross_profit": null,
            "gross_margin": null,
            "gross_margin_4q_avg": 0,
            "net_income": null,
            "net_income_4q": null,
            "revenue": null,
            "revenue_4q": null,
            "common_shares": null,
            "book_valuer_per_share": null,
            "book_valuer_per_share_4q_avg": 0,
            "equity": null,
            "current_ratio": null,
            "debt_ratio": null,
            "inventory_turnover_ratio": null,
            "account_receivable_turnover_ratio": null,
            "reinvestment_rate": null,
            "research_to_sale_ratio": null,
            "price_fair": 0,
            "eps_avg_yearly": 0,
            "eps_latest_yearly": 0,
            "eps_growth_yearly": 0
        },
        "20034": {
            "year_quarter": 20034,
            "year": 2003,
            "quarter": 4,
            "eps": null,
            "eps_growth_year": null,
            "eps_4q": null,
            "eps_4q_growth_year": null,
            "roe": null,
            "roe_4q": 0,
            "gross_profit": null,
            "gross_margin": null,
            "gross_margin_4q_avg": 0,
            "net_income": null,
            "net_income_4q": null,
            "revenue": null,
            "revenue_4q": null,
            "common_shares": null,
            "book_valuer_per_share": null,
            "book_valuer_per_share_4q_avg": 0,
            "equity": null,
            "current_ratio": null,
            "debt_ratio": null,
            "inventory_turnover_ratio": null,
            "account_receivable_turnover_ratio": null,
            "reinvestment_rate": null,
            "research_to_sale_ratio": null,
            "price_fair": 0,
            "eps_avg_yearly": 0,
            "eps_latest_yearly": 0,
            "eps_growth_yearly": 0
        },
        "20041": {
            "year_quarter": 20041,
            "year": 2004,
            "quarter": 1,
            "eps": null,
            "eps_growth_year": null,
            "eps_4q": null,
            "eps_4q_growth_year": null,
            "roe": null,
            "roe_4q": 0,
            "gross_profit": null,
            "gross_margin": null,
            "gross_margin_4q_avg": 0,
            "net_income": null,
            "net_income_4q": null,
            "revenue": null,
            "revenue_4q": null,
            "common_shares": null,
            "book_valuer_per_share": null,
            "book_valuer_per_share_4q_avg": 0,
            "equity": null,
            "current_ratio": null,
            "debt_ratio": null,
            "inventory_turnover_ratio": null,
            "account_receivable_turnover_ratio": null,
            "reinvestment_rate": null,
            "research_to_sale_ratio": null,
            "price_fair": 0,
            "eps_avg_yearly": 0,
            "eps_latest_yearly": 0,
            "eps_growth_yearly": 0
        },
        "20042": {
            "year_quarter": 20042,
            "year": 2004,
            "quarter": 2,
            "eps": null,
            "eps_growth_year": null,
            "eps_4q": null,
            "eps_4q_growth_year": null,
            "roe": null,
            "roe_4q": 0,
            "gross_profit": null,
            "gross_margin": null,
            "gross_margin_4q_avg": 0,
            "net_income": null,
            "net_income_4q": null,
            "revenue": null,
            "revenue_4q": null,
            "common_shares": null,
            "book_valuer_per_share": null,
            "book_valuer_per_share_4q_avg": 0,
            "equity": null,
            "current_ratio": null,
            "debt_ratio": null,
            "inventory_turnover_ratio": null,
            "account_receivable_turnover_ratio": null,
            "reinvestment_rate": null,
            "research_to_sale_ratio": null,
            "price_fair": 0,
            "eps_avg_yearly": 0,
            "eps_latest_yearly": 0,
            "eps_growth_yearly": 0
        },
        "20043": {
            "year_quarter": 20043,
            "year": 2004,
            "quarter": 3,
            "eps": null,
            "eps_growth_year": null,
            "eps_4q": null,
            "eps_4q_growth_year": null,
            "roe": null,
            "roe_4q": 0,
            "gross_profit": null,
            "gross_margin": null,
            "gross_margin_4q_avg": 0,
            "net_income": null,
            "net_income_4q": null,
            "revenue": null,
            "revenue_4q": null,
            "common_shares": null,
            "book_valuer_per_share": null,
            "book_valuer_per_share_4q_avg": 0,
            "equity": null,
            "current_ratio": null,
            "debt_ratio": null,
            "inventory_turnover_ratio": null,
            "account_receivable_turnover_ratio": null,
            "reinvestment_rate": null,
            "research_to_sale_ratio": null,
            "price_fair": 0,
            "eps_avg_yearly": 0,
            "eps_latest_yearly": 0,
            "eps_growth_yearly": 0
        },
        "20044": {
            "year_quarter": 20044,
            "year": 2004,
            "quarter": 4,
            "eps": null,
            "eps_growth_year": null,
            "eps_4q": null,
            "eps_4q_growth_year": null,
            "roe": null,
            "roe_4q": 0,
            "gross_profit": null,
            "gross_margin": null,
            "gross_margin_4q_avg": 0,
            "net_income": null,
            "net_income_4q": null,
            "revenue": null,
            "revenue_4q": null,
            "common_shares": null,
            "book_valuer_per_share": null,
            "book_valuer_per_share_4q_avg": 0,
            "equity": null,
            "current_ratio": null,
            "debt_ratio": null,
            "inventory_turnover_ratio": null,
            "account_receivable_turnover_ratio": null,
            "reinvestment_rate": null,
            "research_to_sale_ratio": null,
            "price_fair": 0,
            "eps_avg_yearly": 0,
            "eps_latest_yearly": 0,
            "eps_growth_yearly": 0
        },
        "20051": {
            "year_quarter": 20051,
            "year": 2005,
            "quarter": 1,
            "eps": null,
            "eps_growth_year": null,
            "eps_4q": null,
            "eps_4q_growth_year": null,
            "roe": null,
            "roe_4q": 0,
            "gross_profit": null,
            "gross_margin": null,
            "gross_margin_4q_avg": 0,
            "net_income": null,
            "net_income_4q": null,
            "revenue": null,
            "revenue_4q": null,
            "common_shares": null,
            "book_valuer_per_share": null,
            "book_valuer_per_share_4q_avg": 0,
            "equity": null,
            "current_ratio": null,
            "debt_ratio": null,
            "inventory_turnover_ratio": null,
            "account_receivable_turnover_ratio": null,
            "reinvestment_rate": null,
            "research_to_sale_ratio": null,
            "price_fair": 0,
            "eps_avg_yearly": 0,
            "eps_latest_yearly": 0,
            "eps_growth_yearly": 0
        },
        "20052": {
            "year_quarter": 20052,
            "year": 2005,
            "quarter": 2,
            "eps": null,
            "eps_growth_year": null,
            "eps_4q": null,
            "eps_4q_growth_year": null,
            "roe": null,
            "roe_4q": 0,
            "gross_profit": null,
            "gross_margin": null,
            "gross_margin_4q_avg": 0,
            "net_income": null,
            "net_income_4q": null,
            "revenue": null,
            "revenue_4q": null,
            "common_shares": null,
            "book_valuer_per_share": null,
            "book_valuer_per_share_4q_avg": 0,
            "equity": null,
            "current_ratio": null,
            "debt_ratio": null,
            "inventory_turnover_ratio": null,
            "account_receivable_turnover_ratio": null,
            "reinvestment_rate": null,
            "research_to_sale_ratio": null,
            "price_fair": 0,
            "eps_avg_yearly": 0,
            "eps_latest_yearly": 0,
            "eps_growth_yearly": 0
        },
        "20053": {
            "year_quarter": 20053,
            "year": 2005,
            "quarter": 3,
            "eps": null,
            "eps_growth_year": null,
            "eps_4q": null,
            "eps_4q_growth_year": null,
            "roe": null,
            "roe_4q": 0,
            "gross_profit": null,
            "gross_margin": null,
            "gross_margin_4q_avg": 0,
            "net_income": null,
            "net_income_4q": null,
            "revenue": null,
            "revenue_4q": null,
            "common_shares": null,
            "book_valuer_per_share": null,
            "book_valuer_per_share_4q_avg": 0,
            "equity": null,
            "current_ratio": null,
            "debt_ratio": null,
            "inventory_turnover_ratio": null,
            "account_receivable_turnover_ratio": null,
            "reinvestment_rate": null,
            "research_to_sale_ratio": null,
            "price_fair": 0,
            "eps_avg_yearly": 0,
            "eps_latest_yearly": 0,
            "eps_growth_yearly": 0
        },
        "20054": {
            "year_quarter": 20054,
            "year": 2005,
            "quarter": 4,
            "eps": null,
            "eps_growth_year": null,
            "eps_4q": null,
            "eps_4q_growth_year": null,
            "roe": null,
            "roe_4q": 0,
            "gross_profit": null,
            "gross_margin": null,
            "gross_margin_4q_avg": 0,
            "net_income": null,
            "net_income_4q": null,
            "revenue": null,
            "revenue_4q": null,
            "common_shares": null,
            "book_valuer_per_share": null,
            "book_valuer_per_share_4q_avg": 0,
            "equity": null,
            "current_ratio": null,
            "debt_ratio": null,
            "inventory_turnover_ratio": null,
            "account_receivable_turnover_ratio": null,
            "reinvestment_rate": null,
            "research_to_sale_ratio": null,
            "price_fair": 0,
            "eps_avg_yearly": 0,
            "eps_latest_yearly": 0,
            "eps_growth_yearly": 0
        },
        "20061": {
            "year_quarter": 20061,
            "year": 2006,
            "quarter": 1,
            "eps": null,
            "eps_growth_year": null,
            "eps_4q": null,
            "eps_4q_growth_year": null,
            "roe": null,
            "roe_4q": 0,
            "gross_profit": null,
            "gross_margin": null,
            "gross_margin_4q_avg": 0,
            "net_income": null,
            "net_income_4q": null,
            "revenue": null,
            "revenue_4q": null,
            "common_shares": null,
            "book_valuer_per_share": null,
            "book_valuer_per_share_4q_avg": 0,
            "equity": null,
            "current_ratio": null,
            "debt_ratio": null,
            "inventory_turnover_ratio": null,
            "account_receivable_turnover_ratio": null,
            "reinvestment_rate": null,
            "research_to_sale_ratio": null,
            "price_fair": 0,
            "eps_avg_yearly": 0,
            "eps_latest_yearly": 0,
            "eps_growth_yearly": 0
        },
        "20062": {
            "year_quarter": 20062,
            "year": 2006,
            "quarter": 2,
            "eps": null,
            "eps_growth_year": null,
            "eps_4q": null,
            "eps_4q_growth_year": null,
            "roe": null,
            "roe_4q": 0,
            "gross_profit": null,
            "gross_margin": null,
            "gross_margin_4q_avg": 0,
            "net_income": null,
            "net_income_4q": null,
            "revenue": null,
            "revenue_4q": null,
            "common_shares": null,
            "book_valuer_per_share": null,
            "book_valuer_per_share_4q_avg": 0,
            "equity": null,
            "current_ratio": null,
            "debt_ratio": null,
            "inventory_turnover_ratio": null,
            "account_receivable_turnover_ratio": null,
            "reinvestment_rate": null,
            "research_to_sale_ratio": null,
            "price_fair": 0,
            "eps_avg_yearly": 0,
            "eps_latest_yearly": 0,
            "eps_growth_yearly": 0
        },
        "20063": {
            "year_quarter": 20063,
            "year": 2006,
            "quarter": 3,
            "eps": null,
            "eps_growth_year": null,
            "eps_4q": null,
            "eps_4q_growth_year": null,
            "roe": null,
            "roe_4q": 0,
            "gross_profit": null,
            "gross_margin": null,
            "gross_margin_4q_avg": 0,
            "net_income": null,
            "net_income_4q": null,
            "revenue": null,
            "revenue_4q": null,
            "common_shares": null,
            "book_valuer_per_share": null,
            "book_valuer_per_share_4q_avg": 0,
            "equity": null,
            "current_ratio": null,
            "debt_ratio": null,
            "inventory_turnover_ratio": null,
            "account_receivable_turnover_ratio": null,
            "reinvestment_rate": null,
            "research_to_sale_ratio": null,
            "price_fair": 0,
            "eps_avg_yearly": 0,
            "eps_latest_yearly": 0,
            "eps_growth_yearly": 0
        },
        "20064": {
            "year_quarter": 20064,
            "year": 2006,
            "quarter": 4,
            "eps": null,
            "eps_growth_year": null,
            "eps_4q": null,
            "eps_4q_growth_year": null,
            "roe": null,
            "roe_4q": 0,
            "gross_profit": null,
            "gross_margin": null,
            "gross_margin_4q_avg": 0,
            "net_income": null,
            "net_income_4q": null,
            "revenue": null,
            "revenue_4q": null,
            "common_shares": null,
            "book_valuer_per_share": null,
            "book_valuer_per_share_4q_avg": 0,
            "equity": null,
            "current_ratio": null,
            "debt_ratio": null,
            "inventory_turnover_ratio": null,
            "account_receivable_turnover_ratio": null,
            "reinvestment_rate": null,
            "research_to_sale_ratio": null,
            "price_fair": 0,
            "eps_avg_yearly": 0,
            "eps_latest_yearly": 0,
            "eps_growth_yearly": 0
        },
        "20071": {
            "year_quarter": 20071,
            "year": 2007,
            "quarter": 1,
            "eps": null,
            "eps_growth_year": null,
            "eps_4q": null,
            "eps_4q_growth_year": null,
            "roe": null,
            "roe_4q": 0,
            "gross_profit": null,
            "gross_margin": null,
            "gross_margin_4q_avg": 0,
            "net_income": null,
            "net_income_4q": null,
            "revenue": null,
            "revenue_4q": null,
            "common_shares": null,
            "book_valuer_per_share": null,
            "book_valuer_per_share_4q_avg": 0,
            "equity": null,
            "current_ratio": null,
            "debt_ratio": null,
            "inventory_turnover_ratio": null,
            "account_receivable_turnover_ratio": null,
            "reinvestment_rate": null,
            "research_to_sale_ratio": null,
            "price_fair": 0,
            "eps_avg_yearly": 0,
            "eps_latest_yearly": 0,
            "eps_growth_yearly": 0
        },
        "20072": {
            "year_quarter": 20072,
            "year": 2007,
            "quarter": 2,
            "eps": null,
            "eps_growth_year": null,
            "eps_4q": null,
            "eps_4q_growth_year": null,
            "roe": null,
            "roe_4q": 0,
            "gross_profit": null,
            "gross_margin": null,
            "gross_margin_4q_avg": 0,
            "net_income": null,
            "net_income_4q": null,
            "revenue": null,
            "revenue_4q": null,
            "common_shares": null,
            "book_valuer_per_share": null,
            "book_valuer_per_share_4q_avg": 0,
            "equity": null,
            "current_ratio": null,
            "debt_ratio": null,
            "inventory_turnover_ratio": null,
            "account_receivable_turnover_ratio": null,
            "reinvestment_rate": null,
            "research_to_sale_ratio": null,
            "price_fair": 0,
            "eps_avg_yearly": 0,
            "eps_latest_yearly": 0,
            "eps_growth_yearly": 0
        },
        "20073": {
            "year_quarter": 20073,
            "year": 2007,
            "quarter": 3,
            "eps": null,
            "eps_growth_year": null,
            "eps_4q": null,
            "eps_4q_growth_year": null,
            "roe": null,
            "roe_4q": 0,
            "gross_profit": null,
            "gross_margin": null,
            "gross_margin_4q_avg": 0,
            "net_income": null,
            "net_income_4q": null,
            "revenue": null,
            "revenue_4q": null,
            "common_shares": null,
            "book_valuer_per_share": null,
            "book_valuer_per_share_4q_avg": 0,
            "equity": null,
            "current_ratio": null,
            "debt_ratio": null,
            "inventory_turnover_ratio": null,
            "account_receivable_turnover_ratio": null,
            "reinvestment_rate": null,
            "research_to_sale_ratio": null,
            "price_fair": 0,
            "eps_avg_yearly": 0,
            "eps_latest_yearly": 0,
            "eps_growth_yearly": 0
        },
        "20074": {
            "year_quarter": 20074,
            "year": 2007,
            "quarter": 4,
            "eps": null,
            "eps_growth_year": null,
            "eps_4q": null,
            "eps_4q_growth_year": null,
            "roe": null,
            "roe_4q": 0,
            "gross_profit": null,
            "gross_margin": null,
            "gross_margin_4q_avg": 0,
            "net_income": null,
            "net_income_4q": null,
            "revenue": null,
            "revenue_4q": null,
            "common_shares": null,
            "book_valuer_per_share": null,
            "book_valuer_per_share_4q_avg": 0,
            "equity": null,
            "current_ratio": null,
            "debt_ratio": null,
            "inventory_turnover_ratio": null,
            "account_receivable_turnover_ratio": null,
            "reinvestment_rate": null,
            "research_to_sale_ratio": null,
            "price_fair": 0,
            "eps_avg_yearly": 0,
            "eps_latest_yearly": 0,
            "eps_growth_yearly": 0
        },
        "20081": {
            "year_quarter": 20081,
            "year": 2008,
            "quarter": 1,
            "eps": null,
            "eps_growth_year": null,
            "eps_4q": null,
            "eps_4q_growth_year": null,
            "roe": null,
            "roe_4q": 0,
            "gross_profit": null,
            "gross_margin": null,
            "gross_margin_4q_avg": 0,
            "net_income": null,
            "net_income_4q": null,
            "revenue": null,
            "revenue_4q": null,
            "common_shares": null,
            "book_valuer_per_share": null,
            "book_valuer_per_share_4q_avg": 0,
            "equity": null,
            "current_ratio": null,
            "debt_ratio": null,
            "inventory_turnover_ratio": null,
            "account_receivable_turnover_ratio": null,
            "reinvestment_rate": null,
            "research_to_sale_ratio": null,
            "price_fair": 0,
            "eps_avg_yearly": 0,
            "eps_latest_yearly": 0,
            "eps_growth_yearly": 0
        },
        "20082": {
            "year_quarter": 20082,
            "year": 2008,
            "quarter": 2,
            "eps": null,
            "eps_growth_year": null,
            "eps_4q": null,
            "eps_4q_growth_year": null,
            "roe": null,
            "roe_4q": 0,
            "gross_profit": null,
            "gross_margin": null,
            "gross_margin_4q_avg": 0,
            "net_income": null,
            "net_income_4q": null,
            "revenue": null,
            "revenue_4q": null,
            "common_shares": null,
            "book_valuer_per_share": null,
            "book_valuer_per_share_4q_avg": 0,
            "equity": null,
            "current_ratio": null,
            "debt_ratio": null,
            "inventory_turnover_ratio": null,
            "account_receivable_turnover_ratio": null,
            "reinvestment_rate": null,
            "research_to_sale_ratio": null,
            "price_fair": 0,
            "eps_avg_yearly": 0,
            "eps_latest_yearly": 0,
            "eps_growth_yearly": 0
        },
        "20083": {
            "year_quarter": 20083,
            "year": 2008,
            "quarter": 3,
            "eps": null,
            "eps_growth_year": null,
            "eps_4q": null,
            "eps_4q_growth_year": null,
            "roe": null,
            "roe_4q": 0,
            "gross_profit": null,
            "gross_margin": null,
            "gross_margin_4q_avg": 0,
            "net_income": null,
            "net_income_4q": null,
            "revenue": null,
            "revenue_4q": null,
            "common_shares": null,
            "book_valuer_per_share": null,
            "book_valuer_per_share_4q_avg": 0,
            "equity": null,
            "current_ratio": null,
            "debt_ratio": null,
            "inventory_turnover_ratio": null,
            "account_receivable_turnover_ratio": null,
            "reinvestment_rate": null,
            "research_to_sale_ratio": null,
            "price_fair": 0,
            "eps_avg_yearly": 0,
            "eps_latest_yearly": 0,
            "eps_growth_yearly": 0
        },
        "20084": {
            "year_quarter": 20084,
            "year": 2008,
            "quarter": 4,
            "eps": null,
            "eps_growth_year": null,
            "eps_4q": null,
            "eps_4q_growth_year": null,
            "roe": null,
            "roe_4q": 0,
            "gross_profit": null,
            "gross_margin": null,
            "gross_margin_4q_avg": 0,
            "net_income": null,
            "net_income_4q": null,
            "revenue": null,
            "revenue_4q": null,
            "common_shares": null,
            "book_valuer_per_share": null,
            "book_valuer_per_share_4q_avg": 0,
            "equity": null,
            "current_ratio": null,
            "debt_ratio": null,
            "inventory_turnover_ratio": null,
            "account_receivable_turnover_ratio": null,
            "reinvestment_rate": null,
            "research_to_sale_ratio": null,
            "price_fair": 0,
            "eps_avg_yearly": 0,
            "eps_latest_yearly": 0,
            "eps_growth_yearly": 0
        },
        "20091": {
            "year_quarter": 20091,
            "year": 2009,
            "quarter": 1,
            "eps": null,
            "eps_growth_year": null,
            "eps_4q": null,
            "eps_4q_growth_year": null,
            "roe": null,
            "roe_4q": 0,
            "gross_profit": null,
            "gross_margin": null,
            "gross_margin_4q_avg": 0,
            "net_income": null,
            "net_income_4q": null,
            "revenue": null,
            "revenue_4q": null,
            "common_shares": null,
            "book_valuer_per_share": null,
            "book_valuer_per_share_4q_avg": 0,
            "equity": null,
            "current_ratio": null,
            "debt_ratio": null,
            "inventory_turnover_ratio": null,
            "account_receivable_turnover_ratio": null,
            "reinvestment_rate": null,
            "research_to_sale_ratio": null,
            "price_fair": 0,
            "eps_avg_yearly": 0,
            "eps_latest_yearly": 0,
            "eps_growth_yearly": 0
        },
        "20092": {
            "year_quarter": 20092,
            "year": 2009,
            "quarter": 2,
            "eps": null,
            "eps_growth_year": null,
            "eps_4q": null,
            "eps_4q_growth_year": null,
            "roe": null,
            "roe_4q": 0,
            "gross_profit": null,
            "gross_margin": null,
            "gross_margin_4q_avg": 0,
            "net_income": null,
            "net_income_4q": null,
            "revenue": null,
            "revenue_4q": null,
            "common_shares": null,
            "book_valuer_per_share": null,
            "book_valuer_per_share_4q_avg": 0,
            "equity": null,
            "current_ratio": null,
            "debt_ratio": null,
            "inventory_turnover_ratio": null,
            "account_receivable_turnover_ratio": null,
            "reinvestment_rate": null,
            "research_to_sale_ratio": null,
            "price_fair": 0,
            "eps_avg_yearly": 0,
            "eps_latest_yearly": 0,
            "eps_growth_yearly": 0
        },
        "20093": {
            "year_quarter": 20093,
            "year": 2009,
            "quarter": 3,
            "eps": null,
            "eps_growth_year": null,
            "eps_4q": null,
            "eps_4q_growth_year": null,
            "roe": null,
            "roe_4q": 0,
            "gross_profit": null,
            "gross_margin": null,
            "gross_margin_4q_avg": 0,
            "net_income": null,
            "net_income_4q": null,
            "revenue": null,
            "revenue_4q": null,
            "common_shares": null,
            "book_valuer_per_share": null,
            "book_valuer_per_share_4q_avg": 0,
            "equity": null,
            "current_ratio": null,
            "debt_ratio": null,
            "inventory_turnover_ratio": null,
            "account_receivable_turnover_ratio": null,
            "reinvestment_rate": null,
            "research_to_sale_ratio": null,
            "price_fair": 0,
            "eps_avg_yearly": 0,
            "eps_latest_yearly": 0,
            "eps_growth_yearly": 0
        },
        "20094": {
            "year_quarter": 20094,
            "year": 2009,
            "quarter": 4,
            "eps": null,
            "eps_growth_year": null,
            "eps_4q": null,
            "eps_4q_growth_year": null,
            "roe": null,
            "roe_4q": 0,
            "gross_profit": null,
            "gross_margin": null,
            "gross_margin_4q_avg": 0,
            "net_income": null,
            "net_income_4q": null,
            "revenue": null,
            "revenue_4q": null,
            "common_shares": null,
            "book_valuer_per_share": null,
            "book_valuer_per_share_4q_avg": 0,
            "equity": null,
            "current_ratio": null,
            "debt_ratio": null,
            "inventory_turnover_ratio": null,
            "account_receivable_turnover_ratio": null,
            "reinvestment_rate": null,
            "research_to_sale_ratio": null,
            "price_fair": 0,
            "eps_avg_yearly": 0,
            "eps_latest_yearly": 0,
            "eps_growth_yearly": 0
        },
        "20101": {
            "year_quarter": 20101,
            "year": 2010,
            "quarter": 1,
            "eps": null,
            "eps_growth_year": null,
            "eps_4q": null,
            "eps_4q_growth_year": null,
            "roe": null,
            "roe_4q": 0,
            "gross_profit": null,
            "gross_margin": null,
            "gross_margin_4q_avg": 0,
            "net_income": null,
            "net_income_4q": null,
            "revenue": null,
            "revenue_4q": null,
            "common_shares": null,
            "book_valuer_per_share": null,
            "book_valuer_per_share_4q_avg": 0,
            "equity": null,
            "current_ratio": null,
            "debt_ratio": null,
            "inventory_turnover_ratio": null,
            "account_receivable_turnover_ratio": null,
            "reinvestment_rate": null,
            "research_to_sale_ratio": null,
            "price_fair": 0,
            "eps_avg_yearly": 0,
            "eps_latest_yearly": 0,
            "eps_growth_yearly": 0
        },
        "20102": {
            "year_quarter": 20102,
            "year": 2010,
            "quarter": 2,
            "eps": null,
            "eps_growth_year": null,
            "eps_4q": null,
            "eps_4q_growth_year": null,
            "roe": null,
            "roe_4q": 0,
            "gross_profit": null,
            "gross_margin": null,
            "gross_margin_4q_avg": 0,
            "net_income": null,
            "net_income_4q": null,
            "revenue": null,
            "revenue_4q": null,
            "common_shares": null,
            "book_valuer_per_share": null,
            "book_valuer_per_share_4q_avg": 0,
            "equity": null,
            "current_ratio": null,
            "debt_ratio": null,
            "inventory_turnover_ratio": null,
            "account_receivable_turnover_ratio": null,
            "reinvestment_rate": null,
            "research_to_sale_ratio": null,
            "price_fair": 0,
            "eps_avg_yearly": 0,
            "eps_latest_yearly": 0,
            "eps_growth_yearly": 0
        },
        "20103": {
            "year_quarter": 20103,
            "year": 2010,
            "quarter": 3,
            "eps": null,
            "eps_growth_year": null,
            "eps_4q": null,
            "eps_4q_growth_year": null,
            "roe": null,
            "roe_4q": 0,
            "gross_profit": null,
            "gross_margin": null,
            "gross_margin_4q_avg": 0,
            "net_income": null,
            "net_income_4q": null,
            "revenue": null,
            "revenue_4q": null,
            "common_shares": null,
            "book_valuer_per_share": null,
            "book_valuer_per_share_4q_avg": 0,
            "equity": null,
            "current_ratio": null,
            "debt_ratio": null,
            "inventory_turnover_ratio": null,
            "account_receivable_turnover_ratio": null,
            "reinvestment_rate": null,
            "research_to_sale_ratio": null,
            "price_fair": 0,
            "eps_avg_yearly": 0,
            "eps_latest_yearly": 0,
            "eps_growth_yearly": 0
        },
        "20104": {
            "year_quarter": 20104,
            "year": 2010,
            "quarter": 4,
            "eps": null,
            "eps_growth_year": null,
            "eps_4q": null,
            "eps_4q_growth_year": null,
            "roe": null,
            "roe_4q": 0,
            "gross_profit": null,
            "gross_margin": null,
            "gross_margin_4q_avg": 0,
            "net_income": null,
            "net_income_4q": null,
            "revenue": null,
            "revenue_4q": null,
            "common_shares": null,
            "book_valuer_per_share": null,
            "book_valuer_per_share_4q_avg": 0,
            "equity": null,
            "current_ratio": null,
            "debt_ratio": null,
            "inventory_turnover_ratio": null,
            "account_receivable_turnover_ratio": null,
            "reinvestment_rate": null,
            "research_to_sale_ratio": null,
            "price_fair": 0,
            "eps_avg_yearly": 0,
            "eps_latest_yearly": 0,
            "eps_growth_yearly": 0
        },
        "20111": {
            "year_quarter": 20111,
            "year": 2011,
            "quarter": 1,
            "eps": null,
            "eps_growth_year": null,
            "eps_4q": null,
            "eps_4q_growth_year": null,
            "roe": null,
            "roe_4q": 0,
            "gross_profit": null,
            "gross_margin": null,
            "gross_margin_4q_avg": 0,
            "net_income": null,
            "net_income_4q": null,
            "revenue": null,
            "revenue_4q": null,
            "common_shares": null,
            "book_valuer_per_share": null,
            "book_valuer_per_share_4q_avg": 0,
            "equity": null,
            "current_ratio": null,
            "debt_ratio": null,
            "inventory_turnover_ratio": null,
            "account_receivable_turnover_ratio": null,
            "reinvestment_rate": null,
            "research_to_sale_ratio": null,
            "price_fair": 0,
            "eps_avg_yearly": 0,
            "eps_latest_yearly": 0,
            "eps_growth_yearly": 0
        },
        "20112": {
            "year_quarter": 20112,
            "year": 2011,
            "quarter": 2,
            "eps": null,
            "eps_growth_year": null,
            "eps_4q": null,
            "eps_4q_growth_year": null,
            "roe": null,
            "roe_4q": 0,
            "gross_profit": null,
            "gross_margin": null,
            "gross_margin_4q_avg": 0,
            "net_income": null,
            "net_income_4q": null,
            "revenue": null,
            "revenue_4q": null,
            "common_shares": null,
            "book_valuer_per_share": null,
            "book_valuer_per_share_4q_avg": 0,
            "equity": null,
            "current_ratio": null,
            "debt_ratio": null,
            "inventory_turnover_ratio": null,
            "account_receivable_turnover_ratio": null,
            "reinvestment_rate": null,
            "research_to_sale_ratio": null,
            "price_fair": 0,
            "eps_avg_yearly": 0,
            "eps_latest_yearly": 0,
            "eps_growth_yearly": 0
        },
        "20113": {
            "year_quarter": 20113,
            "year": 2011,
            "quarter": 3,
            "eps": null,
            "eps_growth_year": null,
            "eps_4q": null,
            "eps_4q_growth_year": null,
            "roe": null,
            "roe_4q": 0,
            "gross_profit": null,
            "gross_margin": null,
            "gross_margin_4q_avg": 0,
            "net_income": null,
            "net_income_4q": null,
            "revenue": null,
            "revenue_4q": null,
            "common_shares": null,
            "book_valuer_per_share": null,
            "book_valuer_per_share_4q_avg": 0,
            "equity": null,
            "current_ratio": null,
            "debt_ratio": null,
            "inventory_turnover_ratio": null,
            "account_receivable_turnover_ratio": null,
            "reinvestment_rate": null,
            "research_to_sale_ratio": null,
            "price_fair": 0,
            "eps_avg_yearly": 0,
            "eps_latest_yearly": 0,
            "eps_growth_yearly": 0
        },
        "20114": {
            "year_quarter": 20114,
            "year": 2011,
            "quarter": 4,
            "eps": null,
            "eps_growth_year": null,
            "eps_4q": null,
            "eps_4q_growth_year": null,
            "roe": null,
            "roe_4q": 0,
            "gross_profit": null,
            "gross_margin": null,
            "gross_margin_4q_avg": 0,
            "net_income": null,
            "net_income_4q": null,
            "revenue": null,
            "revenue_4q": null,
            "common_shares": 734358,
            "book_valuer_per_share": 8.49,
            "book_valuer_per_share_4q_avg": 2.12,
            "equity": 623469,
            "current_ratio": 60.81,
            "debt_ratio": 83.16,
            "inventory_turnover_ratio": null,
            "account_receivable_turnover_ratio": null,
            "reinvestment_rate": null,
            "research_to_sale_ratio": null,
            "price_fair": 0,
            "eps_avg_yearly": 0,
            "eps_latest_yearly": 0,
            "eps_growth_yearly": 0
        },
        "20121": {
            "year_quarter": 20121,
            "year": 2012,
            "quarter": 1,
            "eps": null,
            "eps_growth_year": null,
            "eps_4q": null,
            "eps_4q_growth_year": null,
            "roe": null,
            "roe_4q": 0,
            "gross_profit": null,
            "gross_margin": null,
            "gross_margin_4q_avg": 0,
            "net_income": null,
            "net_income_4q": null,
            "revenue": null,
            "revenue_4q": null,
            "common_shares": null,
            "book_valuer_per_share": null,
            "book_valuer_per_share_4q_avg": 2.12,
            "equity": null,
            "current_ratio": null,
            "debt_ratio": null,
            "inventory_turnover_ratio": null,
            "account_receivable_turnover_ratio": null,
            "reinvestment_rate": null,
            "research_to_sale_ratio": null,
            "price_fair": 0,
            "eps_avg_yearly": 0,
            "eps_latest_yearly": 0,
            "eps_growth_yearly": 0
        },
        "20122": {
            "year_quarter": 20122,
            "year": 2012,
            "quarter": 2,
            "eps": null,
            "eps_growth_year": null,
            "eps_4q": null,
            "eps_4q_growth_year": null,
            "roe": null,
            "roe_4q": 0,
            "gross_profit": null,
            "gross_margin": null,
            "gross_margin_4q_avg": 0,
            "net_income": null,
            "net_income_4q": null,
            "revenue": null,
            "revenue_4q": null,
            "common_shares": null,
            "book_valuer_per_share": null,
            "book_valuer_per_share_4q_avg": 2.12,
            "equity": null,
            "current_ratio": null,
            "debt_ratio": null,
            "inventory_turnover_ratio": null,
            "account_receivable_turnover_ratio": null,
            "reinvestment_rate": null,
            "research_to_sale_ratio": null,
            "price_fair": 0,
            "eps_avg_yearly": 0,
            "eps_latest_yearly": 0,
            "eps_growth_yearly": 0
        },
        "20123": {
            "year_quarter": 20123,
            "year": 2012,
            "quarter": 3,
            "eps": null,
            "eps_growth_year": null,
            "eps_4q": null,
            "eps_4q_growth_year": null,
            "roe": null,
            "roe_4q": 0,
            "gross_profit": null,
            "gross_margin": null,
            "gross_margin_4q_avg": 0,
            "net_income": null,
            "net_income_4q": null,
            "revenue": null,
            "revenue_4q": null,
            "common_shares": null,
            "book_valuer_per_share": null,
            "book_valuer_per_share_4q_avg": 2.12,
            "equity": null,
            "current_ratio": null,
            "debt_ratio": null,
            "inventory_turnover_ratio": null,
            "account_receivable_turnover_ratio": null,
            "reinvestment_rate": null,
            "research_to_sale_ratio": null,
            "price_fair": 0,
            "eps_avg_yearly": 0,
            "eps_latest_yearly": 0,
            "eps_growth_yearly": 0
        },
        "20124": {
            "year_quarter": 20124,
            "year": 2012,
            "quarter": 4,
            "eps": null,
            "eps_growth_year": null,
            "eps_4q": null,
            "eps_4q_growth_year": null,
            "roe": null,
            "roe_4q": 0,
            "gross_profit": null,
            "gross_margin": null,
            "gross_margin_4q_avg": 0,
            "net_income": null,
            "net_income_4q": null,
            "revenue": null,
            "revenue_4q": null,
            "common_shares": 734358,
            "book_valuer_per_share": 8.75,
            "book_valuer_per_share_4q_avg": 2.19,
            "equity": 642863,
            "current_ratio": 46.88,
            "debt_ratio": 83.91,
            "inventory_turnover_ratio": null,
            "account_receivable_turnover_ratio": null,
            "reinvestment_rate": null,
            "research_to_sale_ratio": null,
            "price_fair": 0,
            "eps_avg_yearly": 0,
            "eps_latest_yearly": 0,
            "eps_growth_yearly": 0
        },
        "20131": {
            "year_quarter": 20131,
            "year": 2013,
            "quarter": 1,
            "eps": null,
            "eps_growth_year": null,
            "eps_4q": null,
            "eps_4q_growth_year": null,
            "roe": null,
            "roe_4q": 0,
            "gross_profit": null,
            "gross_margin": null,
            "gross_margin_4q_avg": 0,
            "net_income": null,
            "net_income_4q": null,
            "revenue": null,
            "revenue_4q": null,
            "common_shares": null,
            "book_valuer_per_share": null,
            "book_valuer_per_share_4q_avg": 2.19,
            "equity": null,
            "current_ratio": null,
            "debt_ratio": null,
            "inventory_turnover_ratio": null,
            "account_receivable_turnover_ratio": null,
            "reinvestment_rate": null,
            "research_to_sale_ratio": null,
            "price_fair": 0,
            "eps_avg_yearly": 0,
            "eps_latest_yearly": 0,
            "eps_growth_yearly": 0
        },
        "20132": {
            "year_quarter": 20132,
            "year": 2013,
            "quarter": 2,
            "eps": null,
            "eps_growth_year": null,
            "eps_4q": null,
            "eps_4q_growth_year": null,
            "roe": null,
            "roe_4q": 0,
            "gross_profit": null,
            "gross_margin": null,
            "gross_margin_4q_avg": 0,
            "net_income": null,
            "net_income_4q": null,
            "revenue": null,
            "revenue_4q": null,
            "common_shares": 734358,
            "book_valuer_per_share": null,
            "book_valuer_per_share_4q_avg": 2.19,
            "equity": 759358,
            "current_ratio": null,
            "debt_ratio": null,
            "inventory_turnover_ratio": null,
            "account_receivable_turnover_ratio": null,
            "reinvestment_rate": null,
            "research_to_sale_ratio": null,
            "price_fair": 0,
            "eps_avg_yearly": 0,
            "eps_latest_yearly": 0,
            "eps_growth_yearly": 0
        },
        "20133": {
            "year_quarter": 20133,
            "year": 2013,
            "quarter": 3,
            "eps": null,
            "eps_growth_year": null,
            "eps_4q": null,
            "eps_4q_growth_year": null,
            "roe": null,
            "roe_4q": 0,
            "gross_profit": null,
            "gross_margin": null,
            "gross_margin_4q_avg": 0,
            "net_income": null,
            "net_income_4q": null,
            "revenue": null,
            "revenue_4q": null,
            "common_shares": null,
            "book_valuer_per_share": null,
            "book_valuer_per_share_4q_avg": 2.19,
            "equity": null,
            "current_ratio": null,
            "debt_ratio": null,
            "inventory_turnover_ratio": null,
            "account_receivable_turnover_ratio": null,
            "reinvestment_rate": null,
            "research_to_sale_ratio": null,
            "price_fair": 0,
            "eps_avg_yearly": 0,
            "eps_latest_yearly": 0,
            "eps_growth_yearly": 0
        },
        "20134": {
            "year_quarter": 20134,
            "year": 2013,
            "quarter": 4,
            "eps": null,
            "eps_growth_year": null,
            "eps_4q": null,
            "eps_4q_growth_year": null,
            "roe": null,
            "roe_4q": 0,
            "gross_profit": null,
            "gross_margin": null,
            "gross_margin_4q_avg": 0,
            "net_income": null,
            "net_income_4q": null,
            "revenue": null,
            "revenue_4q": null,
            "common_shares": 734358,
            "book_valuer_per_share": null,
            "book_valuer_per_share_4q_avg": 0,
            "equity": 900596,
            "current_ratio": null,
            "debt_ratio": null,
            "inventory_turnover_ratio": null,
            "account_receivable_turnover_ratio": null,
            "reinvestment_rate": null,
            "research_to_sale_ratio": null,
            "price_fair": 0,
            "eps_avg_yearly": 0,
            "eps_latest_yearly": 0,
            "eps_growth_yearly": 0
        },
        "20141": {
            "year_quarter": 20141,
            "year": 2014,
            "quarter": 1,
            "eps": null,
            "eps_growth_year": null,
            "eps_4q": null,
            "eps_4q_growth_year": null,
            "roe": null,
            "roe_4q": 0,
            "gross_profit": 110201,
            "gross_margin": null,
            "gross_margin_4q_avg": 0,
            "net_income": 60500,
            "net_income_4q": null,
            "revenue": 742681,
            "revenue_4q": null,
            "common_shares": 914358,
            "book_valuer_per_share": null,
            "book_valuer_per_share_4q_avg": 0,
            "equity": 956811,
            "current_ratio": null,
            "debt_ratio": null,
            "inventory_turnover_ratio": null,
            "account_receivable_turnover_ratio": null,
            "reinvestment_rate": null,
            "research_to_sale_ratio": null,
            "price_fair": 0,
            "eps_avg_yearly": 0,
            "eps_latest_yearly": 0,
            "eps_growth_yearly": 0
        },
        "20142": {
            "year_quarter": 20142,
            "year": 2014,
            "quarter": 2,
            "eps": null,
            "eps_growth_year": null,
            "eps_4q": null,
            "eps_4q_growth_year": null,
            "roe": null,
            "roe_4q": 0,
            "gross_profit": 148334,
            "gross_margin": null,
            "gross_margin_4q_avg": 0,
            "net_income": 97331,
            "net_income_4q": null,
            "revenue": 945069,
            "revenue_4q": null,
            "common_shares": 1341158,
            "book_valuer_per_share": 12.48,
            "book_valuer_per_share_4q_avg": 3.12,
            "equity": 1674111,
            "current_ratio": 70.97,
            "debt_ratio": 64.19,
            "inventory_turnover_ratio": null,
            "account_receivable_turnover_ratio": null,
            "reinvestment_rate": null,
            "research_to_sale_ratio": null,
            "price_fair": 0,
            "eps_avg_yearly": 0,
            "eps_latest_yearly": 0,
            "eps_growth_yearly": 0
        },
        "20143": {
            "year_quarter": 20143,
            "year": 2014,
            "quarter": 3,
            "eps": null,
            "eps_growth_year": null,
            "eps_4q": null,
            "eps_4q_growth_year": null,
            "roe": null,
            "roe_4q": 0,
            "gross_profit": 179128,
            "gross_margin": null,
            "gross_margin_4q_avg": 0,
            "net_income": 116187,
            "net_income_4q": null,
            "revenue": 1127205,
            "revenue_4q": null,
            "common_shares": 1341158,
            "book_valuer_per_share": 13.27,
            "book_valuer_per_share_4q_avg": 6.44,
            "equity": 1779295,
            "current_ratio": 91.58,
            "debt_ratio": 62.5,
            "inventory_turnover_ratio": null,
            "account_receivable_turnover_ratio": null,
            "reinvestment_rate": null,
            "research_to_sale_ratio": null,
            "price_fair": 0,
            "eps_avg_yearly": 0,
            "eps_latest_yearly": 0,
            "eps_growth_yearly": 0
        },
        "20144": {
            "year_quarter": 20144,
            "year": 2014,
            "quarter": 4,
            "eps": null,
            "eps_growth_year": null,
            "eps_4q": null,
            "eps_4q_growth_year": null,
            "roe": null,
            "roe_4q": 0,
            "gross_profit": 129386,
            "gross_margin": null,
            "gross_margin_4q_avg": 0,
            "net_income": 103264,
            "net_income_4q": null,
            "revenue": 1033060,
            "revenue_4q": null,
            "common_shares": 1341158,
            "book_valuer_per_share": 14.02,
            "book_valuer_per_share_4q_avg": 9.94,
            "equity": 1880841,
            "current_ratio": 111.12,
            "debt_ratio": 60.66,
            "inventory_turnover_ratio": null,
            "account_receivable_turnover_ratio": null,
            "reinvestment_rate": null,
            "research_to_sale_ratio": null,
            "price_fair": 0,
            "eps_avg_yearly": 0,
            "eps_latest_yearly": 0,
            "eps_growth_yearly": 0
        },
        "20151": {
            "year_quarter": 20151,
            "year": 2015,
            "quarter": 1,
            "eps": 0.43,
            "eps_growth_year": null,
            "eps_4q": 0.43,
            "eps_4q_growth_year": null,
            "roe": 3.02,
            "roe_4q": 3.02,
            "gross_profit": 127448,
            "gross_margin": 14.33,
            "gross_margin_4q_avg": 3.58,
            "net_income": 57734,
            "net_income_4q": null,
            "revenue": 889399,
            "revenue_4q": null,
            "common_shares": 1341158,
            "book_valuer_per_share": 14.47,
            "book_valuer_per_share_4q_avg": 13.56,
            "equity": 1940660,
            "current_ratio": 117.6,
            "debt_ratio": 58.6,
            "inventory_turnover_ratio": 2.51,
            "account_receivable_turnover_ratio": 1.27,
            "reinvestment_rate": null,
            "research_to_sale_ratio": 0.64,
            "price_fair": 0,
            "eps_avg_yearly": 0,
            "eps_latest_yearly": 0,
            "eps_growth_yearly": 0
        },
        "20152": {
            "year_quarter": 20152,
            "year": 2015,
            "quarter": 2,
            "eps": 0.69,
            "eps_growth_year": null,
            "eps_4q": 1.12,
            "eps_4q_growth_year": null,
            "roe": 5.04,
            "roe_4q": 8.06,
            "gross_profit": 163198,
            "gross_margin": 17.12,
            "gross_margin_4q_avg": 7.86,
            "net_income": 92878,
            "net_income_4q": null,
            "revenue": 953393,
            "revenue_4q": null,
            "common_shares": 1341158,
            "book_valuer_per_share": 13.02,
            "book_valuer_per_share_4q_avg": 13.7,
            "equity": 1746280,
            "current_ratio": 113.98,
            "debt_ratio": 63.8,
            "inventory_turnover_ratio": 2.57,
            "account_receivable_turnover_ratio": 1.49,
            "reinvestment_rate": null,
            "research_to_sale_ratio": 0.56,
            "price_fair": 96.6,
            "eps_avg_yearly": 2.76,
            "eps_latest_yearly": 2.76,
            "eps_growth_yearly": 241.86
        },
        "20153": {
            "year_quarter": 20153,
            "year": 2015,
            "quarter": 3,
            "eps": 0.26,
            "eps_growth_year": null,
            "eps_4q": 1.27,
            "eps_4q_growth_year": null,
            "roe": 1.9,
            "roe_4q": 9.959999999999999,
            "gross_profit": 72336,
            "gross_margin": 9.79,
            "gross_margin_4q_avg": 10.31,
            "net_income": 39200,
            "net_income_4q": null,
            "revenue": 738770,
            "revenue_4q": null,
            "common_shares": 1500000,
            "book_valuer_per_share": 15.82,
            "book_valuer_per_share_4q_avg": 14.33,
            "equity": 2372833,
            "current_ratio": 148.96,
            "debt_ratio": 51.41,
            "inventory_turnover_ratio": 2.05,
            "account_receivable_turnover_ratio": 1.16,
            "reinvestment_rate": null,
            "research_to_sale_ratio": 0.79,
            "price_fair": 5.7,
            "eps_avg_yearly": 1.9,
            "eps_latest_yearly": 1.04,
            "eps_growth_yearly": -3.71
        },
        "20154": {
            "year_quarter": 20154,
            "year": 2015,
            "quarter": 4,
            "eps": -0.02,
            "eps_growth_year": null,
            "eps_4q": 1.25,
            "eps_4q_growth_year": null,
            "roe": -0.11,
            "roe_4q": 9.85,
            "gross_profit": 70759,
            "gross_margin": 8.78,
            "gross_margin_4q_avg": 12.51,
            "net_income": -2529,
            "net_income_4q": null,
            "revenue": 806203,
            "revenue_4q": null,
            "common_shares": 1500000,
            "book_valuer_per_share": 15.81,
            "book_valuer_per_share_4q_avg": 14.78,
            "equity": 2371893,
            "current_ratio": 135.87,
            "debt_ratio": 51.29,
            "inventory_turnover_ratio": 2.31,
            "account_receivable_turnover_ratio": 1.26,
            "reinvestment_rate": null,
            "research_to_sale_ratio": 0.84,
            "price_fair": 5.7,
            "eps_avg_yearly": 1.9,
            "eps_latest_yearly": 1.04,
            "eps_growth_yearly": -3.71
        },
        "20161": {
            "year_quarter": 20161,
            "year": 2016,
            "quarter": 1,
            "eps": 0.15,
            "eps_growth_year": -65.12,
            "eps_4q": 1.02,
            "eps_4q_growth_year": 136.5,
            "roe": 0.97,
            "roe_4q": 7.8,
            "gross_profit": 81932,
            "gross_margin": 11.6,
            "gross_margin_4q_avg": 11.82,
            "net_income": 23163,
            "net_income_4q": null,
            "revenue": 706304,
            "revenue_4q": null,
            "common_shares": 1500000,
            "book_valuer_per_share": 15.91,
            "book_valuer_per_share_4q_avg": 15.14,
            "equity": 2385879,
            "current_ratio": 137.58,
            "debt_ratio": 48.52,
            "inventory_turnover_ratio": 2.08,
            "account_receivable_turnover_ratio": 1.2,
            "reinvestment_rate": null,
            "research_to_sale_ratio": 0.87,
            "price_fair": 5.7,
            "eps_avg_yearly": 1.9,
            "eps_latest_yearly": 1.04,
            "eps_growth_yearly": -3.71
        },
        "20162": {
            "year_quarter": 20162,
            "year": 2016,
            "quarter": 2,
            "eps": 0.4,
            "eps_growth_year": -42.03,
            "eps_4q": 0.8,
            "eps_4q_growth_year": -28.98,
            "roe": 2.56,
            "roe_4q": 5.32,
            "gross_profit": 121511,
            "gross_margin": 16.17,
            "gross_margin_4q_avg": 11.59,
            "net_income": 59804,
            "net_income_4q": null,
            "revenue": 751268,
            "revenue_4q": null,
            "common_shares": 1500000,
            "book_valuer_per_share": 15.27,
            "book_valuer_per_share_4q_avg": 15.7,
            "equity": 2290657,
            "current_ratio": 127.6,
            "debt_ratio": 50.43,
            "inventory_turnover_ratio": 1.86,
            "account_receivable_turnover_ratio": 1.34,
            "reinvestment_rate": null,
            "research_to_sale_ratio": 0.91,
            "price_fair": 63,
            "eps_avg_yearly": 1.8,
            "eps_latest_yearly": 1.6,
            "eps_growth_yearly": 219.75
        },
        "20163": {
            "year_quarter": 20163,
            "year": 2016,
            "quarter": 3,
            "eps": 0.33,
            "eps_growth_year": 26.92,
            "eps_4q": 0.86,
            "eps_4q_growth_year": -31.75,
            "roe": 2.12,
            "roe_4q": 5.539999999999999,
            "gross_profit": 103713,
            "gross_margin": 15.24,
            "gross_margin_4q_avg": 12.95,
            "net_income": 49107,
            "net_income_4q": null,
            "revenue": 680698,
            "revenue_4q": null,
            "common_shares": 1500000,
            "book_valuer_per_share": 15.61,
            "book_valuer_per_share_4q_avg": 15.65,
            "equity": 2341949,
            "current_ratio": 146.19,
            "debt_ratio": 49.35,
            "inventory_turnover_ratio": 1.47,
            "account_receivable_turnover_ratio": 1.21,
            "reinvestment_rate": null,
            "research_to_sale_ratio": 0.94,
            "price_fair": 58.8,
            "eps_avg_yearly": 1.68,
            "eps_latest_yearly": 1.32,
            "eps_growth_yearly": 147.31
        },
        "20164": {
            "year_quarter": 20164,
            "year": 2016,
            "quarter": 4,
            "eps": 0.39,
            "eps_growth_year": null,
            "eps_4q": 1.27,
            "eps_4q_growth_year": 1.95,
            "roe": 2.48,
            "roe_4q": 8.13,
            "gross_profit": 127434,
            "gross_margin": 16.39,
            "gross_margin_4q_avg": 14.85,
            "net_income": 58858,
            "net_income_4q": null,
            "revenue": 777623,
            "revenue_4q": null,
            "common_shares": 1500000,
            "book_valuer_per_share": 16.03,
            "book_valuer_per_share_4q_avg": 15.71,
            "equity": 2404005,
            "current_ratio": 129.97,
            "debt_ratio": 49.15,
            "inventory_turnover_ratio": 1.51,
            "account_receivable_turnover_ratio": 1.38,
            "reinvestment_rate": null,
            "research_to_sale_ratio": 1.34,
            "price_fair": 57.96,
            "eps_avg_yearly": 1.66,
            "eps_latest_yearly": 1.56,
            "eps_growth_yearly": 132.4
        },
        "20171": {
            "year_quarter": 20171,
            "year": 2017,
            "quarter": 1,
            "eps": 0.1,
            "eps_growth_year": -33.33,
            "eps_4q": 1.22,
            "eps_4q_growth_year": 19.45,
            "roe": 0.61,
            "roe_4q": 7.77,
            "gross_profit": 69107,
            "gross_margin": 10.36,
            "gross_margin_4q_avg": 14.54,
            "net_income": 14639,
            "net_income_4q": null,
            "revenue": 666992,
            "revenue_4q": null,
            "common_shares": 1500000,
            "book_valuer_per_share": 16.09,
            "book_valuer_per_share_4q_avg": 15.75,
            "equity": 2413290,
            "current_ratio": 130.29,
            "debt_ratio": 47.51,
            "inventory_turnover_ratio": 1.41,
            "account_receivable_turnover_ratio": 1.26,
            "reinvestment_rate": null,
            "research_to_sale_ratio": 1.13,
            "price_fair": 50.63,
            "eps_avg_yearly": 1.45,
            "eps_latest_yearly": 0.4,
            "eps_growth_yearly": 60.76
        },
        "20172": {
            "year_quarter": 20172,
            "year": 2017,
            "quarter": 2,
            "eps": 0.22,
            "eps_growth_year": -45,
            "eps_4q": 1.04,
            "eps_4q_growth_year": 30.23,
            "roe": 1.42,
            "roe_4q": 6.63,
            "gross_profit": 87136,
            "gross_margin": 12.6,
            "gross_margin_4q_avg": 13.65,
            "net_income": 33204,
            "net_income_4q": null,
            "revenue": 691820,
            "revenue_4q": null,
            "common_shares": 1500000,
            "book_valuer_per_share": 15.18,
            "book_valuer_per_share_4q_avg": 15.73,
            "equity": 2277663,
            "current_ratio": 121.17,
            "debt_ratio": 49.67,
            "inventory_turnover_ratio": 1.5,
            "account_receivable_turnover_ratio": 1.41,
            "reinvestment_rate": null,
            "research_to_sale_ratio": 1.02,
            "price_fair": 47.8,
            "eps_avg_yearly": 1.37,
            "eps_latest_yearly": 0.88,
            "eps_growth_yearly": 120.65
        },
        "20173": {
            "year_quarter": 20173,
            "year": 2017,
            "quarter": 3,
            "eps": 0.2,
            "eps_growth_year": -39.39,
            "eps_4q": 0.92,
            "eps_4q_growth_year": 6.06,
            "roe": 1.34,
            "roe_4q": 5.85,
            "gross_profit": 100142,
            "gross_margin": 14.64,
            "gross_margin_4q_avg": 13.5,
            "net_income": 30690,
            "net_income_4q": null,
            "revenue": 684160,
            "revenue_4q": null,
            "common_shares": 1500000,
            "book_valuer_per_share": 15.35,
            "book_valuer_per_share_4q_avg": 15.66,
            "equity": 2302615,
            "current_ratio": 127.94,
            "debt_ratio": 48.48,
            "inventory_turnover_ratio": 1.42,
            "account_receivable_turnover_ratio": 1.36,
            "reinvestment_rate": null,
            "research_to_sale_ratio": 1.84,
            "price_fair": 45.33,
            "eps_avg_yearly": 1.3,
            "eps_latest_yearly": 0.8,
            "eps_growth_yearly": 101.02
        },
        "20174": {
            "year_quarter": 20174,
            "year": 2017,
            "quarter": 4,
            "eps": 0.42,
            "eps_growth_year": 8.09,
            "eps_4q": 0.95,
            "eps_4q_growth_year": -25.55,
            "roe": 2.72,
            "roe_4q": 6.090000000000001,
            "gross_profit": 128080,
            "gross_margin": 16.18,
            "gross_margin_4q_avg": 13.45,
            "net_income": 63619,
            "net_income_4q": null,
            "revenue": 791568,
            "revenue_4q": null,
            "common_shares": 1500000,
            "book_valuer_per_share": 15.8,
            "book_valuer_per_share_4q_avg": 15.61,
            "equity": 2369276,
            "current_ratio": 135.54,
            "debt_ratio": 48.61,
            "inventory_turnover_ratio": 1.45,
            "account_receivable_turnover_ratio": 1.31,
            "reinvestment_rate": -12.4,
            "research_to_sale_ratio": 1.22,
            "price_fair": 46.82,
            "eps_avg_yearly": 1.34,
            "eps_latest_yearly": 1.68,
            "eps_growth_yearly": 138.69
        },
        "20181": {
            "year_quarter": 20181,
            "year": 2018,
            "quarter": 1,
            "eps": 0.07,
            "eps_growth_year": -30,
            "eps_4q": 0.92,
            "eps_4q_growth_year": -24.4,
            "roe": 0.44,
            "roe_4q": 5.92,
            "gross_profit": 59342,
            "gross_margin": 9.37,
            "gross_margin_4q_avg": 13.2,
            "net_income": 10382,
            "net_income_4q": null,
            "revenue": 633252,
            "revenue_4q": null,
            "common_shares": 1500000,
            "book_valuer_per_share": 15.93,
            "book_valuer_per_share_4q_avg": 15.57,
            "equity": 2389112,
            "current_ratio": 127.61,
            "debt_ratio": 47.84,
            "inventory_turnover_ratio": 1.18,
            "account_receivable_turnover_ratio": 1.03,
            "reinvestment_rate": -19.2,
            "research_to_sale_ratio": 1.2,
            "price_fair": 43.12,
            "eps_avg_yearly": 1.23,
            "eps_latest_yearly": 0.28,
            "eps_growth_yearly": 91.48
        },
        "20182": {
            "year_quarter": 20182,
            "year": 2018,
            "quarter": 2,
            "eps": 0.18,
            "eps_growth_year": -18.18,
            "eps_4q": 0.88,
            "eps_4q_growth_year": -15.71,
            "roe": 1.14,
            "roe_4q": 5.64,
            "gross_profit": 85603,
            "gross_margin": 13.65,
            "gross_margin_4q_avg": 13.46,
            "net_income": 26643,
            "net_income_4q": null,
            "revenue": 627157,
            "revenue_4q": null,
            "common_shares": 1500000,
            "book_valuer_per_share": 15.3,
            "book_valuer_per_share_4q_avg": 15.6,
            "equity": 2295018,
            "current_ratio": 116.81,
            "debt_ratio": 49.98,
            "inventory_turnover_ratio": 1.17,
            "account_receivable_turnover_ratio": 1.21,
            "reinvestment_rate": -21.79,
            "research_to_sale_ratio": 1.29,
            "price_fair": 41.49,
            "eps_avg_yearly": 1.19,
            "eps_latest_yearly": 0.72,
            "eps_growth_yearly": 140.31
        },
        "20183": {
            "year_quarter": 20183,
            "year": 2018,
            "quarter": 3,
            "eps": 0.17,
            "eps_growth_year": -15,
            "eps_4q": 0.85,
            "eps_4q_growth_year": -7.74,
            "roe": 1.13,
            "roe_4q": 5.43,
            "gross_profit": 73536,
            "gross_margin": 10.97,
            "gross_margin_4q_avg": 12.54,
            "net_income": 26117,
            "net_income_4q": null,
            "revenue": 670322,
            "revenue_4q": null,
            "common_shares": 1500000,
            "book_valuer_per_share": 15.46,
            "book_valuer_per_share_4q_avg": 15.62,
            "equity": 2318457,
            "current_ratio": 140.96,
            "debt_ratio": 49.19,
            "inventory_turnover_ratio": 1.29,
            "account_receivable_turnover_ratio": 1.34,
            "reinvestment_rate": -17.74,
            "research_to_sale_ratio": 1.29,
            "price_fair": 40.02,
            "eps_avg_yearly": 1.14,
            "eps_latest_yearly": 0.68,
            "eps_growth_yearly": 126.77
        },
        "20184": {
            "year_quarter": 20184,
            "year": 2018,
            "quarter": 4,
            "eps": 0.35,
            "eps_growth_year": -16.72,
            "eps_4q": 0.77,
            "eps_4q_growth_year": -18.31,
            "roe": 2.26,
            "roe_4q": 4.97,
            "gross_profit": 112955,
            "gross_margin": 13.24,
            "gross_margin_4q_avg": 11.81,
            "net_income": 52979,
            "net_income_4q": null,
            "revenue": 852834,
            "revenue_4q": null,
            "common_shares": 1500000,
            "book_valuer_per_share": 15.75,
            "book_valuer_per_share_4q_avg": 15.61,
            "equity": 2362062,
            "current_ratio": 155.92,
            "debt_ratio": 48.61,
            "inventory_turnover_ratio": 1.57,
            "account_receivable_turnover_ratio": 1.68,
            "reinvestment_rate": -33.2,
            "research_to_sale_ratio": 0.82,
            "price_fair": 40.71,
            "eps_avg_yearly": 1.16,
            "eps_latest_yearly": 1.4,
            "eps_growth_yearly": 149.59
        },
        "20191": {
            "year_quarter": 20191,
            "year": 2019,
            "quarter": 1,
            "eps": 0.09,
            "eps_growth_year": 28.57,
            "eps_4q": 0.79,
            "eps_4q_growth_year": -13.6,
            "roe": 0.57,
            "roe_4q": 5.1,
            "gross_profit": 69240,
            "gross_margin": 9.54,
            "gross_margin_4q_avg": 11.85,
            "net_income": 13396,
            "net_income_4q": null,
            "revenue": 725597,
            "revenue_4q": null,
            "common_shares": 1500000,
            "book_valuer_per_share": 15.85,
            "book_valuer_per_share_4q_avg": 15.59,
            "equity": 2378203,
            "current_ratio": 140.66,
            "debt_ratio": 48.55,
            "inventory_turnover_ratio": 1.4,
            "account_receivable_turnover_ratio": 1.46,
            "reinvestment_rate": -38.77,
            "research_to_sale_ratio": 1.05,
            "price_fair": 38.7,
            "eps_avg_yearly": 1.11,
            "eps_latest_yearly": 0.36,
            "eps_growth_yearly": 117.68
        },
        "20192": {
            "year_quarter": 20192,
            "year": 2019,
            "quarter": 2,
            "eps": 0.01,
            "eps_growth_year": -94.44,
            "eps_4q": 0.63,
            "eps_4q_growth_year": -28.02,
            "roe": 0.09,
            "roe_4q": 4.05,
            "gross_profit": 53783,
            "gross_margin": 7,
            "gross_margin_4q_avg": 10.19,
            "net_income": 2037,
            "net_income_4q": null,
            "revenue": 768639,
            "revenue_4q": null,
            "common_shares": 1500000,
            "book_valuer_per_share": 15.14,
            "book_valuer_per_share_4q_avg": 15.55,
            "equity": 2271498,
            "current_ratio": 112.9,
            "debt_ratio": 51.32,
            "inventory_turnover_ratio": 1.61,
            "account_receivable_turnover_ratio": 1.54,
            "reinvestment_rate": -23.91,
            "research_to_sale_ratio": 1,
            "price_fair": 31.9,
            "eps_avg_yearly": 0.91,
            "eps_latest_yearly": 0.04,
            "eps_growth_yearly": 75.01
        },
        "20193": {
            "year_quarter": 20193,
            "year": 2019,
            "quarter": 3,
            "eps": 0.25,
            "eps_growth_year": 47.06,
            "eps_4q": 0.7,
            "eps_4q_growth_year": -16.96,
            "roe": 1.61,
            "roe_4q": 4.529999999999999,
            "gross_profit": 87583,
            "gross_margin": 11.51,
            "gross_margin_4q_avg": 10.32,
            "net_income": 36850,
            "net_income_4q": null,
            "revenue": 760706,
            "revenue_4q": null,
            "common_shares": 1500000,
            "book_valuer_per_share": 15.33,
            "book_valuer_per_share_4q_avg": 15.52,
            "equity": 2299823,
            "current_ratio": 129.2,
            "debt_ratio": 51.18,
            "inventory_turnover_ratio": 1.6,
            "account_receivable_turnover_ratio": 1.52,
            "reinvestment_rate": 2.53,
            "research_to_sale_ratio": 0.94,
            "price_fair": 31.8,
            "eps_avg_yearly": 0.91,
            "eps_latest_yearly": 1,
            "eps_growth_yearly": 778.53
        },
        "20194": {
            "year_quarter": 20194,
            "year": 2019,
            "quarter": 4,
            "eps": 0.24,
            "eps_growth_year": -32.97,
            "eps_4q": 0.59,
            "eps_4q_growth_year": -24.39,
            "roe": 1.53,
            "roe_4q": 3.8,
            "gross_profit": 94401,
            "gross_margin": 11.41,
            "gross_margin_4q_avg": 9.87,
            "net_income": 35514,
            "net_income_4q": null,
            "revenue": 827486,
            "revenue_4q": null,
            "common_shares": 1500000,
            "book_valuer_per_share": 15.59,
            "book_valuer_per_share_4q_avg": 15.48,
            "equity": 2338703,
            "current_ratio": 153.29,
            "debt_ratio": 54.5,
            "inventory_turnover_ratio": 1.71,
            "account_receivable_turnover_ratio": 1.7,
            "reinvestment_rate": 14.85,
            "research_to_sale_ratio": 0.85,
            "price_fair": 31.92,
            "eps_avg_yearly": 0.91,
            "eps_latest_yearly": 0.96,
            "eps_growth_yearly": 725.56
        },
        "20201": {
            "year_quarter": 20201,
            "year": 2020,
            "quarter": 1,
            "eps": -0.27,
            "eps_growth_year": -400,
            "eps_4q": 0.23,
            "eps_4q_growth_year": -71.01,
            "roe": -1.72,
            "roe_4q": 1.5100000000000002,
            "gross_profit": 20641,
            "gross_margin": 3.14,
            "gross_margin_4q_avg": 8.27,
            "net_income": -39866,
            "net_income_4q": null,
            "revenue": 657689,
            "revenue_4q": null,
            "common_shares": 1500000,
            "book_valuer_per_share": 15.26,
            "book_valuer_per_share_4q_avg": 15.33,
            "equity": 2289449,
            "current_ratio": 144.42,
            "debt_ratio": 55.38,
            "inventory_turnover_ratio": 1.44,
            "account_receivable_turnover_ratio": 1.52,
            "reinvestment_rate": 42.73,
            "research_to_sale_ratio": 1.33,
            "price_fair": 31.92,
            "eps_avg_yearly": 0.91,
            "eps_latest_yearly": 0.96,
            "eps_growth_yearly": 725.56
        },
        "20202": {
            "year_quarter": 20202,
            "year": 2020,
            "quarter": 2,
            "eps": 0.22,
            "eps_growth_year": 2100,
            "eps_4q": 0.43,
            "eps_4q_growth_year": -31.06,
            "roe": 1.44,
            "roe_4q": 2.8600000000000003,
            "gross_profit": 87438,
            "gross_margin": 11.7,
            "gross_margin_4q_avg": 9.44,
            "net_income": 32671,
            "net_income_4q": null,
            "revenue": 747522,
            "revenue_4q": null,
            "common_shares": 1500000,
            "book_valuer_per_share": 15.03,
            "book_valuer_per_share_4q_avg": 15.3,
            "equity": 2254506,
            "current_ratio": 135.91,
            "debt_ratio": 57.26,
            "inventory_turnover_ratio": 1.48,
            "account_receivable_turnover_ratio": 1.73,
            "reinvestment_rate": 77.1,
            "research_to_sale_ratio": 1.05,
            "price_fair": 30.2,
            "eps_avg_yearly": 0.86,
            "eps_latest_yearly": 0.96,
            "eps_growth_yearly": 729.77
        },
        "20203": {
            "year_quarter": 20203,
            "year": 2020,
            "quarter": 3,
            "eps": 0.48,
            "eps_growth_year": 92,
            "eps_4q": 0.67,
            "eps_4q_growth_year": -4.94,
            "roe": 3.14,
            "roe_4q": 4.390000000000001,
            "gross_profit": 134912,
            "gross_margin": 15.2,
            "gross_margin_4q_avg": 10.36,
            "net_income": 71740,
            "net_income_4q": null,
            "revenue": 887776,
            "revenue_4q": null,
            "common_shares": 1500000,
            "book_valuer_per_share": 15.48,
            "book_valuer_per_share_4q_avg": 15.34,
            "equity": 2321586,
            "current_ratio": 136.68,
            "debt_ratio": 57.18,
            "inventory_turnover_ratio": 1.66,
            "account_receivable_turnover_ratio": 1.72,
            "reinvestment_rate": 93.63,
            "research_to_sale_ratio": 0.92,
            "price_fair": 31.7,
            "eps_avg_yearly": 0.91,
            "eps_latest_yearly": 1.92,
            "eps_growth_yearly": 768.54
        },
        "20204": {
            "year_quarter": 20204,
            "year": 2020,
            "quarter": 4,
            "eps": 0.44,
            "eps_growth_year": 86.05,
            "eps_4q": 0.87,
            "eps_4q_growth_year": 48.77,
            "roe": 2.8,
            "roe_4q": 5.659999999999999,
            "gross_profit": 155186,
            "gross_margin": 15.43,
            "gross_margin_4q_avg": 11.37,
            "net_income": 66074,
            "net_income_4q": null,
            "revenue": 1005733,
            "revenue_4q": null,
            "common_shares": 1500000,
            "book_valuer_per_share": 15.96,
            "book_valuer_per_share_4q_avg": 15.43,
            "equity": 2393691,
            "current_ratio": 122.51,
            "debt_ratio": 56.1,
            "inventory_turnover_ratio": 1.93,
            "account_receivable_turnover_ratio": 1.79,
            "reinvestment_rate": 107.31,
            "research_to_sale_ratio": 1.3,
            "price_fair": 32.2,
            "eps_avg_yearly": 0.92,
            "eps_latest_yearly": 1.76,
            "eps_growth_yearly": 760.96
        },
        "20211": {
            "year_quarter": 20211,
            "year": 2021,
            "quarter": 1,
            "eps": 0.18,
            "eps_growth_year": null,
            "eps_4q": 1.32,
            "eps_4q_growth_year": 473.19,
            "roe": 1.14,
            "roe_4q": 8.52,
            "gross_profit": 94941,
            "gross_margin": 11.06,
            "gross_margin_4q_avg": 13.35,
            "net_income": 27467,
            "net_income_4q": null,
            "revenue": 858153,
            "revenue_4q": null,
            "common_shares": 1500000,
            "book_valuer_per_share": 16.19,
            "book_valuer_per_share_4q_avg": 15.67,
            "equity": 2428961,
            "current_ratio": 127.53,
            "debt_ratio": 54.64,
            "inventory_turnover_ratio": 1.88,
            "account_receivable_turnover_ratio": 1.63,
            "reinvestment_rate": 104.87,
            "research_to_sale_ratio": 1.03,
            "price_fair": 33,
            "eps_avg_yearly": 0.94,
            "eps_latest_yearly": 0.72,
            "eps_growth_yearly": 765.32
        },
        "20212": {
            "year_quarter": 20212,
            "year": 2021,
            "quarter": 2,
            "eps": -0.51,
            "eps_growth_year": -331.82,
            "eps_4q": 0.59,
            "eps_4q_growth_year": 35.68,
            "roe": -3.29,
            "roe_4q": 3.7899999999999996,
            "gross_profit": 121526,
            "gross_margin": 12.48,
            "gross_margin_4q_avg": 13.54,
            "net_income": -76859,
            "net_income_4q": null,
            "revenue": 973381,
            "revenue_4q": null,
            "common_shares": 1500000,
            "book_valuer_per_share": 14.92,
            "book_valuer_per_share_4q_avg": 15.64,
            "equity": 2238129,
            "current_ratio": 117.8,
            "debt_ratio": 59.57,
            "inventory_turnover_ratio": 2.07,
            "account_receivable_turnover_ratio": 2.03,
            "reinvestment_rate": 141.24,
            "research_to_sale_ratio": 1.09,
            "price_fair": 33.17,
            "eps_avg_yearly": 0.95,
            "eps_latest_yearly": 0.72,
            "eps_growth_yearly": 787.27
        },
        "20213": {
            "year_quarter": 20213,
            "year": 2021,
            "quarter": 3,
            "eps": -0.21,
            "eps_growth_year": -143.75,
            "eps_4q": -0.1,
            "eps_4q_growth_year": -114.9,
            "roe": -1.14,
            "roe_4q": -0.4900000000000002,
            "gross_profit": 66318,
            "gross_margin": 8.14,
            "gross_margin_4q_avg": 11.78,
            "net_income": -27122,
            "net_income_4q": null,
            "revenue": 815100,
            "revenue_4q": null,
            "common_shares": 1500000,
            "book_valuer_per_share": 15.13,
            "book_valuer_per_share_4q_avg": 15.55,
            "equity": 2520870,
            "current_ratio": 146.64,
            "debt_ratio": 56.27,
            "inventory_turnover_ratio": 1.61,
            "account_receivable_turnover_ratio": 1.69,
            "reinvestment_rate": 178.11,
            "research_to_sale_ratio": 1.02,
            "price_fair": 33.6,
            "eps_avg_yearly": 0.96,
            "eps_latest_yearly": 0.72,
            "eps_growth_yearly": 855.91
        },
        "20214": {
            "year_quarter": 20214,
            "year": 2021,
            "quarter": 4,
            "eps": -0.15,
            "eps_growth_year": -134.44,
            "eps_4q": -0.69,
            "eps_4q_growth_year": -179.42,
            "roe": -0.72,
            "roe_4q": -4.010000000000001,
            "gross_profit": 69629,
            "gross_margin": 7.83,
            "gross_margin_4q_avg": 9.88,
            "net_income": -18147,
            "net_income_4q": null,
            "revenue": 888915,
            "revenue_4q": null,
            "common_shares": 1500000,
            "book_valuer_per_share": 14.96,
            "book_valuer_per_share_4q_avg": 15.3,
            "equity": 2499808,
            "current_ratio": 193.07,
            "debt_ratio": 59.55,
            "inventory_turnover_ratio": 1.55,
            "account_receivable_turnover_ratio": 1.66,
            "reinvestment_rate": 228.52,
            "research_to_sale_ratio": 1.18,
            "price_fair": 31.31,
            "eps_avg_yearly": 0.89,
            "eps_latest_yearly": 0.72,
            "eps_growth_yearly": 893.72
        },
        "20221": {
            "year_quarter": 20221,
            "year": 2022,
            "quarter": 1,
            "eps": -0.48,
            "eps_growth_year": -366.67,
            "eps_4q": -1.35,
            "eps_4q_growth_year": -202.35,
            "roe": -2.61,
            "roe_4q": -7.76,
            "gross_profit": 5301,
            "gross_margin": 0.73,
            "gross_margin_4q_avg": 7.3,
            "net_income": -65272,
            "net_income_4q": null,
            "revenue": 723851,
            "revenue_4q": null,
            "common_shares": 1500000,
            "book_valuer_per_share": 14.93,
            "book_valuer_per_share_4q_avg": 14.99,
            "equity": 2510609,
            "current_ratio": 174.92,
            "debt_ratio": 60.18,
            "inventory_turnover_ratio": 1.19,
            "account_receivable_turnover_ratio": 1.33,
            "reinvestment_rate": 389.61,
            "research_to_sale_ratio": 1.21,
            "price_fair": 33.46,
            "eps_avg_yearly": 0.96,
            "eps_latest_yearly": 0.72,
            "eps_growth_yearly": 1016.42
        },
        "20222": {
            "year_quarter": 20222,
            "year": 2022,
            "quarter": 2,
            "eps": 0.06,
            "eps_growth_year": null,
            "eps_4q": -0.78,
            "eps_4q_growth_year": -232.07,
            "roe": 1.11,
            "roe_4q": -3.3599999999999994,
            "gross_profit": 107933,
            "gross_margin": 11.28,
            "gross_margin_4q_avg": 7,
            "net_income": 26891,
            "net_income_4q": null,
            "revenue": 957017,
            "revenue_4q": null,
            "common_shares": 1500000,
            "book_valuer_per_share": 14.01,
            "book_valuer_per_share_4q_avg": 14.76,
            "equity": 2330648,
            "current_ratio": 156.47,
            "debt_ratio": 63.67,
            "inventory_turnover_ratio": 1.23,
            "account_receivable_turnover_ratio": 1.92,
            "reinvestment_rate": 507.63,
            "research_to_sale_ratio": 0.99,
            "price_fair": 34.38,
            "eps_avg_yearly": 0.98,
            "eps_latest_yearly": 0.72,
            "eps_growth_yearly": 1059.52
        },
        "20223": {
            "year_quarter": 20223,
            "year": 2022,
            "quarter": 3,
            "eps": 0.42,
            "eps_growth_year": null,
            "eps_4q": -0.15,
            "eps_4q_growth_year": null,
            "roe": 3.82,
            "roe_4q": 1.5999999999999999,
            "gross_profit": 135621,
            "gross_margin": 11.52,
            "gross_margin_4q_avg": 7.84,
            "net_income": 88767,
            "net_income_4q": null,
            "revenue": 1177709,
            "revenue_4q": null,
            "common_shares": 1500000,
            "book_valuer_per_share": 13.71,
            "book_valuer_per_share_4q_avg": 14.4,
            "equity": 2314030,
            "current_ratio": 154.3,
            "debt_ratio": 65.4,
            "inventory_turnover_ratio": 1.39,
            "account_receivable_turnover_ratio": 2.02,
            "reinvestment_rate": 410.49,
            "research_to_sale_ratio": 0.83,
            "price_fair": 38.27,
            "eps_avg_yearly": 1.09,
            "eps_latest_yearly": 1.68,
            "eps_growth_yearly": 1328.65
        },
        "20224": {
            "year_quarter": 20224,
            "year": 2022,
            "quarter": 4,
            "eps": 0.25,
            "eps_growth_year": null,
            "eps_4q": 0.25,
            "eps_4q_growth_year": null,
            "roe": 2.19,
            "roe_4q": 4.51,
            "gross_profit": 170168,
            "gross_margin": 12.24,
            "gross_margin_4q_avg": 8.94,
            "net_income": 52601,
            "net_income_4q": null,
            "revenue": 1390598,
            "revenue_4q": null,
            "common_shares": 1500000,
            "book_valuer_per_share": 14.71,
            "book_valuer_per_share_4q_avg": 14.34,
            "equity": 2499900,
            "current_ratio": 99.41,
            "debt_ratio": 66.27,
            "inventory_turnover_ratio": 1.67,
            "account_receivable_turnover_ratio": 1.78,
            "reinvestment_rate": 461.47,
            "research_to_sale_ratio": 0.88,
            "price_fair": 36.71,
            "eps_avg_yearly": 1.05,
            "eps_latest_yearly": 1,
            "eps_growth_yearly": 1263.6
        },
        "20231": {
            "year_quarter": 20231,
            "year": 2023,
            "quarter": 1,
            "eps": 0.03,
            "eps_growth_year": null,
            "eps_4q": 0.76,
            "eps_4q_growth_year": null,
            "roe": 0.67,
            "roe_4q": 7.79,
            "gross_profit": 96805,
            "gross_margin": 8.3,
            "gross_margin_4q_avg": 10.84,
            "net_income": 16493,
            "net_income_4q": null,
            "revenue": 1165820,
            "revenue_4q": null,
            "common_shares": 1500000,
            "book_valuer_per_share": 14.29,
            "book_valuer_per_share_4q_avg": 14.18,
            "equity": 2436863,
            "current_ratio": 127.01,
            "debt_ratio": 65.61,
            "inventory_turnover_ratio": 1.51,
            "account_receivable_turnover_ratio": 1.36,
            "reinvestment_rate": 558.42,
            "research_to_sale_ratio": 0.67,
            "price_fair": 35.78,
            "eps_avg_yearly": 1.02,
            "eps_latest_yearly": 0.12,
            "eps_growth_yearly": 1257.51
        },
        "20232": {
            "year_quarter": 20232,
            "year": 2023,
            "quarter": 2,
            "eps": 0.25,
            "eps_growth_year": 316.67,
            "eps_4q": 0.95,
            "eps_4q_growth_year": null,
            "roe": 2.56,
            "roe_4q": 9.24,
            "gross_profit": 177605,
            "gross_margin": 13.5,
            "gross_margin_4q_avg": 11.39,
            "net_income": 62467,
            "net_income_4q": null,
            "revenue": 1315243,
            "revenue_4q": null,
            "common_shares": 1500000,
            "book_valuer_per_share": 14.53,
            "book_valuer_per_share_4q_avg": 14.31,
            "equity": 2436306,
            "current_ratio": 129.84,
            "debt_ratio": 66.02,
            "inventory_turnover_ratio": 1.59,
            "account_receivable_turnover_ratio": 1.62,
            "reinvestment_rate": 422.45,
            "research_to_sale_ratio": 1.14,
            "price_fair": 39.51,
            "eps_avg_yearly": 1.13,
            "eps_latest_yearly": 1,
            "eps_growth_yearly": 1622.94
        },
        "20233": {
            "year_quarter": 20233,
            "year": 2023,
            "quarter": 3,
            "eps": 0.26,
            "eps_growth_year": -38.1,
            "eps_4q": 0.79,
            "eps_4q_growth_year": null,
            "roe": 2.96,
            "roe_4q": 8.379999999999999,
            "gross_profit": 164311,
            "gross_margin": 11.75,
            "gross_margin_4q_avg": 11.45,
            "net_income": 73066,
            "net_income_4q": null,
            "revenue": 1398749,
            "revenue_4q": null,
            "common_shares": 1500000,
            "book_valuer_per_share": 14.7,
            "book_valuer_per_share_4q_avg": 14.56,
            "equity": 2494194,
            "current_ratio": 115.16,
            "debt_ratio": 65.23,
            "inventory_turnover_ratio": 1.71,
            "account_receivable_turnover_ratio": 1.57,
            "reinvestment_rate": 382.05,
            "research_to_sale_ratio": 0.88,
            "price_fair": 39.67,
            "eps_avg_yearly": 1.13,
            "eps_latest_yearly": 1.04,
            "eps_growth_yearly": 558.05
        }
    },
    "months": {
        "2014-09": {
            "month": "2014-09",
            "price": "40.59",
            "revenue": 349631
        },
        "2014-10": {
            "month": "2014-10",
            "price": "38.53",
            "revenue": 388305
        },
        "2014-11": {
            "month": "2014-11",
            "price": "34.47",
            "revenue": 343558
        },
        "2014-12": {
            "month": "2014-12",
            "price": "33.52",
            "revenue": 336947
        },
        "2015-01": {
            "month": "2015-01",
            "price": "34.66",
            "revenue": 359771
        },
        "2015-02": {
            "month": "2015-02",
            "price": "35.73",
            "revenue": 221714
        },
        "2015-03": {
            "month": "2015-03",
            "price": "39.82",
            "revenue": 307914
        },
        "2015-04": {
            "month": "2015-04",
            "price": "48.01",
            "revenue": 314786
        },
        "2015-05": {
            "month": "2015-05",
            "price": "48.24",
            "revenue": 288812
        },
        "2015-06": {
            "month": "2015-06",
            "price": "48.01",
            "revenue": 296424
        },
        "2015-07": {
            "month": "2015-07",
            "price": "33.01",
            "revenue": 334435
        },
        "2015-08": {
            "month": "2015-08",
            "price": "25.18",
            "revenue": 233760
        },
        "2015-09": {
            "month": "2015-09",
            "price": "26.59",
            "revenue": 223947
        },
        "2015-10": {
            "month": "2015-10",
            "price": "25.98",
            "revenue": 270550
        },
        "2015-11": {
            "month": "2015-11",
            "price": "25.35",
            "revenue": 259918
        },
        "2015-12": {
            "month": "2015-12",
            "price": "25.50",
            "revenue": 275734
        },
        "2016-01": {
            "month": "2016-01",
            "price": "21.54",
            "revenue": 281738
        },
        "2016-02": {
            "month": "2016-02",
            "price": "21.79",
            "revenue": 163040
        },
        "2016-03": {
            "month": "2016-03",
            "price": "22.81",
            "revenue": 261526
        },
        "2016-04": {
            "month": "2016-04",
            "price": "20.87",
            "revenue": 234531
        },
        "2016-05": {
            "month": "2016-05",
            "price": "19.16",
            "revenue": 249443
        },
        "2016-06": {
            "month": "2016-06",
            "price": "18.88",
            "revenue": 267294
        },
        "2016-07": {
            "month": "2016-07",
            "price": "18.26",
            "revenue": 234283
        },
        "2016-08": {
            "month": "2016-08",
            "price": "17.61",
            "revenue": 243942
        },
        "2016-09": {
            "month": "2016-09",
            "price": "17.43",
            "revenue": 202473
        },
        "2016-10": {
            "month": "2016-10",
            "price": "16.86",
            "revenue": 232474
        },
        "2016-11": {
            "month": "2016-11",
            "price": "16.99",
            "revenue": 267732
        },
        "2016-12": {
            "month": "2016-12",
            "price": "17.81",
            "revenue": 277417
        },
        "2017-01": {
            "month": "2017-01",
            "price": "17.15",
            "revenue": 223725
        },
        "2017-02": {
            "month": "2017-02",
            "price": "18.09",
            "revenue": 188580
        },
        "2017-03": {
            "month": "2017-03",
            "price": "18.70",
            "revenue": 254687
        },
        "2017-04": {
            "month": "2017-04",
            "price": "19.60",
            "revenue": 230512
        },
        "2017-05": {
            "month": "2017-05",
            "price": "19.09",
            "revenue": 239176
        },
        "2017-06": {
            "month": "2017-06",
            "price": "19.24",
            "revenue": 222132
        },
        "2017-07": {
            "month": "2017-07",
            "price": "18.25",
            "revenue": 224367
        },
        "2017-08": {
            "month": "2017-08",
            "price": "17.39",
            "revenue": 235655
        },
        "2017-09": {
            "month": "2017-09",
            "price": "17.25",
            "revenue": 224138
        },
        "2017-10": {
            "month": "2017-10",
            "price": "17.15",
            "revenue": 218833
        },
        "2017-11": {
            "month": "2017-11",
            "price": "17.81",
            "revenue": 233640
        },
        "2017-12": {
            "month": "2017-12",
            "price": "17.40",
            "revenue": 339094
        },
        "2018-01": {
            "month": "2018-01",
            "price": "17.89",
            "revenue": 249173
        },
        "2018-02": {
            "month": "2018-02",
            "price": "17.35",
            "revenue": 150995
        },
        "2018-03": {
            "month": "2018-03",
            "price": "17.92",
            "revenue": 233084
        },
        "2018-04": {
            "month": "2018-04",
            "price": "19.99",
            "revenue": 196012
        },
        "2018-05": {
            "month": "2018-05",
            "price": "23.23",
            "revenue": 228431
        },
        "2018-06": {
            "month": "2018-06",
            "price": "30.60",
            "revenue": 202714
        },
        "2018-07": {
            "month": "2018-07",
            "price": "26.45",
            "revenue": 217866
        },
        "2018-08": {
            "month": "2018-08",
            "price": "27.22",
            "revenue": 230441
        },
        "2018-09": {
            "month": "2018-09",
            "price": "28.36",
            "revenue": 222015
        },
        "2018-10": {
            "month": "2018-10",
            "price": "29.78",
            "revenue": 271866
        },
        "2018-11": {
            "month": "2018-11",
            "price": "30.54",
            "revenue": 268711
        },
        "2018-12": {
            "month": "2018-12",
            "price": "27.12",
            "revenue": 312257
        },
        "2019-01": {
            "month": "2019-01",
            "price": "25.48",
            "revenue": 270845
        },
        "2019-02": {
            "month": "2019-02",
            "price": "26.57",
            "revenue": 190838
        },
        "2019-03": {
            "month": "2019-03",
            "price": "27.09",
            "revenue": 263914
        },
        "2019-04": {
            "month": "2019-04",
            "price": "26.30",
            "revenue": 254904
        },
        "2019-05": {
            "month": "2019-05",
            "price": "25.42",
            "revenue": 274588
        },
        "2019-06": {
            "month": "2019-06",
            "price": "25.07",
            "revenue": 239147
        },
        "2019-07": {
            "month": "2019-07",
            "price": "24.82",
            "revenue": 252303
        },
        "2019-08": {
            "month": "2019-08",
            "price": "25.08",
            "revenue": 261532
        },
        "2019-09": {
            "month": "2019-09",
            "price": "26.49",
            "revenue": 246871
        },
        "2019-10": {
            "month": "2019-10",
            "price": "39.39",
            "revenue": 303508
        },
        "2019-11": {
            "month": "2019-11",
            "price": "47.33",
            "revenue": 271403
        },
        "2019-12": {
            "month": "2019-12",
            "price": "44.15",
            "revenue": 260762
        },
        "2020-01": {
            "month": "2020-01",
            "price": "42.44",
            "revenue": 207321
        },
        "2020-02": {
            "month": "2020-02",
            "price": "40.82",
            "revenue": 216359
        },
        "2020-03": {
            "month": "2020-03",
            "price": "35.13",
            "revenue": 234009
        },
        "2020-04": {
            "month": "2020-04",
            "price": "33.15",
            "revenue": 237648
        },
        "2020-05": {
            "month": "2020-05",
            "price": "38.64",
            "revenue": 240214
        },
        "2020-06": {
            "month": "2020-06",
            "price": "38.84",
            "revenue": 269660
        },
        "2020-07": {
            "month": "2020-07",
            "price": "38.40",
            "revenue": 272811
        },
        "2020-08": {
            "month": "2020-08",
            "price": "37.23",
            "revenue": 294706
        },
        "2020-09": {
            "month": "2020-09",
            "price": "37.71",
            "revenue": 320259
        },
        "2020-10": {
            "month": "2020-10",
            "price": "36.71",
            "revenue": 321315
        },
        "2020-11": {
            "month": "2020-11",
            "price": "36.16",
            "revenue": 356573
        },
        "2020-12": {
            "month": "2020-12",
            "price": "37.04",
            "revenue": 327845
        },
        "2021-01": {
            "month": "2021-01",
            "price": "36.79",
            "revenue": 331023
        },
        "2021-02": {
            "month": "2021-02",
            "price": "35.44",
            "revenue": 250899
        },
        "2021-03": {
            "month": "2021-03",
            "price": "36.43",
            "revenue": 276231
        },
        "2021-04": {
            "month": "2021-04",
            "price": "37.96",
            "revenue": 345206
        },
        "2021-05": {
            "month": "2021-05",
            "price": "36.27",
            "revenue": 360281
        },
        "2021-06": {
            "month": "2021-06",
            "price": "37.25",
            "revenue": 267894
        },
        "2021-07": {
            "month": "2021-07",
            "price": "38.22",
            "revenue": 263738
        },
        "2021-08": {
            "month": "2021-08",
            "price": "36.63",
            "revenue": 268600
        },
        "2021-09": {
            "month": "2021-09",
            "price": "35.90",
            "revenue": 282762
        },
        "2021-10": {
            "month": "2021-10",
            "price": "33.78",
            "revenue": 278238
        },
        "2021-11": {
            "month": "2021-11",
            "price": "31.94",
            "revenue": 262624
        },
        "2021-12": {
            "month": "2021-12",
            "price": "30.65",
            "revenue": 348353
        },
        "2022-01": {
            "month": "2022-01",
            "price": "29.22",
            "revenue": 256644
        },
        "2022-02": {
            "month": "2022-02",
            "price": "29.12",
            "revenue": 185409
        },
        "2022-03": {
            "month": "2022-03",
            "price": "28.89",
            "revenue": 281786
        },
        "2022-04": {
            "month": "2022-04",
            "price": "28.88",
            "revenue": 301672
        },
        "2022-05": {
            "month": "2022-05",
            "price": "26.00",
            "revenue": 295017
        },
        "2022-06": {
            "month": "2022-06",
            "price": "21.53",
            "revenue": 360341
        },
        "2022-07": {
            "month": "2022-07",
            "price": "20.57",
            "revenue": 373645
        },
        "2022-08": {
            "month": "2022-08",
            "price": "20.28",
            "revenue": 412864
        },
        "2022-09": {
            "month": "2022-09",
            "price": "20.17",
            "revenue": 391199
        },
        "2022-10": {
            "month": "2022-10",
            "price": "18.98",
            "revenue": 437038
        },
        "2022-11": {
            "month": "2022-11",
            "price": "19.93",
            "revenue": 482757
        },
        "2022-12": {
            "month": "2022-12",
            "price": "23.87",
            "revenue": 470803
        },
        "2023-01": {
            "month": "2023-01",
            "price": "24.07",
            "revenue": 312225
        },
        "2023-02": {
            "month": "2023-02",
            "price": "24.08",
            "revenue": 389679
        },
        "2023-03": {
            "month": "2023-03",
            "price": "23.40",
            "revenue": 463916
        },
        "2023-04": {
            "month": "2023-04",
            "price": "24.49",
            "revenue": 388842
        },
        "2023-05": {
            "month": "2023-05",
            "price": "26.19",
            "revenue": 474814
        },
        "2023-06": {
            "month": "2023-06",
            "price": "27.44",
            "revenue": 451587
        },
        "2023-07": {
            "month": "2023-07",
            "price": "25.71",
            "revenue": 423134
        },
        "2023-08": {
            "month": "2023-08",
            "price": "24.23",
            "revenue": 489597
        },
        "2023-09": {
            "month": "2023-09",
            "price": "23.74",
            "revenue": 486018
        },
        "2023-10": {
            "month": "2023-10",
            "price": "23.33",
            "revenue": 466368
        },
        "2023-11": {
            "month": "2023-11",
            "price": "23.39",
            "revenue": 560756
        },
        "2023-12": {
            "month": "2023-12",
            "price": "24.52",
            "revenue": 593936
        }
    }
}
