{
    "summary": {
        "stock_name": "億豐",
        "stock_id": "8464",
        "category": "其他",
        "main_business": "各式窗簾、窗簾零件生產及銷售",
        "website_url": "http://www.nienmade.com.tw/",
        "ceo": "粘耿豪",
        "pe_ratio": 18,
        "report_year_from": 2012,
        "report_year_to": 2023,
        "age": 11,
        "eps_negative_percentage": 0,
        "eps_growth_avg": {
            "last_all": 16.01,
            "last_2y": 11.16,
            "last_4y": 11.71,
            "last_8y": null,
            "last_12y": null,
            "last_16y": null,
            "last_20y": null,
            "at_2006_last_3y": null,
            "at_2007_last_3y": null,
            "at_2008_last_3y": null,
            "at_2009_last_3y": null,
            "at_2010_last_3y": null,
            "at_2011_last_3y": null,
            "at_2012_last_3y": null,
            "at_2013_last_3y": null,
            "at_2014_last_3y": null,
            "at_2015_last_3y": null,
            "at_2016_last_3y": null,
            "at_2017_last_3y": null,
            "at_2018_last_3y": null,
            "at_2019_last_3y": 19.65,
            "at_2020_last_3y": 7.27,
            "at_2021_last_3y": 10.62,
            "at_2022_last_3y": 14.39,
            "at_2023_last_3y": 14.39,
            "at_2006_last_all": null,
            "at_2007_last_all": null,
            "at_2008_last_all": null,
            "at_2009_last_all": null,
            "at_2010_last_all": null,
            "at_2011_last_all": null,
            "at_2012_last_all": null,
            "at_2013_last_all": null,
            "at_2014_last_all": null,
            "at_2015_last_all": null,
            "at_2016_last_all": null,
            "at_2017_last_all": 26.77,
            "at_2018_last_all": 18.17,
            "at_2019_last_all": 19.65,
            "at_2020_last_all": 17.03,
            "at_2021_last_all": 16.01,
            "at_2022_last_all": 16.01,
            "at_2023_last_all": 16.01
        },
        "latest_eps": 19.78,
        "latest_price": 348.5,
        "latest_roe": 26.49,
        "latest_gross_margin": 54.89,
        "latest_equity": 23012930,
        "latest_revenue": 6064627,
        "latest_gross_profit": 3328625,
        "latest_net_income": 1152277,
        "latest_debt_ratio": 27.63,
        "latest_current_ratio": 311.33,
        "latest_account_receivable_turnover_ratio": 2.59,
        "latest_inventory_turnover_ratio": 0.5,
        "latest_reinvestment_rate": 13.05,
        "latest_research_to_sale_ratio": 0.72
    },
    "eps_dividends": {
        "2001": {
            "cash": 0,
            "stock": 0,
            "eps": 0
        },
        "2002": {
            "cash": 0,
            "stock": 0,
            "eps": 0
        },
        "2003": {
            "cash": 0,
            "stock": 0,
            "eps": 0
        },
        "2004": {
            "cash": 0,
            "stock": 0,
            "eps": 0
        },
        "2005": {
            "cash": 0,
            "stock": 0,
            "eps": 0
        },
        "2006": {
            "cash": 0,
            "stock": 0,
            "eps": 0
        },
        "2007": {
            "cash": 0,
            "stock": 0,
            "eps": 0
        },
        "2008": {
            "cash": 0,
            "stock": 0,
            "eps": 0
        },
        "2009": {
            "cash": 0,
            "stock": 0,
            "eps": 0
        },
        "2010": {
            "cash": 0,
            "stock": 0,
            "eps": 0
        },
        "2011": {
            "cash": 0,
            "stock": 0,
            "eps": 0
        },
        "2012": {
            "cash": 0,
            "stock": 0,
            "eps": 0
        },
        "2013": {
            "cash": 0,
            "stock": 0,
            "eps": 0
        },
        "2014": {
            "cash": 0,
            "stock": 0,
            "eps": 0
        },
        "2015": {
            "cash": 0,
            "stock": 1.46,
            "eps": 8.06
        },
        "2016": {
            "cash": 8.08,
            "stock": 0,
            "eps": 12.58
        },
        "2017": {
            "cash": 10,
            "stock": 0,
            "eps": 12.26
        },
        "2018": {
            "cash": 10,
            "stock": 0,
            "eps": 12.38
        },
        "2019": {
            "cash": 10,
            "stock": 0,
            "eps": 15.36
        },
        "2020": {
            "cash": 10,
            "stock": 0,
            "eps": 16.37
        },
        "2021": {
            "cash": 10,
            "stock": 0,
            "eps": 18.15
        },
        "2022": {
            "cash": 11,
            "stock": 0,
            "eps": 21.06
        },
        "2023": {
            "cash": 11,
            "stock": 0,
            "eps": 3.85
        }
    },
    "dividends": {
        "2015-03-16": {
            "cash": 0,
            "stock": 1.46
        },
        "2016-08-10": {
            "cash": 8.08,
            "stock": 0
        },
        "2017-08-29": {
            "cash": 10,
            "stock": 0
        },
        "2018-08-10": {
            "cash": 10,
            "stock": 0
        },
        "2019-08-08": {
            "cash": 10,
            "stock": 0
        },
        "2020-08-13": {
            "cash": 10,
            "stock": 0
        },
        "2021-08-13": {
            "cash": 10,
            "stock": 0
        },
        "2022-08-05": {
            "cash": 11,
            "stock": 0
        },
        "2023-03-14": {
            "cash": 11,
            "stock": 0
        }
    },
    "prices": {
        "200101": "無",
        "200102": "無",
        "200103": "無",
        "200104": "無",
        "200105": "無",
        "200106": "無",
        "200107": "無",
        "200108": "無",
        "200109": "無",
        "200110": "無",
        "200111": "無",
        "200112": "無",
        "200201": "無",
        "200202": "無",
        "200203": "無",
        "200204": "無",
        "200205": "無",
        "200206": "無",
        "200207": "無",
        "200208": "無",
        "200209": "無",
        "200210": "無",
        "200211": "無",
        "200212": "無",
        "200301": "無",
        "200302": "無",
        "200303": "無",
        "200304": "無",
        "200305": "無",
        "200306": "無",
        "200307": "無",
        "200308": "無",
        "200309": "無",
        "200310": "無",
        "200311": "無",
        "200312": "無",
        "200401": "無",
        "200402": "無",
        "200403": "無",
        "200404": "無",
        "200405": "無",
        "200406": "無",
        "200407": "無",
        "200408": "無",
        "200409": "無",
        "200410": "無",
        "200411": "無",
        "200412": "無",
        "200501": "無",
        "200502": "無",
        "200503": "無",
        "200504": "無",
        "200505": "無",
        "200506": "無",
        "200507": "無",
        "200508": "無",
        "200509": "無",
        "200510": "無",
        "200511": "無",
        "200512": "無",
        "200601": "無",
        "200602": "無",
        "200603": "無",
        "200604": "無",
        "200605": "無",
        "200606": "無",
        "200607": "無",
        "200608": "無",
        "200609": "無",
        "200610": "無",
        "200611": "無",
        "200612": "無",
        "200701": "無",
        "200702": "無",
        "200703": "無",
        "200704": "無",
        "200705": "無",
        "200706": "無",
        "200707": "無",
        "200708": "無",
        "200709": "無",
        "200710": "無",
        "200711": "無",
        "200712": "無",
        "200801": "無",
        "200802": "無",
        "200803": "無",
        "200804": "無",
        "200805": "無",
        "200806": "無",
        "200807": "無",
        "200808": "無",
        "200809": "無",
        "200810": "無",
        "200811": "無",
        "200812": "無",
        "200901": "無",
        "200902": "無",
        "200903": "無",
        "200904": "無",
        "200905": "無",
        "200906": "無",
        "200907": "無",
        "200908": "無",
        "200909": "無",
        "200910": "無",
        "200911": "無",
        "200912": "無",
        "201001": "無",
        "201002": "無",
        "201003": "無",
        "201004": "無",
        "201005": "無",
        "201006": "無",
        "201007": "無",
        "201008": "無",
        "201009": "無",
        "201010": "無",
        "201011": "無",
        "201012": "無",
        "201101": "無",
        "201102": "無",
        "201103": "無",
        "201104": "無",
        "201105": "無",
        "201106": "無",
        "201107": "無",
        "201108": "無",
        "201109": "無",
        "201110": "無",
        "201111": "無",
        "201112": "無",
        "201201": "無",
        "201202": "無",
        "201203": "無",
        "201204": "無",
        "201205": "無",
        "201206": "無",
        "201207": "無",
        "201208": "無",
        "201209": "無",
        "201210": "無",
        "201211": "無",
        "201212": "無",
        "201301": "無",
        "201302": "無",
        "201303": "無",
        "201304": "無",
        "201305": "無",
        "201306": "無",
        "201307": "無",
        "201308": "無",
        "201309": "無",
        "201310": "無",
        "201311": "無",
        "201312": "無",
        "201401": "無",
        "201402": "無",
        "201403": "無",
        "201404": "無",
        "201405": "無",
        "201406": "無",
        "201407": "無",
        "201408": "無",
        "201409": "無",
        "201410": "無",
        "201411": "無",
        "201412": "無",
        "201501": "152.22",
        "201502": "141.07",
        "201503": "146.42",
        "201504": "148.60",
        "201505": "149.16",
        "201506": "156.54",
        "201507": "160.51",
        "201508": "153.42",
        "201509": "153.55",
        "201510": "170.81",
        "201511": "189.15",
        "201512": "224.38",
        "201601": "214.10",
        "201602": "233.08",
        "201603": "232.30",
        "201604": "255.68",
        "201605": "277.38",
        "201606": "285.24",
        "201607": "305.05",
        "201608": "342.24",
        "201609": "373.66",
        "201610": "379.80",
        "201611": "335.80",
        "201612": "334.98",
        "201701": "296.19",
        "201702": "308.89",
        "201703": "287.50",
        "201704": "275.75",
        "201705": "316.80",
        "201706": "316.80",
        "201707": "360.67",
        "201708": "336.28",
        "201709": "312.27",
        "201710": "330.45",
        "201711": "293.75",
        "201712": "291.69",
        "201801": "308.07",
        "201802": "282.85",
        "201803": "286.28",
        "201804": "272.72",
        "201805": "248.55",
        "201806": "270.22",
        "201807": "266.73",
        "201808": "255.43",
        "201809": "234.29",
        "201810": "201.89",
        "201811": "217.73",
        "201812": "237.81",
        "201901": "264.17",
        "201902": "260.77",
        "201903": "271.50",
        "201904": "254.88",
        "201905": "232.07",
        "201906": "224.13",
        "201907": "249.00",
        "201908": "258.62",
        "201909": "273.32",
        "201910": "267.76",
        "201911": "285.76",
        "201912": "274.73",
        "202001": "276.73",
        "202002": "254.63",
        "202003": "208.61",
        "202004": "208.28",
        "202005": "241.82",
        "202006": "275.88",
        "202007": "320.65",
        "202008": "349.31",
        "202009": "338.23",
        "202010": "328.39",
        "202011": "337.31",
        "202012": "325.76",
        "202101": "352.82",
        "202102": "380.54",
        "202103": "403.68",
        "202104": "426.89",
        "202105": "399.50",
        "202106": "405.33",
        "202107": "431.55",
        "202108": "440.05",
        "202109": "411.30",
        "202110": "378.32",
        "202111": "384.66",
        "202112": "400.84",
        "202201": "398.83",
        "202202": "373.43",
        "202203": "329.78",
        "202204": "315.58",
        "202205": "313.74",
        "202206": "317.95",
        "202207": "281.95",
        "202208": "288.85",
        "202209": "273.26",
        "202210": "248.15",
        "202211": "267.36",
        "202212": "283.02",
        "202301": "311.31",
        "202302": "326.19",
        "202303": "326.24",
        "202304": "330.65",
        "202305": "346.84",
        "202306": "355.35"
    },
    "quarters": {
        "20011": {
            "year_quarter": 20011,
            "year": 2001,
            "quarter": 1,
            "eps": null,
            "eps_growth_year": null,
            "eps_4q": null,
            "eps_4q_growth_year": null,
            "roe": null,
            "roe_4q": 0,
            "gross_profit": null,
            "gross_margin": null,
            "gross_margin_4q_avg": 0,
            "net_income": null,
            "revenue": null,
            "common_shares": null,
            "book_valuer_per_share": null,
            "book_valuer_per_share_4q_avg": 0,
            "equity": null,
            "current_ratio": null,
            "debt_ratio": null,
            "inventory_turnover_ratio": null,
            "account_receivable_turnover_ratio": null,
            "reinvestment_rate": null,
            "research_to_sale_ratio": null,
            "price_fair": 0,
            "eps_avg_yearly": 0,
            "eps_latest_yearly": 0,
            "eps_growth_yearly": 0
        },
        "20012": {
            "year_quarter": 20012,
            "year": 2001,
            "quarter": 2,
            "eps": null,
            "eps_growth_year": null,
            "eps_4q": null,
            "eps_4q_growth_year": null,
            "roe": null,
            "roe_4q": 0,
            "gross_profit": null,
            "gross_margin": null,
            "gross_margin_4q_avg": 0,
            "net_income": null,
            "revenue": null,
            "common_shares": null,
            "book_valuer_per_share": null,
            "book_valuer_per_share_4q_avg": 0,
            "equity": null,
            "current_ratio": null,
            "debt_ratio": null,
            "inventory_turnover_ratio": null,
            "account_receivable_turnover_ratio": null,
            "reinvestment_rate": null,
            "research_to_sale_ratio": null,
            "price_fair": 0,
            "eps_avg_yearly": 0,
            "eps_latest_yearly": 0,
            "eps_growth_yearly": 0
        },
        "20013": {
            "year_quarter": 20013,
            "year": 2001,
            "quarter": 3,
            "eps": null,
            "eps_growth_year": null,
            "eps_4q": null,
            "eps_4q_growth_year": null,
            "roe": null,
            "roe_4q": 0,
            "gross_profit": null,
            "gross_margin": null,
            "gross_margin_4q_avg": 0,
            "net_income": null,
            "revenue": null,
            "common_shares": null,
            "book_valuer_per_share": null,
            "book_valuer_per_share_4q_avg": 0,
            "equity": null,
            "current_ratio": null,
            "debt_ratio": null,
            "inventory_turnover_ratio": null,
            "account_receivable_turnover_ratio": null,
            "reinvestment_rate": null,
            "research_to_sale_ratio": null,
            "price_fair": 0,
            "eps_avg_yearly": 0,
            "eps_latest_yearly": 0,
            "eps_growth_yearly": 0
        },
        "20014": {
            "year_quarter": 20014,
            "year": 2001,
            "quarter": 4,
            "eps": null,
            "eps_growth_year": null,
            "eps_4q": null,
            "eps_4q_growth_year": null,
            "roe": null,
            "roe_4q": 0,
            "gross_profit": null,
            "gross_margin": null,
            "gross_margin_4q_avg": 0,
            "net_income": null,
            "revenue": null,
            "common_shares": null,
            "book_valuer_per_share": null,
            "book_valuer_per_share_4q_avg": 0,
            "equity": null,
            "current_ratio": null,
            "debt_ratio": null,
            "inventory_turnover_ratio": null,
            "account_receivable_turnover_ratio": null,
            "reinvestment_rate": null,
            "research_to_sale_ratio": null,
            "price_fair": 0,
            "eps_avg_yearly": 0,
            "eps_latest_yearly": 0,
            "eps_growth_yearly": 0
        },
        "20021": {
            "year_quarter": 20021,
            "year": 2002,
            "quarter": 1,
            "eps": null,
            "eps_growth_year": null,
            "eps_4q": null,
            "eps_4q_growth_year": null,
            "roe": null,
            "roe_4q": 0,
            "gross_profit": null,
            "gross_margin": null,
            "gross_margin_4q_avg": 0,
            "net_income": null,
            "revenue": null,
            "common_shares": null,
            "book_valuer_per_share": null,
            "book_valuer_per_share_4q_avg": 0,
            "equity": null,
            "current_ratio": null,
            "debt_ratio": null,
            "inventory_turnover_ratio": null,
            "account_receivable_turnover_ratio": null,
            "reinvestment_rate": null,
            "research_to_sale_ratio": null,
            "price_fair": 0,
            "eps_avg_yearly": 0,
            "eps_latest_yearly": 0,
            "eps_growth_yearly": 0
        },
        "20022": {
            "year_quarter": 20022,
            "year": 2002,
            "quarter": 2,
            "eps": null,
            "eps_growth_year": null,
            "eps_4q": null,
            "eps_4q_growth_year": null,
            "roe": null,
            "roe_4q": 0,
            "gross_profit": null,
            "gross_margin": null,
            "gross_margin_4q_avg": 0,
            "net_income": null,
            "revenue": null,
            "common_shares": null,
            "book_valuer_per_share": null,
            "book_valuer_per_share_4q_avg": 0,
            "equity": null,
            "current_ratio": null,
            "debt_ratio": null,
            "inventory_turnover_ratio": null,
            "account_receivable_turnover_ratio": null,
            "reinvestment_rate": null,
            "research_to_sale_ratio": null,
            "price_fair": 0,
            "eps_avg_yearly": 0,
            "eps_latest_yearly": 0,
            "eps_growth_yearly": 0
        },
        "20023": {
            "year_quarter": 20023,
            "year": 2002,
            "quarter": 3,
            "eps": null,
            "eps_growth_year": null,
            "eps_4q": null,
            "eps_4q_growth_year": null,
            "roe": null,
            "roe_4q": 0,
            "gross_profit": null,
            "gross_margin": null,
            "gross_margin_4q_avg": 0,
            "net_income": null,
            "revenue": null,
            "common_shares": null,
            "book_valuer_per_share": null,
            "book_valuer_per_share_4q_avg": 0,
            "equity": null,
            "current_ratio": null,
            "debt_ratio": null,
            "inventory_turnover_ratio": null,
            "account_receivable_turnover_ratio": null,
            "reinvestment_rate": null,
            "research_to_sale_ratio": null,
            "price_fair": 0,
            "eps_avg_yearly": 0,
            "eps_latest_yearly": 0,
            "eps_growth_yearly": 0
        },
        "20024": {
            "year_quarter": 20024,
            "year": 2002,
            "quarter": 4,
            "eps": null,
            "eps_growth_year": null,
            "eps_4q": null,
            "eps_4q_growth_year": null,
            "roe": null,
            "roe_4q": 0,
            "gross_profit": null,
            "gross_margin": null,
            "gross_margin_4q_avg": 0,
            "net_income": null,
            "revenue": null,
            "common_shares": null,
            "book_valuer_per_share": null,
            "book_valuer_per_share_4q_avg": 0,
            "equity": null,
            "current_ratio": null,
            "debt_ratio": null,
            "inventory_turnover_ratio": null,
            "account_receivable_turnover_ratio": null,
            "reinvestment_rate": null,
            "research_to_sale_ratio": null,
            "price_fair": 0,
            "eps_avg_yearly": 0,
            "eps_latest_yearly": 0,
            "eps_growth_yearly": 0
        },
        "20031": {
            "year_quarter": 20031,
            "year": 2003,
            "quarter": 1,
            "eps": null,
            "eps_growth_year": null,
            "eps_4q": null,
            "eps_4q_growth_year": null,
            "roe": null,
            "roe_4q": 0,
            "gross_profit": null,
            "gross_margin": null,
            "gross_margin_4q_avg": 0,
            "net_income": null,
            "revenue": null,
            "common_shares": null,
            "book_valuer_per_share": null,
            "book_valuer_per_share_4q_avg": 0,
            "equity": null,
            "current_ratio": null,
            "debt_ratio": null,
            "inventory_turnover_ratio": null,
            "account_receivable_turnover_ratio": null,
            "reinvestment_rate": null,
            "research_to_sale_ratio": null,
            "price_fair": 0,
            "eps_avg_yearly": 0,
            "eps_latest_yearly": 0,
            "eps_growth_yearly": 0
        },
        "20032": {
            "year_quarter": 20032,
            "year": 2003,
            "quarter": 2,
            "eps": null,
            "eps_growth_year": null,
            "eps_4q": null,
            "eps_4q_growth_year": null,
            "roe": null,
            "roe_4q": 0,
            "gross_profit": null,
            "gross_margin": null,
            "gross_margin_4q_avg": 0,
            "net_income": null,
            "revenue": null,
            "common_shares": null,
            "book_valuer_per_share": null,
            "book_valuer_per_share_4q_avg": 0,
            "equity": null,
            "current_ratio": null,
            "debt_ratio": null,
            "inventory_turnover_ratio": null,
            "account_receivable_turnover_ratio": null,
            "reinvestment_rate": null,
            "research_to_sale_ratio": null,
            "price_fair": 0,
            "eps_avg_yearly": 0,
            "eps_latest_yearly": 0,
            "eps_growth_yearly": 0
        },
        "20033": {
            "year_quarter": 20033,
            "year": 2003,
            "quarter": 3,
            "eps": null,
            "eps_growth_year": null,
            "eps_4q": null,
            "eps_4q_growth_year": null,
            "roe": null,
            "roe_4q": 0,
            "gross_profit": null,
            "gross_margin": null,
            "gross_margin_4q_avg": 0,
            "net_income": null,
            "revenue": null,
            "common_shares": null,
            "book_valuer_per_share": null,
            "book_valuer_per_share_4q_avg": 0,
            "equity": null,
            "current_ratio": null,
            "debt_ratio": null,
            "inventory_turnover_ratio": null,
            "account_receivable_turnover_ratio": null,
            "reinvestment_rate": null,
            "research_to_sale_ratio": null,
            "price_fair": 0,
            "eps_avg_yearly": 0,
            "eps_latest_yearly": 0,
            "eps_growth_yearly": 0
        },
        "20034": {
            "year_quarter": 20034,
            "year": 2003,
            "quarter": 4,
            "eps": null,
            "eps_growth_year": null,
            "eps_4q": null,
            "eps_4q_growth_year": null,
            "roe": null,
            "roe_4q": 0,
            "gross_profit": null,
            "gross_margin": null,
            "gross_margin_4q_avg": 0,
            "net_income": null,
            "revenue": null,
            "common_shares": null,
            "book_valuer_per_share": null,
            "book_valuer_per_share_4q_avg": 0,
            "equity": null,
            "current_ratio": null,
            "debt_ratio": null,
            "inventory_turnover_ratio": null,
            "account_receivable_turnover_ratio": null,
            "reinvestment_rate": null,
            "research_to_sale_ratio": null,
            "price_fair": 0,
            "eps_avg_yearly": 0,
            "eps_latest_yearly": 0,
            "eps_growth_yearly": 0
        },
        "20041": {
            "year_quarter": 20041,
            "year": 2004,
            "quarter": 1,
            "eps": null,
            "eps_growth_year": null,
            "eps_4q": null,
            "eps_4q_growth_year": null,
            "roe": null,
            "roe_4q": 0,
            "gross_profit": null,
            "gross_margin": null,
            "gross_margin_4q_avg": 0,
            "net_income": null,
            "revenue": null,
            "common_shares": null,
            "book_valuer_per_share": null,
            "book_valuer_per_share_4q_avg": 0,
            "equity": null,
            "current_ratio": null,
            "debt_ratio": null,
            "inventory_turnover_ratio": null,
            "account_receivable_turnover_ratio": null,
            "reinvestment_rate": null,
            "research_to_sale_ratio": null,
            "price_fair": 0,
            "eps_avg_yearly": 0,
            "eps_latest_yearly": 0,
            "eps_growth_yearly": 0
        },
        "20042": {
            "year_quarter": 20042,
            "year": 2004,
            "quarter": 2,
            "eps": null,
            "eps_growth_year": null,
            "eps_4q": null,
            "eps_4q_growth_year": null,
            "roe": null,
            "roe_4q": 0,
            "gross_profit": null,
            "gross_margin": null,
            "gross_margin_4q_avg": 0,
            "net_income": null,
            "revenue": null,
            "common_shares": null,
            "book_valuer_per_share": null,
            "book_valuer_per_share_4q_avg": 0,
            "equity": null,
            "current_ratio": null,
            "debt_ratio": null,
            "inventory_turnover_ratio": null,
            "account_receivable_turnover_ratio": null,
            "reinvestment_rate": null,
            "research_to_sale_ratio": null,
            "price_fair": 0,
            "eps_avg_yearly": 0,
            "eps_latest_yearly": 0,
            "eps_growth_yearly": 0
        },
        "20043": {
            "year_quarter": 20043,
            "year": 2004,
            "quarter": 3,
            "eps": null,
            "eps_growth_year": null,
            "eps_4q": null,
            "eps_4q_growth_year": null,
            "roe": null,
            "roe_4q": 0,
            "gross_profit": null,
            "gross_margin": null,
            "gross_margin_4q_avg": 0,
            "net_income": null,
            "revenue": null,
            "common_shares": null,
            "book_valuer_per_share": null,
            "book_valuer_per_share_4q_avg": 0,
            "equity": null,
            "current_ratio": null,
            "debt_ratio": null,
            "inventory_turnover_ratio": null,
            "account_receivable_turnover_ratio": null,
            "reinvestment_rate": null,
            "research_to_sale_ratio": null,
            "price_fair": 0,
            "eps_avg_yearly": 0,
            "eps_latest_yearly": 0,
            "eps_growth_yearly": 0
        },
        "20044": {
            "year_quarter": 20044,
            "year": 2004,
            "quarter": 4,
            "eps": null,
            "eps_growth_year": null,
            "eps_4q": null,
            "eps_4q_growth_year": null,
            "roe": null,
            "roe_4q": 0,
            "gross_profit": null,
            "gross_margin": null,
            "gross_margin_4q_avg": 0,
            "net_income": null,
            "revenue": null,
            "common_shares": null,
            "book_valuer_per_share": null,
            "book_valuer_per_share_4q_avg": 0,
            "equity": null,
            "current_ratio": null,
            "debt_ratio": null,
            "inventory_turnover_ratio": null,
            "account_receivable_turnover_ratio": null,
            "reinvestment_rate": null,
            "research_to_sale_ratio": null,
            "price_fair": 0,
            "eps_avg_yearly": 0,
            "eps_latest_yearly": 0,
            "eps_growth_yearly": 0
        },
        "20051": {
            "year_quarter": 20051,
            "year": 2005,
            "quarter": 1,
            "eps": null,
            "eps_growth_year": null,
            "eps_4q": null,
            "eps_4q_growth_year": null,
            "roe": null,
            "roe_4q": 0,
            "gross_profit": null,
            "gross_margin": null,
            "gross_margin_4q_avg": 0,
            "net_income": null,
            "revenue": null,
            "common_shares": null,
            "book_valuer_per_share": null,
            "book_valuer_per_share_4q_avg": 0,
            "equity": null,
            "current_ratio": null,
            "debt_ratio": null,
            "inventory_turnover_ratio": null,
            "account_receivable_turnover_ratio": null,
            "reinvestment_rate": null,
            "research_to_sale_ratio": null,
            "price_fair": 0,
            "eps_avg_yearly": 0,
            "eps_latest_yearly": 0,
            "eps_growth_yearly": 0
        },
        "20052": {
            "year_quarter": 20052,
            "year": 2005,
            "quarter": 2,
            "eps": null,
            "eps_growth_year": null,
            "eps_4q": null,
            "eps_4q_growth_year": null,
            "roe": null,
            "roe_4q": 0,
            "gross_profit": null,
            "gross_margin": null,
            "gross_margin_4q_avg": 0,
            "net_income": null,
            "revenue": null,
            "common_shares": null,
            "book_valuer_per_share": null,
            "book_valuer_per_share_4q_avg": 0,
            "equity": null,
            "current_ratio": null,
            "debt_ratio": null,
            "inventory_turnover_ratio": null,
            "account_receivable_turnover_ratio": null,
            "reinvestment_rate": null,
            "research_to_sale_ratio": null,
            "price_fair": 0,
            "eps_avg_yearly": 0,
            "eps_latest_yearly": 0,
            "eps_growth_yearly": 0
        },
        "20053": {
            "year_quarter": 20053,
            "year": 2005,
            "quarter": 3,
            "eps": null,
            "eps_growth_year": null,
            "eps_4q": null,
            "eps_4q_growth_year": null,
            "roe": null,
            "roe_4q": 0,
            "gross_profit": null,
            "gross_margin": null,
            "gross_margin_4q_avg": 0,
            "net_income": null,
            "revenue": null,
            "common_shares": null,
            "book_valuer_per_share": null,
            "book_valuer_per_share_4q_avg": 0,
            "equity": null,
            "current_ratio": null,
            "debt_ratio": null,
            "inventory_turnover_ratio": null,
            "account_receivable_turnover_ratio": null,
            "reinvestment_rate": null,
            "research_to_sale_ratio": null,
            "price_fair": 0,
            "eps_avg_yearly": 0,
            "eps_latest_yearly": 0,
            "eps_growth_yearly": 0
        },
        "20054": {
            "year_quarter": 20054,
            "year": 2005,
            "quarter": 4,
            "eps": null,
            "eps_growth_year": null,
            "eps_4q": null,
            "eps_4q_growth_year": null,
            "roe": null,
            "roe_4q": 0,
            "gross_profit": null,
            "gross_margin": null,
            "gross_margin_4q_avg": 0,
            "net_income": null,
            "revenue": null,
            "common_shares": null,
            "book_valuer_per_share": null,
            "book_valuer_per_share_4q_avg": 0,
            "equity": null,
            "current_ratio": null,
            "debt_ratio": null,
            "inventory_turnover_ratio": null,
            "account_receivable_turnover_ratio": null,
            "reinvestment_rate": null,
            "research_to_sale_ratio": null,
            "price_fair": 0,
            "eps_avg_yearly": 0,
            "eps_latest_yearly": 0,
            "eps_growth_yearly": 0
        },
        "20061": {
            "year_quarter": 20061,
            "year": 2006,
            "quarter": 1,
            "eps": null,
            "eps_growth_year": null,
            "eps_4q": null,
            "eps_4q_growth_year": null,
            "roe": null,
            "roe_4q": 0,
            "gross_profit": null,
            "gross_margin": null,
            "gross_margin_4q_avg": 0,
            "net_income": null,
            "revenue": null,
            "common_shares": null,
            "book_valuer_per_share": null,
            "book_valuer_per_share_4q_avg": 0,
            "equity": null,
            "current_ratio": null,
            "debt_ratio": null,
            "inventory_turnover_ratio": null,
            "account_receivable_turnover_ratio": null,
            "reinvestment_rate": null,
            "research_to_sale_ratio": null,
            "price_fair": 0,
            "eps_avg_yearly": 0,
            "eps_latest_yearly": 0,
            "eps_growth_yearly": 0
        },
        "20062": {
            "year_quarter": 20062,
            "year": 2006,
            "quarter": 2,
            "eps": null,
            "eps_growth_year": null,
            "eps_4q": null,
            "eps_4q_growth_year": null,
            "roe": null,
            "roe_4q": 0,
            "gross_profit": null,
            "gross_margin": null,
            "gross_margin_4q_avg": 0,
            "net_income": null,
            "revenue": null,
            "common_shares": null,
            "book_valuer_per_share": null,
            "book_valuer_per_share_4q_avg": 0,
            "equity": null,
            "current_ratio": null,
            "debt_ratio": null,
            "inventory_turnover_ratio": null,
            "account_receivable_turnover_ratio": null,
            "reinvestment_rate": null,
            "research_to_sale_ratio": null,
            "price_fair": 0,
            "eps_avg_yearly": 0,
            "eps_latest_yearly": 0,
            "eps_growth_yearly": 0
        },
        "20063": {
            "year_quarter": 20063,
            "year": 2006,
            "quarter": 3,
            "eps": null,
            "eps_growth_year": null,
            "eps_4q": null,
            "eps_4q_growth_year": null,
            "roe": null,
            "roe_4q": 0,
            "gross_profit": null,
            "gross_margin": null,
            "gross_margin_4q_avg": 0,
            "net_income": null,
            "revenue": null,
            "common_shares": null,
            "book_valuer_per_share": null,
            "book_valuer_per_share_4q_avg": 0,
            "equity": null,
            "current_ratio": null,
            "debt_ratio": null,
            "inventory_turnover_ratio": null,
            "account_receivable_turnover_ratio": null,
            "reinvestment_rate": null,
            "research_to_sale_ratio": null,
            "price_fair": 0,
            "eps_avg_yearly": 0,
            "eps_latest_yearly": 0,
            "eps_growth_yearly": 0
        },
        "20064": {
            "year_quarter": 20064,
            "year": 2006,
            "quarter": 4,
            "eps": null,
            "eps_growth_year": null,
            "eps_4q": null,
            "eps_4q_growth_year": null,
            "roe": null,
            "roe_4q": 0,
            "gross_profit": null,
            "gross_margin": null,
            "gross_margin_4q_avg": 0,
            "net_income": null,
            "revenue": null,
            "common_shares": null,
            "book_valuer_per_share": null,
            "book_valuer_per_share_4q_avg": 0,
            "equity": null,
            "current_ratio": null,
            "debt_ratio": null,
            "inventory_turnover_ratio": null,
            "account_receivable_turnover_ratio": null,
            "reinvestment_rate": null,
            "research_to_sale_ratio": null,
            "price_fair": 0,
            "eps_avg_yearly": 0,
            "eps_latest_yearly": 0,
            "eps_growth_yearly": 0
        },
        "20071": {
            "year_quarter": 20071,
            "year": 2007,
            "quarter": 1,
            "eps": null,
            "eps_growth_year": null,
            "eps_4q": null,
            "eps_4q_growth_year": null,
            "roe": null,
            "roe_4q": 0,
            "gross_profit": null,
            "gross_margin": null,
            "gross_margin_4q_avg": 0,
            "net_income": null,
            "revenue": null,
            "common_shares": null,
            "book_valuer_per_share": null,
            "book_valuer_per_share_4q_avg": 0,
            "equity": null,
            "current_ratio": null,
            "debt_ratio": null,
            "inventory_turnover_ratio": null,
            "account_receivable_turnover_ratio": null,
            "reinvestment_rate": null,
            "research_to_sale_ratio": null,
            "price_fair": 0,
            "eps_avg_yearly": 0,
            "eps_latest_yearly": 0,
            "eps_growth_yearly": 0
        },
        "20072": {
            "year_quarter": 20072,
            "year": 2007,
            "quarter": 2,
            "eps": null,
            "eps_growth_year": null,
            "eps_4q": null,
            "eps_4q_growth_year": null,
            "roe": null,
            "roe_4q": 0,
            "gross_profit": null,
            "gross_margin": null,
            "gross_margin_4q_avg": 0,
            "net_income": null,
            "revenue": null,
            "common_shares": null,
            "book_valuer_per_share": null,
            "book_valuer_per_share_4q_avg": 0,
            "equity": null,
            "current_ratio": null,
            "debt_ratio": null,
            "inventory_turnover_ratio": null,
            "account_receivable_turnover_ratio": null,
            "reinvestment_rate": null,
            "research_to_sale_ratio": null,
            "price_fair": 0,
            "eps_avg_yearly": 0,
            "eps_latest_yearly": 0,
            "eps_growth_yearly": 0
        },
        "20073": {
            "year_quarter": 20073,
            "year": 2007,
            "quarter": 3,
            "eps": null,
            "eps_growth_year": null,
            "eps_4q": null,
            "eps_4q_growth_year": null,
            "roe": null,
            "roe_4q": 0,
            "gross_profit": null,
            "gross_margin": null,
            "gross_margin_4q_avg": 0,
            "net_income": null,
            "revenue": null,
            "common_shares": null,
            "book_valuer_per_share": null,
            "book_valuer_per_share_4q_avg": 0,
            "equity": null,
            "current_ratio": null,
            "debt_ratio": null,
            "inventory_turnover_ratio": null,
            "account_receivable_turnover_ratio": null,
            "reinvestment_rate": null,
            "research_to_sale_ratio": null,
            "price_fair": 0,
            "eps_avg_yearly": 0,
            "eps_latest_yearly": 0,
            "eps_growth_yearly": 0
        },
        "20074": {
            "year_quarter": 20074,
            "year": 2007,
            "quarter": 4,
            "eps": null,
            "eps_growth_year": null,
            "eps_4q": null,
            "eps_4q_growth_year": null,
            "roe": null,
            "roe_4q": 0,
            "gross_profit": null,
            "gross_margin": null,
            "gross_margin_4q_avg": 0,
            "net_income": null,
            "revenue": null,
            "common_shares": null,
            "book_valuer_per_share": null,
            "book_valuer_per_share_4q_avg": 0,
            "equity": null,
            "current_ratio": null,
            "debt_ratio": null,
            "inventory_turnover_ratio": null,
            "account_receivable_turnover_ratio": null,
            "reinvestment_rate": null,
            "research_to_sale_ratio": null,
            "price_fair": 0,
            "eps_avg_yearly": 0,
            "eps_latest_yearly": 0,
            "eps_growth_yearly": 0
        },
        "20081": {
            "year_quarter": 20081,
            "year": 2008,
            "quarter": 1,
            "eps": null,
            "eps_growth_year": null,
            "eps_4q": null,
            "eps_4q_growth_year": null,
            "roe": null,
            "roe_4q": 0,
            "gross_profit": null,
            "gross_margin": null,
            "gross_margin_4q_avg": 0,
            "net_income": null,
            "revenue": null,
            "common_shares": null,
            "book_valuer_per_share": null,
            "book_valuer_per_share_4q_avg": 0,
            "equity": null,
            "current_ratio": null,
            "debt_ratio": null,
            "inventory_turnover_ratio": null,
            "account_receivable_turnover_ratio": null,
            "reinvestment_rate": null,
            "research_to_sale_ratio": null,
            "price_fair": 0,
            "eps_avg_yearly": 0,
            "eps_latest_yearly": 0,
            "eps_growth_yearly": 0
        },
        "20082": {
            "year_quarter": 20082,
            "year": 2008,
            "quarter": 2,
            "eps": null,
            "eps_growth_year": null,
            "eps_4q": null,
            "eps_4q_growth_year": null,
            "roe": null,
            "roe_4q": 0,
            "gross_profit": null,
            "gross_margin": null,
            "gross_margin_4q_avg": 0,
            "net_income": null,
            "revenue": null,
            "common_shares": null,
            "book_valuer_per_share": null,
            "book_valuer_per_share_4q_avg": 0,
            "equity": null,
            "current_ratio": null,
            "debt_ratio": null,
            "inventory_turnover_ratio": null,
            "account_receivable_turnover_ratio": null,
            "reinvestment_rate": null,
            "research_to_sale_ratio": null,
            "price_fair": 0,
            "eps_avg_yearly": 0,
            "eps_latest_yearly": 0,
            "eps_growth_yearly": 0
        },
        "20083": {
            "year_quarter": 20083,
            "year": 2008,
            "quarter": 3,
            "eps": null,
            "eps_growth_year": null,
            "eps_4q": null,
            "eps_4q_growth_year": null,
            "roe": null,
            "roe_4q": 0,
            "gross_profit": null,
            "gross_margin": null,
            "gross_margin_4q_avg": 0,
            "net_income": null,
            "revenue": null,
            "common_shares": null,
            "book_valuer_per_share": null,
            "book_valuer_per_share_4q_avg": 0,
            "equity": null,
            "current_ratio": null,
            "debt_ratio": null,
            "inventory_turnover_ratio": null,
            "account_receivable_turnover_ratio": null,
            "reinvestment_rate": null,
            "research_to_sale_ratio": null,
            "price_fair": 0,
            "eps_avg_yearly": 0,
            "eps_latest_yearly": 0,
            "eps_growth_yearly": 0
        },
        "20084": {
            "year_quarter": 20084,
            "year": 2008,
            "quarter": 4,
            "eps": null,
            "eps_growth_year": null,
            "eps_4q": null,
            "eps_4q_growth_year": null,
            "roe": null,
            "roe_4q": 0,
            "gross_profit": null,
            "gross_margin": null,
            "gross_margin_4q_avg": 0,
            "net_income": null,
            "revenue": null,
            "common_shares": null,
            "book_valuer_per_share": null,
            "book_valuer_per_share_4q_avg": 0,
            "equity": null,
            "current_ratio": null,
            "debt_ratio": null,
            "inventory_turnover_ratio": null,
            "account_receivable_turnover_ratio": null,
            "reinvestment_rate": null,
            "research_to_sale_ratio": null,
            "price_fair": 0,
            "eps_avg_yearly": 0,
            "eps_latest_yearly": 0,
            "eps_growth_yearly": 0
        },
        "20091": {
            "year_quarter": 20091,
            "year": 2009,
            "quarter": 1,
            "eps": null,
            "eps_growth_year": null,
            "eps_4q": null,
            "eps_4q_growth_year": null,
            "roe": null,
            "roe_4q": 0,
            "gross_profit": null,
            "gross_margin": null,
            "gross_margin_4q_avg": 0,
            "net_income": null,
            "revenue": null,
            "common_shares": null,
            "book_valuer_per_share": null,
            "book_valuer_per_share_4q_avg": 0,
            "equity": null,
            "current_ratio": null,
            "debt_ratio": null,
            "inventory_turnover_ratio": null,
            "account_receivable_turnover_ratio": null,
            "reinvestment_rate": null,
            "research_to_sale_ratio": null,
            "price_fair": 0,
            "eps_avg_yearly": 0,
            "eps_latest_yearly": 0,
            "eps_growth_yearly": 0
        },
        "20092": {
            "year_quarter": 20092,
            "year": 2009,
            "quarter": 2,
            "eps": null,
            "eps_growth_year": null,
            "eps_4q": null,
            "eps_4q_growth_year": null,
            "roe": null,
            "roe_4q": 0,
            "gross_profit": null,
            "gross_margin": null,
            "gross_margin_4q_avg": 0,
            "net_income": null,
            "revenue": null,
            "common_shares": null,
            "book_valuer_per_share": null,
            "book_valuer_per_share_4q_avg": 0,
            "equity": null,
            "current_ratio": null,
            "debt_ratio": null,
            "inventory_turnover_ratio": null,
            "account_receivable_turnover_ratio": null,
            "reinvestment_rate": null,
            "research_to_sale_ratio": null,
            "price_fair": 0,
            "eps_avg_yearly": 0,
            "eps_latest_yearly": 0,
            "eps_growth_yearly": 0
        },
        "20093": {
            "year_quarter": 20093,
            "year": 2009,
            "quarter": 3,
            "eps": null,
            "eps_growth_year": null,
            "eps_4q": null,
            "eps_4q_growth_year": null,
            "roe": null,
            "roe_4q": 0,
            "gross_profit": null,
            "gross_margin": null,
            "gross_margin_4q_avg": 0,
            "net_income": null,
            "revenue": null,
            "common_shares": null,
            "book_valuer_per_share": null,
            "book_valuer_per_share_4q_avg": 0,
            "equity": null,
            "current_ratio": null,
            "debt_ratio": null,
            "inventory_turnover_ratio": null,
            "account_receivable_turnover_ratio": null,
            "reinvestment_rate": null,
            "research_to_sale_ratio": null,
            "price_fair": 0,
            "eps_avg_yearly": 0,
            "eps_latest_yearly": 0,
            "eps_growth_yearly": 0
        },
        "20094": {
            "year_quarter": 20094,
            "year": 2009,
            "quarter": 4,
            "eps": null,
            "eps_growth_year": null,
            "eps_4q": null,
            "eps_4q_growth_year": null,
            "roe": null,
            "roe_4q": 0,
            "gross_profit": null,
            "gross_margin": null,
            "gross_margin_4q_avg": 0,
            "net_income": null,
            "revenue": null,
            "common_shares": null,
            "book_valuer_per_share": null,
            "book_valuer_per_share_4q_avg": 0,
            "equity": null,
            "current_ratio": null,
            "debt_ratio": null,
            "inventory_turnover_ratio": null,
            "account_receivable_turnover_ratio": null,
            "reinvestment_rate": null,
            "research_to_sale_ratio": null,
            "price_fair": 0,
            "eps_avg_yearly": 0,
            "eps_latest_yearly": 0,
            "eps_growth_yearly": 0
        },
        "20101": {
            "year_quarter": 20101,
            "year": 2010,
            "quarter": 1,
            "eps": null,
            "eps_growth_year": null,
            "eps_4q": null,
            "eps_4q_growth_year": null,
            "roe": null,
            "roe_4q": 0,
            "gross_profit": null,
            "gross_margin": null,
            "gross_margin_4q_avg": 0,
            "net_income": null,
            "revenue": null,
            "common_shares": null,
            "book_valuer_per_share": null,
            "book_valuer_per_share_4q_avg": 0,
            "equity": null,
            "current_ratio": null,
            "debt_ratio": null,
            "inventory_turnover_ratio": null,
            "account_receivable_turnover_ratio": null,
            "reinvestment_rate": null,
            "research_to_sale_ratio": null,
            "price_fair": 0,
            "eps_avg_yearly": 0,
            "eps_latest_yearly": 0,
            "eps_growth_yearly": 0
        },
        "20102": {
            "year_quarter": 20102,
            "year": 2010,
            "quarter": 2,
            "eps": null,
            "eps_growth_year": null,
            "eps_4q": null,
            "eps_4q_growth_year": null,
            "roe": null,
            "roe_4q": 0,
            "gross_profit": null,
            "gross_margin": null,
            "gross_margin_4q_avg": 0,
            "net_income": null,
            "revenue": null,
            "common_shares": null,
            "book_valuer_per_share": null,
            "book_valuer_per_share_4q_avg": 0,
            "equity": null,
            "current_ratio": null,
            "debt_ratio": null,
            "inventory_turnover_ratio": null,
            "account_receivable_turnover_ratio": null,
            "reinvestment_rate": null,
            "research_to_sale_ratio": null,
            "price_fair": 0,
            "eps_avg_yearly": 0,
            "eps_latest_yearly": 0,
            "eps_growth_yearly": 0
        },
        "20103": {
            "year_quarter": 20103,
            "year": 2010,
            "quarter": 3,
            "eps": null,
            "eps_growth_year": null,
            "eps_4q": null,
            "eps_4q_growth_year": null,
            "roe": null,
            "roe_4q": 0,
            "gross_profit": null,
            "gross_margin": null,
            "gross_margin_4q_avg": 0,
            "net_income": null,
            "revenue": null,
            "common_shares": null,
            "book_valuer_per_share": null,
            "book_valuer_per_share_4q_avg": 0,
            "equity": null,
            "current_ratio": null,
            "debt_ratio": null,
            "inventory_turnover_ratio": null,
            "account_receivable_turnover_ratio": null,
            "reinvestment_rate": null,
            "research_to_sale_ratio": null,
            "price_fair": 0,
            "eps_avg_yearly": 0,
            "eps_latest_yearly": 0,
            "eps_growth_yearly": 0
        },
        "20104": {
            "year_quarter": 20104,
            "year": 2010,
            "quarter": 4,
            "eps": null,
            "eps_growth_year": null,
            "eps_4q": null,
            "eps_4q_growth_year": null,
            "roe": null,
            "roe_4q": 0,
            "gross_profit": null,
            "gross_margin": null,
            "gross_margin_4q_avg": 0,
            "net_income": null,
            "revenue": null,
            "common_shares": null,
            "book_valuer_per_share": null,
            "book_valuer_per_share_4q_avg": 0,
            "equity": null,
            "current_ratio": null,
            "debt_ratio": null,
            "inventory_turnover_ratio": null,
            "account_receivable_turnover_ratio": null,
            "reinvestment_rate": null,
            "research_to_sale_ratio": null,
            "price_fair": 0,
            "eps_avg_yearly": 0,
            "eps_latest_yearly": 0,
            "eps_growth_yearly": 0
        },
        "20111": {
            "year_quarter": 20111,
            "year": 2011,
            "quarter": 1,
            "eps": null,
            "eps_growth_year": null,
            "eps_4q": null,
            "eps_4q_growth_year": null,
            "roe": null,
            "roe_4q": 0,
            "gross_profit": null,
            "gross_margin": null,
            "gross_margin_4q_avg": 0,
            "net_income": null,
            "revenue": null,
            "common_shares": null,
            "book_valuer_per_share": null,
            "book_valuer_per_share_4q_avg": 0,
            "equity": null,
            "current_ratio": null,
            "debt_ratio": null,
            "inventory_turnover_ratio": null,
            "account_receivable_turnover_ratio": null,
            "reinvestment_rate": null,
            "research_to_sale_ratio": null,
            "price_fair": 0,
            "eps_avg_yearly": 0,
            "eps_latest_yearly": 0,
            "eps_growth_yearly": 0
        },
        "20112": {
            "year_quarter": 20112,
            "year": 2011,
            "quarter": 2,
            "eps": null,
            "eps_growth_year": null,
            "eps_4q": null,
            "eps_4q_growth_year": null,
            "roe": null,
            "roe_4q": 0,
            "gross_profit": null,
            "gross_margin": null,
            "gross_margin_4q_avg": 0,
            "net_income": null,
            "revenue": null,
            "common_shares": null,
            "book_valuer_per_share": null,
            "book_valuer_per_share_4q_avg": 0,
            "equity": null,
            "current_ratio": null,
            "debt_ratio": null,
            "inventory_turnover_ratio": null,
            "account_receivable_turnover_ratio": null,
            "reinvestment_rate": null,
            "research_to_sale_ratio": null,
            "price_fair": 0,
            "eps_avg_yearly": 0,
            "eps_latest_yearly": 0,
            "eps_growth_yearly": 0
        },
        "20113": {
            "year_quarter": 20113,
            "year": 2011,
            "quarter": 3,
            "eps": null,
            "eps_growth_year": null,
            "eps_4q": null,
            "eps_4q_growth_year": null,
            "roe": null,
            "roe_4q": 0,
            "gross_profit": null,
            "gross_margin": null,
            "gross_margin_4q_avg": 0,
            "net_income": null,
            "revenue": null,
            "common_shares": null,
            "book_valuer_per_share": null,
            "book_valuer_per_share_4q_avg": 0,
            "equity": null,
            "current_ratio": null,
            "debt_ratio": null,
            "inventory_turnover_ratio": null,
            "account_receivable_turnover_ratio": null,
            "reinvestment_rate": null,
            "research_to_sale_ratio": null,
            "price_fair": 0,
            "eps_avg_yearly": 0,
            "eps_latest_yearly": 0,
            "eps_growth_yearly": 0
        },
        "20114": {
            "year_quarter": 20114,
            "year": 2011,
            "quarter": 4,
            "eps": null,
            "eps_growth_year": null,
            "eps_4q": null,
            "eps_4q_growth_year": null,
            "roe": null,
            "roe_4q": 0,
            "gross_profit": null,
            "gross_margin": null,
            "gross_margin_4q_avg": 0,
            "net_income": null,
            "revenue": null,
            "common_shares": 6980000,
            "book_valuer_per_share": 2.33,
            "book_valuer_per_share_4q_avg": 0.58,
            "equity": 1677050,
            "current_ratio": 153.97,
            "debt_ratio": 82.85,
            "inventory_turnover_ratio": null,
            "account_receivable_turnover_ratio": null,
            "reinvestment_rate": null,
            "research_to_sale_ratio": null,
            "price_fair": 0,
            "eps_avg_yearly": 0,
            "eps_latest_yearly": 0,
            "eps_growth_yearly": 0
        },
        "20121": {
            "year_quarter": 20121,
            "year": 2012,
            "quarter": 1,
            "eps": null,
            "eps_growth_year": null,
            "eps_4q": null,
            "eps_4q_growth_year": null,
            "roe": null,
            "roe_4q": 0,
            "gross_profit": null,
            "gross_margin": null,
            "gross_margin_4q_avg": 0,
            "net_income": null,
            "revenue": null,
            "common_shares": null,
            "book_valuer_per_share": null,
            "book_valuer_per_share_4q_avg": 0.58,
            "equity": null,
            "current_ratio": null,
            "debt_ratio": null,
            "inventory_turnover_ratio": null,
            "account_receivable_turnover_ratio": null,
            "reinvestment_rate": null,
            "research_to_sale_ratio": null,
            "price_fair": 0,
            "eps_avg_yearly": 0,
            "eps_latest_yearly": 0,
            "eps_growth_yearly": 0
        },
        "20122": {
            "year_quarter": 20122,
            "year": 2012,
            "quarter": 2,
            "eps": null,
            "eps_growth_year": null,
            "eps_4q": null,
            "eps_4q_growth_year": null,
            "roe": null,
            "roe_4q": 0,
            "gross_profit": null,
            "gross_margin": null,
            "gross_margin_4q_avg": 0,
            "net_income": null,
            "revenue": null,
            "common_shares": null,
            "book_valuer_per_share": null,
            "book_valuer_per_share_4q_avg": 0.58,
            "equity": null,
            "current_ratio": null,
            "debt_ratio": null,
            "inventory_turnover_ratio": null,
            "account_receivable_turnover_ratio": null,
            "reinvestment_rate": null,
            "research_to_sale_ratio": null,
            "price_fair": 0,
            "eps_avg_yearly": 0,
            "eps_latest_yearly": 0,
            "eps_growth_yearly": 0
        },
        "20123": {
            "year_quarter": 20123,
            "year": 2012,
            "quarter": 3,
            "eps": null,
            "eps_growth_year": null,
            "eps_4q": null,
            "eps_4q_growth_year": null,
            "roe": null,
            "roe_4q": 0,
            "gross_profit": null,
            "gross_margin": null,
            "gross_margin_4q_avg": 0,
            "net_income": null,
            "revenue": null,
            "common_shares": null,
            "book_valuer_per_share": null,
            "book_valuer_per_share_4q_avg": 0.58,
            "equity": null,
            "current_ratio": null,
            "debt_ratio": null,
            "inventory_turnover_ratio": null,
            "account_receivable_turnover_ratio": null,
            "reinvestment_rate": null,
            "research_to_sale_ratio": null,
            "price_fair": 0,
            "eps_avg_yearly": 0,
            "eps_latest_yearly": 0,
            "eps_growth_yearly": 0
        },
        "20124": {
            "year_quarter": 20124,
            "year": 2012,
            "quarter": 4,
            "eps": null,
            "eps_growth_year": null,
            "eps_4q": null,
            "eps_4q_growth_year": null,
            "roe": null,
            "roe_4q": 0,
            "gross_profit": null,
            "gross_margin": null,
            "gross_margin_4q_avg": 0,
            "net_income": null,
            "revenue": null,
            "common_shares": 6302940,
            "book_valuer_per_share": -1.45,
            "book_valuer_per_share_4q_avg": -0.36,
            "equity": -871871,
            "current_ratio": 76.92,
            "debt_ratio": 109.03,
            "inventory_turnover_ratio": null,
            "account_receivable_turnover_ratio": null,
            "reinvestment_rate": null,
            "research_to_sale_ratio": null,
            "price_fair": 0,
            "eps_avg_yearly": 0,
            "eps_latest_yearly": 0,
            "eps_growth_yearly": 0
        },
        "20131": {
            "year_quarter": 20131,
            "year": 2013,
            "quarter": 1,
            "eps": null,
            "eps_growth_year": null,
            "eps_4q": null,
            "eps_4q_growth_year": null,
            "roe": null,
            "roe_4q": 0,
            "gross_profit": null,
            "gross_margin": null,
            "gross_margin_4q_avg": 0,
            "net_income": null,
            "revenue": null,
            "common_shares": null,
            "book_valuer_per_share": null,
            "book_valuer_per_share_4q_avg": -0.36,
            "equity": null,
            "current_ratio": null,
            "debt_ratio": null,
            "inventory_turnover_ratio": null,
            "account_receivable_turnover_ratio": null,
            "reinvestment_rate": null,
            "research_to_sale_ratio": null,
            "price_fair": 0,
            "eps_avg_yearly": 0,
            "eps_latest_yearly": 0,
            "eps_growth_yearly": 0
        },
        "20132": {
            "year_quarter": 20132,
            "year": 2013,
            "quarter": 2,
            "eps": null,
            "eps_growth_year": null,
            "eps_4q": null,
            "eps_4q_growth_year": null,
            "roe": null,
            "roe_4q": 0,
            "gross_profit": null,
            "gross_margin": null,
            "gross_margin_4q_avg": 0,
            "net_income": null,
            "revenue": null,
            "common_shares": 6302940,
            "book_valuer_per_share": null,
            "book_valuer_per_share_4q_avg": -0.36,
            "equity": 204978,
            "current_ratio": null,
            "debt_ratio": null,
            "inventory_turnover_ratio": null,
            "account_receivable_turnover_ratio": null,
            "reinvestment_rate": null,
            "research_to_sale_ratio": null,
            "price_fair": 0,
            "eps_avg_yearly": 0,
            "eps_latest_yearly": 0,
            "eps_growth_yearly": 0
        },
        "20133": {
            "year_quarter": 20133,
            "year": 2013,
            "quarter": 3,
            "eps": null,
            "eps_growth_year": null,
            "eps_4q": null,
            "eps_4q_growth_year": null,
            "roe": null,
            "roe_4q": 0,
            "gross_profit": null,
            "gross_margin": null,
            "gross_margin_4q_avg": 0,
            "net_income": null,
            "revenue": null,
            "common_shares": null,
            "book_valuer_per_share": null,
            "book_valuer_per_share_4q_avg": -0.36,
            "equity": null,
            "current_ratio": null,
            "debt_ratio": null,
            "inventory_turnover_ratio": null,
            "account_receivable_turnover_ratio": null,
            "reinvestment_rate": null,
            "research_to_sale_ratio": null,
            "price_fair": 0,
            "eps_avg_yearly": 0,
            "eps_latest_yearly": 0,
            "eps_growth_yearly": 0
        },
        "20134": {
            "year_quarter": 20134,
            "year": 2013,
            "quarter": 4,
            "eps": null,
            "eps_growth_year": null,
            "eps_4q": null,
            "eps_4q_growth_year": null,
            "roe": null,
            "roe_4q": 0,
            "gross_profit": null,
            "gross_margin": null,
            "gross_margin_4q_avg": 0,
            "net_income": null,
            "revenue": null,
            "common_shares": 2500000,
            "book_valuer_per_share": null,
            "book_valuer_per_share_4q_avg": 0,
            "equity": 1034116,
            "current_ratio": null,
            "debt_ratio": null,
            "inventory_turnover_ratio": null,
            "account_receivable_turnover_ratio": null,
            "reinvestment_rate": null,
            "research_to_sale_ratio": null,
            "price_fair": 0,
            "eps_avg_yearly": 0,
            "eps_latest_yearly": 0,
            "eps_growth_yearly": 0
        },
        "20141": {
            "year_quarter": 20141,
            "year": 2014,
            "quarter": 1,
            "eps": null,
            "eps_growth_year": null,
            "eps_4q": null,
            "eps_4q_growth_year": null,
            "roe": null,
            "roe_4q": 0,
            "gross_profit": null,
            "gross_margin": null,
            "gross_margin_4q_avg": 0,
            "net_income": null,
            "revenue": null,
            "common_shares": null,
            "book_valuer_per_share": null,
            "book_valuer_per_share_4q_avg": 0,
            "equity": null,
            "current_ratio": null,
            "debt_ratio": null,
            "inventory_turnover_ratio": null,
            "account_receivable_turnover_ratio": null,
            "reinvestment_rate": null,
            "research_to_sale_ratio": null,
            "price_fair": 0,
            "eps_avg_yearly": 0,
            "eps_latest_yearly": 0,
            "eps_growth_yearly": 0
        },
        "20142": {
            "year_quarter": 20142,
            "year": 2014,
            "quarter": 2,
            "eps": null,
            "eps_growth_year": null,
            "eps_4q": null,
            "eps_4q_growth_year": null,
            "roe": null,
            "roe_4q": 0,
            "gross_profit": null,
            "gross_margin": null,
            "gross_margin_4q_avg": 0,
            "net_income": null,
            "revenue": null,
            "common_shares": 2571875,
            "book_valuer_per_share": 7.06,
            "book_valuer_per_share_4q_avg": 1.77,
            "equity": 1885937,
            "current_ratio": 150.97,
            "debt_ratio": 83.32,
            "inventory_turnover_ratio": null,
            "account_receivable_turnover_ratio": null,
            "reinvestment_rate": null,
            "research_to_sale_ratio": null,
            "price_fair": 0,
            "eps_avg_yearly": 0,
            "eps_latest_yearly": 0,
            "eps_growth_yearly": 0
        },
        "20143": {
            "year_quarter": 20143,
            "year": 2014,
            "quarter": 3,
            "eps": null,
            "eps_growth_year": null,
            "eps_4q": null,
            "eps_4q_growth_year": null,
            "roe": null,
            "roe_4q": 0,
            "gross_profit": 1497884,
            "gross_margin": null,
            "gross_margin_4q_avg": 0,
            "net_income": 513290,
            "revenue": 3414345,
            "common_shares": 2571875,
            "book_valuer_per_share": 9.7,
            "book_valuer_per_share_4q_avg": 4.19,
            "equity": 2563790,
            "current_ratio": 215.93,
            "debt_ratio": 77.37,
            "inventory_turnover_ratio": null,
            "account_receivable_turnover_ratio": null,
            "reinvestment_rate": null,
            "research_to_sale_ratio": null,
            "price_fair": 0,
            "eps_avg_yearly": 0,
            "eps_latest_yearly": 0,
            "eps_growth_yearly": 0
        },
        "20144": {
            "year_quarter": 20144,
            "year": 2014,
            "quarter": 4,
            "eps": null,
            "eps_growth_year": null,
            "eps_4q": null,
            "eps_4q_growth_year": null,
            "roe": null,
            "roe_4q": 0,
            "gross_profit": 1509692,
            "gross_margin": null,
            "gross_margin_4q_avg": 0,
            "net_income": 535115,
            "revenue": 3816575,
            "common_shares": 2271875,
            "book_valuer_per_share": 14.45,
            "book_valuer_per_share_4q_avg": 7.8,
            "equity": 3358689,
            "current_ratio": 193.4,
            "debt_ratio": 74.3,
            "inventory_turnover_ratio": null,
            "account_receivable_turnover_ratio": null,
            "reinvestment_rate": null,
            "research_to_sale_ratio": null,
            "price_fair": 0,
            "eps_avg_yearly": 0,
            "eps_latest_yearly": 0,
            "eps_growth_yearly": 0
        },
        "20151": {
            "year_quarter": 20151,
            "year": 2015,
            "quarter": 1,
            "eps": null,
            "eps_growth_year": null,
            "eps_4q": null,
            "eps_4q_growth_year": null,
            "roe": null,
            "roe_4q": 0,
            "gross_profit": 1452293,
            "gross_margin": null,
            "gross_margin_4q_avg": 0,
            "net_income": 459917,
            "revenue": 3487729,
            "common_shares": 2271875,
            "book_valuer_per_share": 16.13,
            "book_valuer_per_share_4q_avg": 11.84,
            "equity": 3743184,
            "current_ratio": 212,
            "debt_ratio": 71.12,
            "inventory_turnover_ratio": null,
            "account_receivable_turnover_ratio": null,
            "reinvestment_rate": null,
            "research_to_sale_ratio": null,
            "price_fair": 0,
            "eps_avg_yearly": 0,
            "eps_latest_yearly": 0,
            "eps_growth_yearly": 0
        },
        "20152": {
            "year_quarter": 20152,
            "year": 2015,
            "quarter": 2,
            "eps": 2.61,
            "eps_growth_year": null,
            "eps_4q": 2.61,
            "eps_4q_growth_year": null,
            "roe": 16.84,
            "roe_4q": 16.84,
            "gross_profit": 1898795,
            "gross_margin": 45.71,
            "gross_margin_4q_avg": 11.43,
            "net_income": 680416,
            "revenue": 4153757,
            "common_shares": 2271875,
            "book_valuer_per_share": 18.74,
            "book_valuer_per_share_4q_avg": 14.76,
            "equity": 4337882,
            "current_ratio": 252.55,
            "debt_ratio": 66.37,
            "inventory_turnover_ratio": 0.85,
            "account_receivable_turnover_ratio": 5.25,
            "reinvestment_rate": null,
            "research_to_sale_ratio": null,
            "price_fair": 0,
            "eps_avg_yearly": 0,
            "eps_latest_yearly": 0,
            "eps_growth_yearly": 0
        },
        "20153": {
            "year_quarter": 20153,
            "year": 2015,
            "quarter": 3,
            "eps": 2.83,
            "eps_growth_year": null,
            "eps_4q": 5.44,
            "eps_4q_growth_year": null,
            "roe": 15.34,
            "roe_4q": 32.18,
            "gross_profit": 2053927,
            "gross_margin": 45.5,
            "gross_margin_4q_avg": 22.8,
            "net_income": 752205,
            "revenue": 4514487,
            "common_shares": 2604622,
            "book_valuer_per_share": 20.64,
            "book_valuer_per_share_4q_avg": 17.49,
            "equity": 5466628,
            "current_ratio": 291.4,
            "debt_ratio": 61.79,
            "inventory_turnover_ratio": 0.92,
            "account_receivable_turnover_ratio": 2.54,
            "reinvestment_rate": null,
            "research_to_sale_ratio": 0.55,
            "price_fair": 396.2,
            "eps_avg_yearly": 11.32,
            "eps_latest_yearly": 11.32,
            "eps_growth_yearly": 33.72
        },
        "20154": {
            "year_quarter": 20154,
            "year": 2015,
            "quarter": 4,
            "eps": 2.62,
            "eps_growth_year": null,
            "eps_4q": 7.45,
            "eps_4q_growth_year": null,
            "roe": 9.47,
            "roe_4q": 41.650000000000006,
            "gross_profit": 2060718,
            "gross_margin": 44.18,
            "gross_margin_4q_avg": 33.85,
            "net_income": 778467,
            "revenue": 4664578,
            "common_shares": 2930202,
            "book_valuer_per_share": 37.12,
            "book_valuer_per_share_4q_avg": 23.16,
            "equity": 10980321,
            "current_ratio": 363.8,
            "debt_ratio": 37.75,
            "inventory_turnover_ratio": 0.95,
            "account_receivable_turnover_ratio": 2.33,
            "reinvestment_rate": null,
            "research_to_sale_ratio": 0.47,
            "price_fair": 130.99,
            "eps_avg_yearly": 10.9,
            "eps_latest_yearly": 10.48,
            "eps_growth_yearly": 2.02
        },
        "20161": {
            "year_quarter": 20161,
            "year": 2016,
            "quarter": 1,
            "eps": 2.16,
            "eps_growth_year": null,
            "eps_4q": 9.62,
            "eps_4q_growth_year": null,
            "roe": 5.75,
            "roe_4q": 47.400000000000006,
            "gross_profit": 1940136,
            "gross_margin": 46.86,
            "gross_margin_4q_avg": 45.56,
            "net_income": 644498,
            "revenue": 4140703,
            "common_shares": 2930202,
            "book_valuer_per_share": 38.65,
            "book_valuer_per_share_4q_avg": 28.79,
            "equity": 11440552,
            "current_ratio": 298.13,
            "debt_ratio": 27.76,
            "inventory_turnover_ratio": 0.8,
            "account_receivable_turnover_ratio": 2.18,
            "reinvestment_rate": null,
            "research_to_sale_ratio": 0.64,
            "price_fair": 30.44,
            "eps_avg_yearly": 10.15,
            "eps_latest_yearly": 8.64,
            "eps_growth_yearly": -22.06
        },
        "20162": {
            "year_quarter": 20162,
            "year": 2016,
            "quarter": 2,
            "eps": 3.5,
            "eps_growth_year": 34.2,
            "eps_4q": 10.8,
            "eps_4q_growth_year": 314.17,
            "roe": 9.71,
            "roe_4q": 40.269999999999996,
            "gross_profit": 2379852,
            "gross_margin": 48.13,
            "gross_margin_4q_avg": 46.17,
            "net_income": 1037337,
            "revenue": 4944656,
            "common_shares": 2930202,
            "book_valuer_per_share": 33.48,
            "book_valuer_per_share_4q_avg": 32.47,
            "equity": 9925789,
            "current_ratio": 187.4,
            "debt_ratio": 40.55,
            "inventory_turnover_ratio": 0.95,
            "account_receivable_turnover_ratio": 2.7,
            "reinvestment_rate": null,
            "research_to_sale_ratio": 0.54,
            "price_fair": 388.85,
            "eps_avg_yearly": 11.11,
            "eps_latest_yearly": 14,
            "eps_growth_yearly": 45.49
        },
        "20163": {
            "year_quarter": 20163,
            "year": 2016,
            "quarter": 3,
            "eps": 3.48,
            "eps_growth_year": 22.97,
            "eps_4q": 11.77,
            "eps_4q_growth_year": 116.47,
            "roe": 10.01,
            "roe_4q": 34.94,
            "gross_profit": 2456040,
            "gross_margin": 49.84,
            "gross_margin_4q_avg": 47.25,
            "net_income": 1031168,
            "revenue": 4927947,
            "common_shares": 2930202,
            "book_valuer_per_share": 36.01,
            "book_valuer_per_share_4q_avg": 36.32,
            "equity": 10683011,
            "current_ratio": 290.79,
            "debt_ratio": 28.46,
            "inventory_turnover_ratio": 0.93,
            "account_receivable_turnover_ratio": 2.48,
            "reinvestment_rate": null,
            "research_to_sale_ratio": 0.58,
            "price_fair": 408.52,
            "eps_avg_yearly": 11.67,
            "eps_latest_yearly": 13.92,
            "eps_growth_yearly": 35.93
        },
        "20164": {
            "year_quarter": 20164,
            "year": 2016,
            "quarter": 4,
            "eps": 3.44,
            "eps_growth_year": 31.31,
            "eps_4q": 12.59,
            "eps_4q_growth_year": 68.89,
            "roe": 9.11,
            "roe_4q": 34.58,
            "gross_profit": 2366274,
            "gross_margin": 48.78,
            "gross_margin_4q_avg": 48.4,
            "net_income": 1019171,
            "revenue": 4850631,
            "common_shares": 2930202,
            "book_valuer_per_share": 39.43,
            "book_valuer_per_share_4q_avg": 36.89,
            "equity": 11692971,
            "current_ratio": 283.43,
            "debt_ratio": 29.51,
            "inventory_turnover_ratio": 0.89,
            "account_receivable_turnover_ratio": 2.24,
            "reinvestment_rate": null,
            "research_to_sale_ratio": 0.74,
            "price_fair": 420.7,
            "eps_avg_yearly": 12.02,
            "eps_latest_yearly": 13.76,
            "eps_growth_yearly": 29.18
        },
        "20171": {
            "year_quarter": 20171,
            "year": 2017,
            "quarter": 1,
            "eps": 2.38,
            "eps_growth_year": 10.19,
            "eps_4q": 12.81,
            "eps_4q_growth_year": 33.21,
            "roe": 5.96,
            "roe_4q": 34.79,
            "gross_profit": 2142108,
            "gross_margin": 49.57,
            "gross_margin_4q_avg": 49.08,
            "net_income": 703498,
            "revenue": 4321210,
            "common_shares": 2930202,
            "book_valuer_per_share": 40.18,
            "book_valuer_per_share_4q_avg": 37.28,
            "equity": 11917402,
            "current_ratio": 306.38,
            "debt_ratio": 28.3,
            "inventory_turnover_ratio": 0.73,
            "account_receivable_turnover_ratio": 1.96,
            "reinvestment_rate": null,
            "research_to_sale_ratio": 0.56,
            "price_fair": 202.96,
            "eps_avg_yearly": 11.66,
            "eps_latest_yearly": 9.52,
            "eps_growth_yearly": 7.4
        },
        "20172": {
            "year_quarter": 20172,
            "year": 2017,
            "quarter": 2,
            "eps": 3.7,
            "eps_growth_year": 5.71,
            "eps_4q": 13.01,
            "eps_4q_growth_year": 20.45,
            "roe": 9.94,
            "roe_4q": 35.019999999999996,
            "gross_profit": 2540007,
            "gross_margin": 48.08,
            "gross_margin_4q_avg": 49.07,
            "net_income": 1099980,
            "revenue": 5282576,
            "common_shares": 2930202,
            "book_valuer_per_share": 34.33,
            "book_valuer_per_share_4q_avg": 37.49,
            "equity": 10204686,
            "current_ratio": 182.95,
            "debt_ratio": 42.77,
            "inventory_turnover_ratio": 0.93,
            "account_receivable_turnover_ratio": 2.32,
            "reinvestment_rate": null,
            "research_to_sale_ratio": 0.46,
            "price_fair": 421.93,
            "eps_avg_yearly": 12.06,
            "eps_latest_yearly": 14.8,
            "eps_growth_yearly": 34.21
        },
        "20173": {
            "year_quarter": 20173,
            "year": 2017,
            "quarter": 3,
            "eps": 3.15,
            "eps_growth_year": -9.48,
            "eps_4q": 12.68,
            "eps_4q_growth_year": 7.73,
            "roe": 8.75,
            "roe_4q": 33.76,
            "gross_profit": 2464089,
            "gross_margin": 47.87,
            "gross_margin_4q_avg": 48.58,
            "net_income": 936737,
            "revenue": 5147319,
            "common_shares": 2930202,
            "book_valuer_per_share": 37.77,
            "book_valuer_per_share_4q_avg": 37.93,
            "equity": 11194474,
            "current_ratio": 299.21,
            "debt_ratio": 28.74,
            "inventory_turnover_ratio": 0.92,
            "account_receivable_turnover_ratio": 2.11,
            "reinvestment_rate": null,
            "research_to_sale_ratio": 0.52,
            "price_fair": 409.51,
            "eps_avg_yearly": 12.12,
            "eps_latest_yearly": 12.6,
            "eps_growth_yearly": 23.8
        },
        "20174": {
            "year_quarter": 20174,
            "year": 2017,
            "quarter": 4,
            "eps": 3.03,
            "eps_growth_year": -11.88,
            "eps_4q": 12.27,
            "eps_4q_growth_year": -2.54,
            "roe": 7.77,
            "roe_4q": 32.42,
            "gross_profit": 2316309,
            "gross_margin": 46.84,
            "gross_margin_4q_avg": 48.09,
            "net_income": 905222,
            "revenue": 4945026,
            "common_shares": 2930202,
            "book_valuer_per_share": 40.8,
            "book_valuer_per_share_4q_avg": 38.27,
            "equity": 12097685,
            "current_ratio": 325.85,
            "debt_ratio": 27.57,
            "inventory_turnover_ratio": 0.85,
            "account_receivable_turnover_ratio": 2.07,
            "reinvestment_rate": null,
            "research_to_sale_ratio": 0.54,
            "price_fair": 362.23,
            "eps_avg_yearly": 12.12,
            "eps_latest_yearly": 12.12,
            "eps_growth_yearly": 19.9
        },
        "20181": {
            "year_quarter": 20181,
            "year": 2018,
            "quarter": 1,
            "eps": 1.84,
            "eps_growth_year": -22.69,
            "eps_4q": 11.73,
            "eps_4q_growth_year": -8.44,
            "roe": 4.45,
            "roe_4q": 30.909999999999997,
            "gross_profit": 2038659,
            "gross_margin": 43.54,
            "gross_margin_4q_avg": 46.58,
            "net_income": 551538,
            "revenue": 4682033,
            "common_shares": 2930202,
            "book_valuer_per_share": 42.75,
            "book_valuer_per_share_4q_avg": 38.91,
            "equity": 12680042,
            "current_ratio": 352.95,
            "debt_ratio": 26.49,
            "inventory_turnover_ratio": 0.86,
            "account_receivable_turnover_ratio": 1.96,
            "reinvestment_rate": null,
            "research_to_sale_ratio": 0.6,
            "price_fair": 161.31,
            "eps_avg_yearly": 11.68,
            "eps_latest_yearly": 7.36,
            "eps_growth_yearly": 3.81
        },
        "20182": {
            "year_quarter": 20182,
            "year": 2018,
            "quarter": 2,
            "eps": 3.56,
            "eps_growth_year": -3.78,
            "eps_4q": 11.59,
            "eps_4q_growth_year": -10.94,
            "roe": 9.03,
            "roe_4q": 30,
            "gross_profit": 2486777,
            "gross_margin": 44.73,
            "gross_margin_4q_avg": 45.75,
            "net_income": 1062307,
            "revenue": 5559616,
            "common_shares": 2930202,
            "book_valuer_per_share": 36.5,
            "book_valuer_per_share_4q_avg": 39.46,
            "equity": 10854853,
            "current_ratio": 195.13,
            "debt_ratio": 41.97,
            "inventory_turnover_ratio": 0.98,
            "account_receivable_turnover_ratio": 2.11,
            "reinvestment_rate": 8.38,
            "research_to_sale_ratio": 0.5,
            "price_fair": 416.38,
            "eps_avg_yearly": 11.9,
            "eps_latest_yearly": 14.24,
            "eps_growth_yearly": 34.65
        },
        "20183": {
            "year_quarter": 20183,
            "year": 2018,
            "quarter": 3,
            "eps": 3.65,
            "eps_growth_year": 15.87,
            "eps_4q": 12.09,
            "eps_4q_growth_year": -4.65,
            "roe": 9.69,
            "roe_4q": 30.939999999999998,
            "gross_profit": 2683782,
            "gross_margin": 46.3,
            "gross_margin_4q_avg": 45.35,
            "net_income": 1090917,
            "revenue": 5796048,
            "common_shares": 2930202,
            "book_valuer_per_share": 39.34,
            "book_valuer_per_share_4q_avg": 39.85,
            "equity": 11666587,
            "current_ratio": 258.5,
            "debt_ratio": 33.54,
            "inventory_turnover_ratio": 0.94,
            "account_receivable_turnover_ratio": 2,
            "reinvestment_rate": 7.03,
            "research_to_sale_ratio": 0.68,
            "price_fair": 423.66,
            "eps_avg_yearly": 12.1,
            "eps_latest_yearly": 14.6,
            "eps_growth_yearly": 32.76
        },
        "20184": {
            "year_quarter": 20184,
            "year": 2018,
            "quarter": 4,
            "eps": 3.33,
            "eps_growth_year": 9.89,
            "eps_4q": 12.39,
            "eps_4q_growth_year": 0.97,
            "roe": 8.26,
            "roe_4q": 31.429999999999996,
            "gross_profit": 2674340,
            "gross_margin": 45.79,
            "gross_margin_4q_avg": 45.09,
            "net_income": 1007516,
            "revenue": 5840398,
            "common_shares": 2930202,
            "book_valuer_per_share": 42.85,
            "book_valuer_per_share_4q_avg": 40.36,
            "equity": 12727380,
            "current_ratio": 278.2,
            "debt_ratio": 31.66,
            "inventory_turnover_ratio": 0.91,
            "account_receivable_turnover_ratio": 1.93,
            "reinvestment_rate": 7.73,
            "research_to_sale_ratio": 0.42,
            "price_fair": 426.7,
            "eps_avg_yearly": 12.19,
            "eps_latest_yearly": 13.32,
            "eps_growth_yearly": 27.92
        },
        "20191": {
            "year_quarter": 20191,
            "year": 2019,
            "quarter": 1,
            "eps": 2.57,
            "eps_growth_year": 39.67,
            "eps_4q": 13.12,
            "eps_4q_growth_year": 11.86,
            "roe": 5.89,
            "roe_4q": 32.87,
            "gross_profit": 2372738,
            "gross_margin": 45.83,
            "gross_margin_4q_avg": 45.66,
            "net_income": 776298,
            "revenue": 5177670,
            "common_shares": 2930202,
            "book_valuer_per_share": 45.98,
            "book_valuer_per_share_4q_avg": 41.17,
            "equity": 13612287,
            "current_ratio": 294.37,
            "debt_ratio": 29.51,
            "inventory_turnover_ratio": 0.77,
            "account_receivable_turnover_ratio": 1.8,
            "reinvestment_rate": 12.94,
            "research_to_sale_ratio": 0.8,
            "price_fair": 361.55,
            "eps_avg_yearly": 12.06,
            "eps_latest_yearly": 10.28,
            "eps_growth_yearly": 19.97
        },
        "20192": {
            "year_quarter": 20192,
            "year": 2019,
            "quarter": 2,
            "eps": 4.06,
            "eps_growth_year": 14.04,
            "eps_4q": 13.62,
            "eps_4q_growth_year": 17.58,
            "roe": 9.68,
            "roe_4q": 33.519999999999996,
            "gross_profit": 3197151,
            "gross_margin": 51.61,
            "gross_margin_4q_avg": 47.38,
            "net_income": 1229115,
            "revenue": 6194608,
            "common_shares": 2930202,
            "book_valuer_per_share": 39.7,
            "book_valuer_per_share_4q_avg": 41.97,
            "equity": 11791604,
            "current_ratio": 177.12,
            "debt_ratio": 43.22,
            "inventory_turnover_ratio": 0.82,
            "account_receivable_turnover_ratio": 2.25,
            "reinvestment_rate": 13.83,
            "research_to_sale_ratio": 0.56,
            "price_fair": 431.38,
            "eps_avg_yearly": 12.33,
            "eps_latest_yearly": 16.24,
            "eps_growth_yearly": 33.22
        },
        "20193": {
            "year_quarter": 20193,
            "year": 2019,
            "quarter": 3,
            "eps": 4.76,
            "eps_growth_year": 30.41,
            "eps_4q": 14.73,
            "eps_4q_growth_year": 21.85,
            "roe": 11.48,
            "roe_4q": 35.31,
            "gross_profit": 3387207,
            "gross_margin": 51.86,
            "gross_margin_4q_avg": 48.77,
            "net_income": 1421745,
            "revenue": 6531702,
            "common_shares": 2930202,
            "book_valuer_per_share": 43.62,
            "book_valuer_per_share_4q_avg": 43.04,
            "equity": 12967209,
            "current_ratio": 207.25,
            "debt_ratio": 37.87,
            "inventory_turnover_ratio": 0.88,
            "account_receivable_turnover_ratio": 2.29,
            "reinvestment_rate": 13.5,
            "research_to_sale_ratio": 0.44,
            "price_fair": 448.26,
            "eps_avg_yearly": 12.81,
            "eps_latest_yearly": 19.04,
            "eps_growth_yearly": 35.42
        },
        "20194": {
            "year_quarter": 20194,
            "year": 2019,
            "quarter": 4,
            "eps": 3.97,
            "eps_growth_year": 19.18,
            "eps_4q": 15.37,
            "eps_4q_growth_year": 24.06,
            "roe": 8.91,
            "roe_4q": 35.96,
            "gross_profit": 3193051,
            "gross_margin": 53,
            "gross_margin_4q_avg": 50.58,
            "net_income": 1199121,
            "revenue": 6024982,
            "common_shares": 2930202,
            "book_valuer_per_share": 46.87,
            "book_valuer_per_share_4q_avg": 44.04,
            "equity": 13953399,
            "current_ratio": 218.75,
            "debt_ratio": 37.03,
            "inventory_turnover_ratio": 0.83,
            "account_receivable_turnover_ratio": 2.23,
            "reinvestment_rate": 9.09,
            "research_to_sale_ratio": 0.53,
            "price_fair": 460.08,
            "eps_avg_yearly": 13.15,
            "eps_latest_yearly": 15.88,
            "eps_growth_yearly": 33.12
        },
        "20201": {
            "year_quarter": 20201,
            "year": 2020,
            "quarter": 1,
            "eps": 2.79,
            "eps_growth_year": 8.56,
            "eps_4q": 15.58,
            "eps_4q_growth_year": 18.78,
            "roe": 5.86,
            "roe_4q": 35.93,
            "gross_profit": 2368723,
            "gross_margin": 50.88,
            "gross_margin_4q_avg": 51.84,
            "net_income": 839824,
            "revenue": 4655685,
            "common_shares": 2930202,
            "book_valuer_per_share": 49.38,
            "book_valuer_per_share_4q_avg": 44.89,
            "equity": 14710158,
            "current_ratio": 223.21,
            "debt_ratio": 36.14,
            "inventory_turnover_ratio": 0.69,
            "account_receivable_turnover_ratio": 2.02,
            "reinvestment_rate": 9.17,
            "research_to_sale_ratio": 0.64,
            "price_fair": 465.59,
            "eps_avg_yearly": 13.3,
            "eps_latest_yearly": 11.16,
            "eps_growth_yearly": 30.08
        },
        "20202": {
            "year_quarter": 20202,
            "year": 2020,
            "quarter": 2,
            "eps": 4.12,
            "eps_growth_year": 1.48,
            "eps_4q": 15.64,
            "eps_4q_growth_year": 14.8,
            "roe": 9.13,
            "roe_4q": 35.38,
            "gross_profit": 3479193,
            "gross_margin": 57.95,
            "gross_margin_4q_avg": 53.42,
            "net_income": 1256236,
            "revenue": 6003888,
            "common_shares": 2930202,
            "book_valuer_per_share": 42.8,
            "book_valuer_per_share_4q_avg": 45.67,
            "equity": 12819755,
            "current_ratio": 158.3,
            "debt_ratio": 48.52,
            "inventory_turnover_ratio": 0.77,
            "account_receivable_turnover_ratio": 2.5,
            "reinvestment_rate": 9.34,
            "research_to_sale_ratio": 0.57,
            "price_fair": 471.01,
            "eps_avg_yearly": 13.46,
            "eps_latest_yearly": 16.48,
            "eps_growth_yearly": 26.49
        },
        "20203": {
            "year_quarter": 20203,
            "year": 2020,
            "quarter": 3,
            "eps": 5.05,
            "eps_growth_year": 6.09,
            "eps_4q": 15.93,
            "eps_4q_growth_year": 8.12,
            "roe": 11.29,
            "roe_4q": 35.19,
            "gross_profit": 4014326,
            "gross_margin": 57.44,
            "gross_margin_4q_avg": 54.82,
            "net_income": 1529448,
            "revenue": 6988817,
            "common_shares": 2930202,
            "book_valuer_per_share": 47.83,
            "book_valuer_per_share_4q_avg": 46.72,
            "equity": 14273466,
            "current_ratio": 165.66,
            "debt_ratio": 46.68,
            "inventory_turnover_ratio": 0.9,
            "account_receivable_turnover_ratio": 2.45,
            "reinvestment_rate": 11.9,
            "research_to_sale_ratio": 0.6,
            "price_fair": 484.75,
            "eps_avg_yearly": 13.85,
            "eps_latest_yearly": 20.2,
            "eps_growth_yearly": 32.28
        },
        "20204": {
            "year_quarter": 20204,
            "year": 2020,
            "quarter": 4,
            "eps": 4.41,
            "eps_growth_year": 11.02,
            "eps_4q": 16.36,
            "eps_4q_growth_year": 6.48,
            "roe": 9.03,
            "roe_4q": 35.31,
            "gross_profit": 3771247,
            "gross_margin": 55.74,
            "gross_margin_4q_avg": 55.5,
            "net_income": 1351168,
            "revenue": 6765916,
            "common_shares": 2930202,
            "book_valuer_per_share": 52.35,
            "book_valuer_per_share_4q_avg": 48.09,
            "equity": 15661245,
            "current_ratio": 175.69,
            "debt_ratio": 43.87,
            "inventory_turnover_ratio": 0.84,
            "account_receivable_turnover_ratio": 2.33,
            "reinvestment_rate": 13.71,
            "research_to_sale_ratio": 0.51,
            "price_fair": 493.24,
            "eps_avg_yearly": 14.09,
            "eps_latest_yearly": 17.64,
            "eps_growth_yearly": 29.4
        },
        "20211": {
            "year_quarter": 20211,
            "year": 2021,
            "quarter": 1,
            "eps": 4.38,
            "eps_growth_year": 56.99,
            "eps_4q": 17.96,
            "eps_4q_growth_year": 15.25,
            "roe": 8.23,
            "roe_4q": 37.68,
            "gross_profit": 3644338,
            "gross_margin": 53.71,
            "gross_margin_4q_avg": 56.21,
            "net_income": 1343558,
            "revenue": 6785423,
            "common_shares": 2930202,
            "book_valuer_per_share": 56.69,
            "book_valuer_per_share_4q_avg": 49.92,
            "equity": 16983578,
            "current_ratio": 186.61,
            "debt_ratio": 42.32,
            "inventory_turnover_ratio": 0.81,
            "account_receivable_turnover_ratio": 2.39,
            "reinvestment_rate": 14.62,
            "research_to_sale_ratio": 0.53,
            "price_fair": 510.74,
            "eps_avg_yearly": 14.59,
            "eps_latest_yearly": 17.52,
            "eps_growth_yearly": 36.93
        },
        "20212": {
            "year_quarter": 20212,
            "year": 2021,
            "quarter": 2,
            "eps": 4.18,
            "eps_growth_year": 1.46,
            "eps_4q": 18.02,
            "eps_4q_growth_year": 15.23,
            "roe": 8.1,
            "roe_4q": 36.65,
            "gross_profit": 4003211,
            "gross_margin": 53.92,
            "gross_margin_4q_avg": 55.2,
            "net_income": 1296493,
            "revenue": 7424593,
            "common_shares": 2930202,
            "book_valuer_per_share": 50.22,
            "book_valuer_per_share_4q_avg": 51.77,
            "equity": 15014290,
            "current_ratio": 154.41,
            "debt_ratio": 49.9,
            "inventory_turnover_ratio": 0.85,
            "account_receivable_turnover_ratio": 2.52,
            "reinvestment_rate": 13.64,
            "research_to_sale_ratio": 0.75,
            "price_fair": 469.66,
            "eps_avg_yearly": 14.71,
            "eps_latest_yearly": 16.72,
            "eps_growth_yearly": 21.92
        },
        "20213": {
            "year_quarter": 20213,
            "year": 2021,
            "quarter": 3,
            "eps": 4.7,
            "eps_growth_year": -6.93,
            "eps_4q": 17.67,
            "eps_4q_growth_year": 10.97,
            "roe": 9.05,
            "roe_4q": 34.41,
            "gross_profit": 4018338,
            "gross_margin": 53.51,
            "gross_margin_4q_avg": 54.22,
            "net_income": 1422659,
            "revenue": 7509224,
            "common_shares": 2930202,
            "book_valuer_per_share": 54.86,
            "book_valuer_per_share_4q_avg": 53.53,
            "equity": 16413640,
            "current_ratio": 181.07,
            "debt_ratio": 43.21,
            "inventory_turnover_ratio": 0.85,
            "account_receivable_turnover_ratio": 2.39,
            "reinvestment_rate": 14.88,
            "research_to_sale_ratio": 0.6,
            "price_fair": 528.5,
            "eps_avg_yearly": 15.1,
            "eps_latest_yearly": 18.8,
            "eps_growth_yearly": 28.75
        },
        "20214": {
            "year_quarter": 20214,
            "year": 2021,
            "quarter": 4,
            "eps": 4.89,
            "eps_growth_year": 10.9,
            "eps_4q": 18.15,
            "eps_4q_growth_year": 10.94,
            "roe": 8.74,
            "roe_4q": 34.120000000000005,
            "gross_profit": 4134643,
            "gross_margin": 56.6,
            "gross_margin_4q_avg": 54.44,
            "net_income": 1500199,
            "revenue": 7304868,
            "common_shares": 2930202,
            "book_valuer_per_share": 59.72,
            "book_valuer_per_share_4q_avg": 55.37,
            "equity": 17898662,
            "current_ratio": 206.14,
            "debt_ratio": 39.11,
            "inventory_turnover_ratio": 0.72,
            "account_receivable_turnover_ratio": 2.32,
            "reinvestment_rate": 14.73,
            "research_to_sale_ratio": 0.56,
            "price_fair": 544.78,
            "eps_avg_yearly": 15.57,
            "eps_latest_yearly": 19.56,
            "eps_growth_yearly": 30.71
        },
        "20221": {
            "year_quarter": 20221,
            "year": 2022,
            "quarter": 1,
            "eps": 5.14,
            "eps_growth_year": 17.35,
            "eps_4q": 18.91,
            "eps_4q_growth_year": 5.29,
            "roe": 8.14,
            "roe_4q": 34.03,
            "gross_profit": 3638746,
            "gross_margin": 52.51,
            "gross_margin_4q_avg": 54.14,
            "net_income": 1539868,
            "revenue": 6929825,
            "common_shares": 2930202,
            "book_valuer_per_share": 66.51,
            "book_valuer_per_share_4q_avg": 57.83,
            "equity": 19926119,
            "current_ratio": 234.33,
            "debt_ratio": 35.64,
            "inventory_turnover_ratio": 0.71,
            "account_receivable_turnover_ratio": 2.34,
            "reinvestment_rate": 16.39,
            "research_to_sale_ratio": 0.71,
            "price_fair": 573.65,
            "eps_avg_yearly": 16.39,
            "eps_latest_yearly": 20.56,
            "eps_growth_yearly": 41.81
        },
        "20222": {
            "year_quarter": 20222,
            "year": 2022,
            "quarter": 2,
            "eps": 5.66,
            "eps_growth_year": 35.41,
            "eps_4q": 20.4,
            "eps_4q_growth_year": 13.18,
            "roe": 8.08,
            "roe_4q": 34.010000000000005,
            "gross_profit": 4470320,
            "gross_margin": 54,
            "gross_margin_4q_avg": 54.16,
            "net_income": 1550283,
            "revenue": 8278845,
            "common_shares": 2930202,
            "book_valuer_per_share": 61.93,
            "book_valuer_per_share_4q_avg": 60.76,
            "equity": 18458713,
            "current_ratio": 209.06,
            "debt_ratio": 37.84,
            "inventory_turnover_ratio": 0.8,
            "account_receivable_turnover_ratio": 2.51,
            "reinvestment_rate": 17.86,
            "research_to_sale_ratio": 0.62,
            "price_fair": 523.82,
            "eps_avg_yearly": 16.92,
            "eps_latest_yearly": 22.64,
            "eps_growth_yearly": 20.97
        },
        "20223": {
            "year_quarter": 20223,
            "year": 2022,
            "quarter": 3,
            "eps": 5.24,
            "eps_growth_year": 11.49,
            "eps_4q": 20.94,
            "eps_4q_growth_year": 18.46,
            "roe": 8,
            "roe_4q": 32.96,
            "gross_profit": 3882306,
            "gross_margin": 56.15,
            "gross_margin_4q_avg": 54.82,
            "net_income": 1562254,
            "revenue": 6913783,
            "common_shares": 2930202,
            "book_valuer_per_share": 69.22,
            "book_valuer_per_share_4q_avg": 64.35,
            "equity": 20621234,
            "current_ratio": 294.25,
            "debt_ratio": 28.8,
            "inventory_turnover_ratio": 0.58,
            "account_receivable_turnover_ratio": 2.22,
            "reinvestment_rate": 19.78,
            "research_to_sale_ratio": 0.69,
            "price_fair": 493.07,
            "eps_avg_yearly": 17.31,
            "eps_latest_yearly": 20.96,
            "eps_growth_yearly": 18.48
        },
        "20224": {
            "year_quarter": 20224,
            "year": 2022,
            "quarter": 4,
            "eps": 5.02,
            "eps_growth_year": 2.67,
            "eps_4q": 21.07,
            "eps_4q_growth_year": 16.04,
            "roe": 6.71,
            "roe_4q": 30.93,
            "gross_profit": 3905394,
            "gross_margin": 57.19,
            "gross_margin_4q_avg": 54.96,
            "net_income": 1422101,
            "revenue": 6828979,
            "common_shares": 2930202,
            "book_valuer_per_share": 73.32,
            "book_valuer_per_share_4q_avg": 67.75,
            "equity": 21783105,
            "current_ratio": 292.57,
            "debt_ratio": 28.71,
            "inventory_turnover_ratio": 0.52,
            "account_receivable_turnover_ratio": 2.75,
            "reinvestment_rate": 16.97,
            "research_to_sale_ratio": 0.83,
            "price_fair": 525.36,
            "eps_avg_yearly": 17.74,
            "eps_latest_yearly": 20.08,
            "eps_growth_yearly": 19.62
        },
        "20231": {
            "year_quarter": 20231,
            "year": 2023,
            "quarter": 1,
            "eps": 3.85,
            "eps_growth_year": -25.1,
            "eps_4q": 19.78,
            "eps_4q_growth_year": 4.6,
            "roe": 5.14,
            "roe_4q": 27.93,
            "gross_profit": 3328625,
            "gross_margin": 54.89,
            "gross_margin_4q_avg": 55.56,
            "net_income": 1152277,
            "revenue": 6064627,
            "common_shares": 2930202,
            "book_valuer_per_share": 77.43,
            "book_valuer_per_share_4q_avg": 70.48,
            "equity": 23012930,
            "current_ratio": 311.33,
            "debt_ratio": 27.63,
            "inventory_turnover_ratio": 0.5,
            "account_receivable_turnover_ratio": 2.59,
            "reinvestment_rate": 13.05,
            "research_to_sale_ratio": 0.72,
            "price_fair": 532.66,
            "eps_avg_yearly": 18.06,
            "eps_latest_yearly": 15.4,
            "eps_growth_yearly": 19.5
        }
    },
    "months": {
        "2015-01": {
            "month": "2015-01",
            "price": "152.22",
            "revenue": 1246763
        },
        "2015-02": {
            "month": "2015-02",
            "price": "141.07",
            "revenue": 917468
        },
        "2015-03": {
            "month": "2015-03",
            "price": "146.42",
            "revenue": 1323787
        },
        "2015-04": {
            "month": "2015-04",
            "price": "148.60",
            "revenue": 1362858
        },
        "2015-05": {
            "month": "2015-05",
            "price": "149.16",
            "revenue": 1346384
        },
        "2015-06": {
            "month": "2015-06",
            "price": "156.54",
            "revenue": 1444226
        },
        "2015-07": {
            "month": "2015-07",
            "price": "160.51",
            "revenue": 1485977
        },
        "2015-08": {
            "month": "2015-08",
            "price": "153.42",
            "revenue": 1473728
        },
        "2015-09": {
            "month": "2015-09",
            "price": "153.55",
            "revenue": 1554782
        },
        "2015-10": {
            "month": "2015-10",
            "price": "170.81",
            "revenue": 1624138
        },
        "2015-11": {
            "month": "2015-11",
            "price": "189.15",
            "revenue": 1485900
        },
        "2015-12": {
            "month": "2015-12",
            "price": "224.38",
            "revenue": 1554540
        },
        "2016-01": {
            "month": "2016-01",
            "price": "214.10",
            "revenue": 1339510
        },
        "2016-02": {
            "month": "2016-02",
            "price": "233.08",
            "revenue": 1198352
        },
        "2016-03": {
            "month": "2016-03",
            "price": "232.30",
            "revenue": 1602841
        },
        "2016-04": {
            "month": "2016-04",
            "price": "255.68",
            "revenue": 1646967
        },
        "2016-05": {
            "month": "2016-05",
            "price": "277.38",
            "revenue": 1636199
        },
        "2016-06": {
            "month": "2016-06",
            "price": "285.24",
            "revenue": 1661490
        },
        "2016-07": {
            "month": "2016-07",
            "price": "305.05",
            "revenue": 1581264
        },
        "2016-08": {
            "month": "2016-08",
            "price": "342.24",
            "revenue": 1699985
        },
        "2016-09": {
            "month": "2016-09",
            "price": "373.66",
            "revenue": 1646698
        },
        "2016-10": {
            "month": "2016-10",
            "price": "379.80",
            "revenue": 1611557
        },
        "2016-11": {
            "month": "2016-11",
            "price": "335.80",
            "revenue": 1610010
        },
        "2016-12": {
            "month": "2016-12",
            "price": "334.98",
            "revenue": 1629064
        },
        "2017-01": {
            "month": "2017-01",
            "price": "296.19",
            "revenue": 1423285
        },
        "2017-02": {
            "month": "2017-02",
            "price": "308.89",
            "revenue": 1240581
        },
        "2017-03": {
            "month": "2017-03",
            "price": "287.50",
            "revenue": 1657344
        },
        "2017-04": {
            "month": "2017-04",
            "price": "275.75",
            "revenue": 1737041
        },
        "2017-05": {
            "month": "2017-05",
            "price": "316.80",
            "revenue": 1754262
        },
        "2017-06": {
            "month": "2017-06",
            "price": "316.80",
            "revenue": 1791273
        },
        "2017-07": {
            "month": "2017-07",
            "price": "360.67",
            "revenue": 1635926
        },
        "2017-08": {
            "month": "2017-08",
            "price": "336.28",
            "revenue": 1697499
        },
        "2017-09": {
            "month": "2017-09",
            "price": "312.27",
            "revenue": 1813894
        },
        "2017-10": {
            "month": "2017-10",
            "price": "330.45",
            "revenue": 1601165
        },
        "2017-11": {
            "month": "2017-11",
            "price": "293.75",
            "revenue": 1635458
        },
        "2017-12": {
            "month": "2017-12",
            "price": "291.69",
            "revenue": 1708403
        },
        "2018-01": {
            "month": "2018-01",
            "price": "308.07",
            "revenue": 1718833
        },
        "2018-02": {
            "month": "2018-02",
            "price": "282.85",
            "revenue": 1287615
        },
        "2018-03": {
            "month": "2018-03",
            "price": "286.28",
            "revenue": 1675585
        },
        "2018-04": {
            "month": "2018-04",
            "price": "272.72",
            "revenue": 1761981
        },
        "2018-05": {
            "month": "2018-05",
            "price": "248.55",
            "revenue": 1834948
        },
        "2018-06": {
            "month": "2018-06",
            "price": "270.22",
            "revenue": 1962687
        },
        "2018-07": {
            "month": "2018-07",
            "price": "266.73",
            "revenue": 1895619
        },
        "2018-08": {
            "month": "2018-08",
            "price": "255.43",
            "revenue": 1934057
        },
        "2018-09": {
            "month": "2018-09",
            "price": "234.29",
            "revenue": 1966372
        },
        "2018-10": {
            "month": "2018-10",
            "price": "201.89",
            "revenue": 2013840
        },
        "2018-11": {
            "month": "2018-11",
            "price": "217.73",
            "revenue": 1986472
        },
        "2018-12": {
            "month": "2018-12",
            "price": "237.81",
            "revenue": 1840086
        },
        "2019-01": {
            "month": "2019-01",
            "price": "264.17",
            "revenue": 1903804
        },
        "2019-02": {
            "month": "2019-02",
            "price": "260.77",
            "revenue": 1455122
        },
        "2019-03": {
            "month": "2019-03",
            "price": "271.50",
            "revenue": 1818744
        },
        "2019-04": {
            "month": "2019-04",
            "price": "254.88",
            "revenue": 1989071
        },
        "2019-05": {
            "month": "2019-05",
            "price": "232.07",
            "revenue": 2067726
        },
        "2019-06": {
            "month": "2019-06",
            "price": "224.13",
            "revenue": 2137811
        },
        "2019-07": {
            "month": "2019-07",
            "price": "249.00",
            "revenue": 2273382
        },
        "2019-08": {
            "month": "2019-08",
            "price": "258.62",
            "revenue": 2176888
        },
        "2019-09": {
            "month": "2019-09",
            "price": "273.32",
            "revenue": 2081432
        },
        "2019-10": {
            "month": "2019-10",
            "price": "267.76",
            "revenue": 2128163
        },
        "2019-11": {
            "month": "2019-11",
            "price": "285.76",
            "revenue": 1791974
        },
        "2019-12": {
            "month": "2019-12",
            "price": "274.73",
            "revenue": 2104845
        },
        "2020-01": {
            "month": "2020-01",
            "price": "276.73",
            "revenue": 1702668
        },
        "2020-02": {
            "month": "2020-02",
            "price": "254.63",
            "revenue": 1381185
        },
        "2020-03": {
            "month": "2020-03",
            "price": "208.61",
            "revenue": 1571832
        },
        "2020-04": {
            "month": "2020-04",
            "price": "208.28",
            "revenue": 1698992
        },
        "2020-05": {
            "month": "2020-05",
            "price": "241.82",
            "revenue": 2089434
        },
        "2020-06": {
            "month": "2020-06",
            "price": "275.88",
            "revenue": 2215462
        },
        "2020-07": {
            "month": "2020-07",
            "price": "320.65",
            "revenue": 2307272
        },
        "2020-08": {
            "month": "2020-08",
            "price": "349.31",
            "revenue": 2409785
        },
        "2020-09": {
            "month": "2020-09",
            "price": "338.23",
            "revenue": 2271760
        },
        "2020-10": {
            "month": "2020-10",
            "price": "328.39",
            "revenue": 2220198
        },
        "2020-11": {
            "month": "2020-11",
            "price": "337.31",
            "revenue": 2194848
        },
        "2020-12": {
            "month": "2020-12",
            "price": "325.76",
            "revenue": 2350870
        },
        "2021-01": {
            "month": "2021-01",
            "price": "352.82",
            "revenue": 2248138
        },
        "2021-02": {
            "month": "2021-02",
            "price": "380.54",
            "revenue": 1953057
        },
        "2021-03": {
            "month": "2021-03",
            "price": "403.68",
            "revenue": 2584228
        },
        "2021-04": {
            "month": "2021-04",
            "price": "426.89",
            "revenue": 2374013
        },
        "2021-05": {
            "month": "2021-05",
            "price": "399.50",
            "revenue": 2632279
        },
        "2021-06": {
            "month": "2021-06",
            "price": "405.33",
            "revenue": 2418301
        },
        "2021-07": {
            "month": "2021-07",
            "price": "431.55",
            "revenue": 2396907
        },
        "2021-08": {
            "month": "2021-08",
            "price": "440.05",
            "revenue": 2479778
        },
        "2021-09": {
            "month": "2021-09",
            "price": "411.30",
            "revenue": 2632539
        },
        "2021-10": {
            "month": "2021-10",
            "price": "378.32",
            "revenue": 2253390
        },
        "2021-11": {
            "month": "2021-11",
            "price": "384.66",
            "revenue": 2363007
        },
        "2021-12": {
            "month": "2021-12",
            "price": "400.84",
            "revenue": 2688471
        },
        "2022-01": {
            "month": "2022-01",
            "price": "398.83",
            "revenue": 2389893
        },
        "2022-02": {
            "month": "2022-02",
            "price": "373.43",
            "revenue": 2143000
        },
        "2022-03": {
            "month": "2022-03",
            "price": "329.78",
            "revenue": 2396932
        },
        "2022-04": {
            "month": "2022-04",
            "price": "315.58",
            "revenue": 2775291
        },
        "2022-05": {
            "month": "2022-05",
            "price": "313.74",
            "revenue": 2640157
        },
        "2022-06": {
            "month": "2022-06",
            "price": "317.95",
            "revenue": 2863397
        },
        "2022-07": {
            "month": "2022-07",
            "price": "281.95",
            "revenue": 2493171
        },
        "2022-08": {
            "month": "2022-08",
            "price": "288.85",
            "revenue": 2239644
        },
        "2022-09": {
            "month": "2022-09",
            "price": "273.26",
            "revenue": 2180968
        },
        "2022-10": {
            "month": "2022-10",
            "price": "248.15",
            "revenue": 2411177
        },
        "2022-11": {
            "month": "2022-11",
            "price": "267.36",
            "revenue": 2016514
        },
        "2022-12": {
            "month": "2022-12",
            "price": "283.02",
            "revenue": 2401288
        },
        "2023-01": {
            "month": "2023-01",
            "price": "311.31",
            "revenue": 1851083
        },
        "2023-02": {
            "month": "2023-02",
            "price": "326.19",
            "revenue": 1848698
        },
        "2023-03": {
            "month": "2023-03",
            "price": "326.24",
            "revenue": 2364846
        },
        "2023-04": {
            "month": "2023-04",
            "price": "330.65",
            "revenue": 2200929
        },
        "2023-05": {
            "month": "2023-05",
            "price": "346.84",
            "revenue": 2139555
        }
    }
}
