{
    "summary": {
        "stock_name": "美吉吉-KY",
        "stock_id": "8466",
        "category": "其他",
        "main_business": "片材型塑膠地板生產與銷售",
        "website_url": "http://www.mjig.com",
        "ceo": "王傳漢",
        "pe_ratio": -49,
        "report_year_from": 2014,
        "report_year_to": 2023,
        "age": 10,
        "eps_negative_percentage": 13,
        "eps_growth_avg": {
            "last_all": -6.28,
            "last_2y": -25.04,
            "last_4y": -15.23,
            "last_8y": null,
            "last_12y": null,
            "last_16y": null,
            "last_20y": null,
            "at_2006_last_3y": null,
            "at_2007_last_3y": null,
            "at_2008_last_3y": null,
            "at_2009_last_3y": null,
            "at_2010_last_3y": null,
            "at_2011_last_3y": null,
            "at_2012_last_3y": null,
            "at_2013_last_3y": null,
            "at_2014_last_3y": null,
            "at_2015_last_3y": null,
            "at_2016_last_3y": null,
            "at_2017_last_3y": null,
            "at_2018_last_3y": null,
            "at_2019_last_3y": null,
            "at_2020_last_3y": 7.79,
            "at_2021_last_3y": -28.35,
            "at_2022_last_3y": 5.96,
            "at_2023_last_3y": -26.48,
            "at_2024_last_3y": -26.48,
            "at_2006_last_all": null,
            "at_2007_last_all": null,
            "at_2008_last_all": null,
            "at_2009_last_all": null,
            "at_2010_last_all": null,
            "at_2011_last_all": null,
            "at_2012_last_all": null,
            "at_2013_last_all": null,
            "at_2014_last_all": null,
            "at_2015_last_all": null,
            "at_2016_last_all": null,
            "at_2017_last_all": null,
            "at_2018_last_all": 16.1,
            "at_2019_last_all": 20.66,
            "at_2020_last_all": 7.79,
            "at_2021_last_all": -8.79,
            "at_2022_last_all": 9.34,
            "at_2023_last_all": -6.28,
            "at_2024_last_all": -6.28
        },
        "latest_eps": -0.98,
        "latest_price": 47.65,
        "latest_roe": -3.61,
        "latest_gross_margin": 19.69,
        "latest_equity": 2575701,
        "latest_revenue": 678979,
        "latest_gross_profit": 133719,
        "latest_net_income": -8377,
        "latest_debt_ratio": 61.19,
        "latest_current_ratio": 216.42,
        "latest_account_receivable_turnover_ratio": 0.86,
        "latest_inventory_turnover_ratio": 1.5,
        "latest_reinvestment_rate": 433.08,
        "latest_research_to_sale_ratio": 1.53
    },
    "eps_dividends": {
        "2001": {
            "cash": 0,
            "stock": 0,
            "eps": 0
        },
        "2002": {
            "cash": 0,
            "stock": 0,
            "eps": 0
        },
        "2003": {
            "cash": 0,
            "stock": 0,
            "eps": 0
        },
        "2004": {
            "cash": 0,
            "stock": 0,
            "eps": 0
        },
        "2005": {
            "cash": 0,
            "stock": 0,
            "eps": 0
        },
        "2006": {
            "cash": 0,
            "stock": 0,
            "eps": 0
        },
        "2007": {
            "cash": 0,
            "stock": 0,
            "eps": 0
        },
        "2008": {
            "cash": 0,
            "stock": 0,
            "eps": 0
        },
        "2009": {
            "cash": 0,
            "stock": 0,
            "eps": 0
        },
        "2010": {
            "cash": 0,
            "stock": 0,
            "eps": 0
        },
        "2011": {
            "cash": 0,
            "stock": 0,
            "eps": 0
        },
        "2012": {
            "cash": 0,
            "stock": 0,
            "eps": 0
        },
        "2013": {
            "cash": 0,
            "stock": 0,
            "eps": 0
        },
        "2014": {
            "cash": 0,
            "stock": 0,
            "eps": 0
        },
        "2015": {
            "cash": 0,
            "stock": 0,
            "eps": 0
        },
        "2016": {
            "cash": 6.2,
            "stock": 0,
            "eps": 4.42
        },
        "2017": {
            "cash": 7,
            "stock": 0,
            "eps": 7.49
        },
        "2018": {
            "cash": 6,
            "stock": 0,
            "eps": 4.7
        },
        "2019": {
            "cash": 3,
            "stock": 0,
            "eps": 6.1
        },
        "2020": {
            "cash": 4.1,
            "stock": 0,
            "eps": 4.22
        },
        "2021": {
            "cash": 3,
            "stock": 0,
            "eps": 1.05
        },
        "2022": {
            "cash": 0.7,
            "stock": 0,
            "eps": 2.18
        },
        "2023": {
            "cash": 1.5,
            "stock": 0,
            "eps": -0.39
        }
    },
    "dividends": {
        "2016-04-07": {
            "cash": 6.2,
            "stock": 0
        },
        "2017-09-01": {
            "cash": 7,
            "stock": 0
        },
        "2018-09-06": {
            "cash": 6,
            "stock": 0
        },
        "2019-07-31": {
            "cash": 3,
            "stock": 0
        },
        "2020-09-09": {
            "cash": 4.1,
            "stock": 0
        },
        "2021-08-25": {
            "cash": 3,
            "stock": 0
        },
        "2022-09-21": {
            "cash": 0.7,
            "stock": 0
        },
        "2023-10-04": {
            "cash": 1.5,
            "stock": 0
        }
    },
    "prices": {
        "200101": "無",
        "200102": "無",
        "200103": "無",
        "200104": "無",
        "200105": "無",
        "200106": "無",
        "200107": "無",
        "200108": "無",
        "200109": "無",
        "200110": "無",
        "200111": "無",
        "200112": "無",
        "200201": "無",
        "200202": "無",
        "200203": "無",
        "200204": "無",
        "200205": "無",
        "200206": "無",
        "200207": "無",
        "200208": "無",
        "200209": "無",
        "200210": "無",
        "200211": "無",
        "200212": "無",
        "200301": "無",
        "200302": "無",
        "200303": "無",
        "200304": "無",
        "200305": "無",
        "200306": "無",
        "200307": "無",
        "200308": "無",
        "200309": "無",
        "200310": "無",
        "200311": "無",
        "200312": "無",
        "200401": "無",
        "200402": "無",
        "200403": "無",
        "200404": "無",
        "200405": "無",
        "200406": "無",
        "200407": "無",
        "200408": "無",
        "200409": "無",
        "200410": "無",
        "200411": "無",
        "200412": "無",
        "200501": "無",
        "200502": "無",
        "200503": "無",
        "200504": "無",
        "200505": "無",
        "200506": "無",
        "200507": "無",
        "200508": "無",
        "200509": "無",
        "200510": "無",
        "200511": "無",
        "200512": "無",
        "200601": "無",
        "200602": "無",
        "200603": "無",
        "200604": "無",
        "200605": "無",
        "200606": "無",
        "200607": "無",
        "200608": "無",
        "200609": "無",
        "200610": "無",
        "200611": "無",
        "200612": "無",
        "200701": "無",
        "200702": "無",
        "200703": "無",
        "200704": "無",
        "200705": "無",
        "200706": "無",
        "200707": "無",
        "200708": "無",
        "200709": "無",
        "200710": "無",
        "200711": "無",
        "200712": "無",
        "200801": "無",
        "200802": "無",
        "200803": "無",
        "200804": "無",
        "200805": "無",
        "200806": "無",
        "200807": "無",
        "200808": "無",
        "200809": "無",
        "200810": "無",
        "200811": "無",
        "200812": "無",
        "200901": "無",
        "200902": "無",
        "200903": "無",
        "200904": "無",
        "200905": "無",
        "200906": "無",
        "200907": "無",
        "200908": "無",
        "200909": "無",
        "200910": "無",
        "200911": "無",
        "200912": "無",
        "201001": "無",
        "201002": "無",
        "201003": "無",
        "201004": "無",
        "201005": "無",
        "201006": "無",
        "201007": "無",
        "201008": "無",
        "201009": "無",
        "201010": "無",
        "201011": "無",
        "201012": "無",
        "201101": "無",
        "201102": "無",
        "201103": "無",
        "201104": "無",
        "201105": "無",
        "201106": "無",
        "201107": "無",
        "201108": "無",
        "201109": "無",
        "201110": "無",
        "201111": "無",
        "201112": "無",
        "201201": "無",
        "201202": "無",
        "201203": "無",
        "201204": "無",
        "201205": "無",
        "201206": "無",
        "201207": "無",
        "201208": "無",
        "201209": "無",
        "201210": "無",
        "201211": "無",
        "201212": "無",
        "201301": "無",
        "201302": "無",
        "201303": "無",
        "201304": "無",
        "201305": "無",
        "201306": "無",
        "201307": "無",
        "201308": "無",
        "201309": "無",
        "201310": "無",
        "201311": "無",
        "201312": "無",
        "201401": "無",
        "201402": "無",
        "201403": "無",
        "201404": "無",
        "201405": "無",
        "201406": "無",
        "201407": "無",
        "201408": "無",
        "201409": "無",
        "201410": "無",
        "201411": "無",
        "201412": "無",
        "201501": "無",
        "201502": "無",
        "201503": "無",
        "201504": "無",
        "201505": "無",
        "201506": "無",
        "201507": "無",
        "201508": "無",
        "201509": "無",
        "201510": "無",
        "201511": "無",
        "201512": "無",
        "201601": "無",
        "201602": "無",
        "201603": "無",
        "201604": "無",
        "201605": "無",
        "201606": "無",
        "201607": "無",
        "201608": "無",
        "201609": "無",
        "201610": "無",
        "201611": "127.34",
        "201612": "124.11",
        "201701": "118.62",
        "201702": "120.81",
        "201703": "121.22",
        "201704": "120.14",
        "201705": "118.15",
        "201706": "118.91",
        "201707": "120.76",
        "201708": "101.67",
        "201709": "95.55",
        "201710": "92.26",
        "201711": "92.40",
        "201712": "91.80",
        "201801": "90.69",
        "201802": "81.35",
        "201803": "82.00",
        "201804": "80.92",
        "201805": "73.37",
        "201806": "73.55",
        "201807": "68.31",
        "201808": "56.68",
        "201809": "56.61",
        "201810": "61.76",
        "201811": "55.68",
        "201812": "54.28",
        "201901": "55.70",
        "201902": "56.68",
        "201903": "60.50",
        "201904": "68.28",
        "201905": "68.51",
        "201906": "71.03",
        "201907": "80.57",
        "201908": "82.91",
        "201909": "78.08",
        "201910": "73.92",
        "201911": "71.08",
        "201912": "70.00",
        "202001": "68.54",
        "202002": "67.30",
        "202003": "63.56",
        "202004": "63.52",
        "202005": "66.62",
        "202006": "68.44",
        "202007": "68.73",
        "202008": "65.23",
        "202009": "62.90",
        "202010": "63.72",
        "202011": "63.60",
        "202012": "63.69",
        "202101": "62.60",
        "202102": "61.20",
        "202103": "62.27",
        "202104": "63.77",
        "202105": "56.96",
        "202106": "57.92",
        "202107": "57.22",
        "202108": "55.02",
        "202109": "54.34",
        "202110": "53.35",
        "202111": "53.25",
        "202112": "52.69",
        "202201": "52.54",
        "202202": "50.60",
        "202203": "50.07",
        "202204": "48.70",
        "202205": "43.62",
        "202206": "48.65",
        "202207": "45.59",
        "202208": "43.58",
        "202209": "42.89",
        "202210": "40.26",
        "202211": "41.30",
        "202212": "40.99",
        "202301": "40.69",
        "202302": "40.48",
        "202303": "41.08",
        "202304": "42.85",
        "202305": "43.96",
        "202306": "44.78",
        "202307": "49.43",
        "202308": "43.80",
        "202309": "39.79",
        "202310": "40.62",
        "202311": "43.70",
        "202312": "49.67"
    },
    "quarters": {
        "20011": {
            "year_quarter": 20011,
            "year": 2001,
            "quarter": 1,
            "eps": null,
            "eps_growth_year": null,
            "eps_4q": null,
            "eps_4q_growth_year": null,
            "roe": null,
            "roe_4q": 0,
            "gross_profit": null,
            "gross_margin": null,
            "gross_margin_4q_avg": 0,
            "net_income": null,
            "net_income_4q": null,
            "revenue": null,
            "revenue_4q": null,
            "common_shares": null,
            "book_valuer_per_share": null,
            "book_valuer_per_share_4q_avg": 0,
            "equity": null,
            "current_ratio": null,
            "debt_ratio": null,
            "inventory_turnover_ratio": null,
            "account_receivable_turnover_ratio": null,
            "reinvestment_rate": null,
            "research_to_sale_ratio": null,
            "price_fair": 0,
            "eps_avg_yearly": 0,
            "eps_latest_yearly": 0,
            "eps_growth_yearly": 0
        },
        "20012": {
            "year_quarter": 20012,
            "year": 2001,
            "quarter": 2,
            "eps": null,
            "eps_growth_year": null,
            "eps_4q": null,
            "eps_4q_growth_year": null,
            "roe": null,
            "roe_4q": 0,
            "gross_profit": null,
            "gross_margin": null,
            "gross_margin_4q_avg": 0,
            "net_income": null,
            "net_income_4q": null,
            "revenue": null,
            "revenue_4q": null,
            "common_shares": null,
            "book_valuer_per_share": null,
            "book_valuer_per_share_4q_avg": 0,
            "equity": null,
            "current_ratio": null,
            "debt_ratio": null,
            "inventory_turnover_ratio": null,
            "account_receivable_turnover_ratio": null,
            "reinvestment_rate": null,
            "research_to_sale_ratio": null,
            "price_fair": 0,
            "eps_avg_yearly": 0,
            "eps_latest_yearly": 0,
            "eps_growth_yearly": 0
        },
        "20013": {
            "year_quarter": 20013,
            "year": 2001,
            "quarter": 3,
            "eps": null,
            "eps_growth_year": null,
            "eps_4q": null,
            "eps_4q_growth_year": null,
            "roe": null,
            "roe_4q": 0,
            "gross_profit": null,
            "gross_margin": null,
            "gross_margin_4q_avg": 0,
            "net_income": null,
            "net_income_4q": null,
            "revenue": null,
            "revenue_4q": null,
            "common_shares": null,
            "book_valuer_per_share": null,
            "book_valuer_per_share_4q_avg": 0,
            "equity": null,
            "current_ratio": null,
            "debt_ratio": null,
            "inventory_turnover_ratio": null,
            "account_receivable_turnover_ratio": null,
            "reinvestment_rate": null,
            "research_to_sale_ratio": null,
            "price_fair": 0,
            "eps_avg_yearly": 0,
            "eps_latest_yearly": 0,
            "eps_growth_yearly": 0
        },
        "20014": {
            "year_quarter": 20014,
            "year": 2001,
            "quarter": 4,
            "eps": null,
            "eps_growth_year": null,
            "eps_4q": null,
            "eps_4q_growth_year": null,
            "roe": null,
            "roe_4q": 0,
            "gross_profit": null,
            "gross_margin": null,
            "gross_margin_4q_avg": 0,
            "net_income": null,
            "net_income_4q": null,
            "revenue": null,
            "revenue_4q": null,
            "common_shares": null,
            "book_valuer_per_share": null,
            "book_valuer_per_share_4q_avg": 0,
            "equity": null,
            "current_ratio": null,
            "debt_ratio": null,
            "inventory_turnover_ratio": null,
            "account_receivable_turnover_ratio": null,
            "reinvestment_rate": null,
            "research_to_sale_ratio": null,
            "price_fair": 0,
            "eps_avg_yearly": 0,
            "eps_latest_yearly": 0,
            "eps_growth_yearly": 0
        },
        "20021": {
            "year_quarter": 20021,
            "year": 2002,
            "quarter": 1,
            "eps": null,
            "eps_growth_year": null,
            "eps_4q": null,
            "eps_4q_growth_year": null,
            "roe": null,
            "roe_4q": 0,
            "gross_profit": null,
            "gross_margin": null,
            "gross_margin_4q_avg": 0,
            "net_income": null,
            "net_income_4q": null,
            "revenue": null,
            "revenue_4q": null,
            "common_shares": null,
            "book_valuer_per_share": null,
            "book_valuer_per_share_4q_avg": 0,
            "equity": null,
            "current_ratio": null,
            "debt_ratio": null,
            "inventory_turnover_ratio": null,
            "account_receivable_turnover_ratio": null,
            "reinvestment_rate": null,
            "research_to_sale_ratio": null,
            "price_fair": 0,
            "eps_avg_yearly": 0,
            "eps_latest_yearly": 0,
            "eps_growth_yearly": 0
        },
        "20022": {
            "year_quarter": 20022,
            "year": 2002,
            "quarter": 2,
            "eps": null,
            "eps_growth_year": null,
            "eps_4q": null,
            "eps_4q_growth_year": null,
            "roe": null,
            "roe_4q": 0,
            "gross_profit": null,
            "gross_margin": null,
            "gross_margin_4q_avg": 0,
            "net_income": null,
            "net_income_4q": null,
            "revenue": null,
            "revenue_4q": null,
            "common_shares": null,
            "book_valuer_per_share": null,
            "book_valuer_per_share_4q_avg": 0,
            "equity": null,
            "current_ratio": null,
            "debt_ratio": null,
            "inventory_turnover_ratio": null,
            "account_receivable_turnover_ratio": null,
            "reinvestment_rate": null,
            "research_to_sale_ratio": null,
            "price_fair": 0,
            "eps_avg_yearly": 0,
            "eps_latest_yearly": 0,
            "eps_growth_yearly": 0
        },
        "20023": {
            "year_quarter": 20023,
            "year": 2002,
            "quarter": 3,
            "eps": null,
            "eps_growth_year": null,
            "eps_4q": null,
            "eps_4q_growth_year": null,
            "roe": null,
            "roe_4q": 0,
            "gross_profit": null,
            "gross_margin": null,
            "gross_margin_4q_avg": 0,
            "net_income": null,
            "net_income_4q": null,
            "revenue": null,
            "revenue_4q": null,
            "common_shares": null,
            "book_valuer_per_share": null,
            "book_valuer_per_share_4q_avg": 0,
            "equity": null,
            "current_ratio": null,
            "debt_ratio": null,
            "inventory_turnover_ratio": null,
            "account_receivable_turnover_ratio": null,
            "reinvestment_rate": null,
            "research_to_sale_ratio": null,
            "price_fair": 0,
            "eps_avg_yearly": 0,
            "eps_latest_yearly": 0,
            "eps_growth_yearly": 0
        },
        "20024": {
            "year_quarter": 20024,
            "year": 2002,
            "quarter": 4,
            "eps": null,
            "eps_growth_year": null,
            "eps_4q": null,
            "eps_4q_growth_year": null,
            "roe": null,
            "roe_4q": 0,
            "gross_profit": null,
            "gross_margin": null,
            "gross_margin_4q_avg": 0,
            "net_income": null,
            "net_income_4q": null,
            "revenue": null,
            "revenue_4q": null,
            "common_shares": null,
            "book_valuer_per_share": null,
            "book_valuer_per_share_4q_avg": 0,
            "equity": null,
            "current_ratio": null,
            "debt_ratio": null,
            "inventory_turnover_ratio": null,
            "account_receivable_turnover_ratio": null,
            "reinvestment_rate": null,
            "research_to_sale_ratio": null,
            "price_fair": 0,
            "eps_avg_yearly": 0,
            "eps_latest_yearly": 0,
            "eps_growth_yearly": 0
        },
        "20031": {
            "year_quarter": 20031,
            "year": 2003,
            "quarter": 1,
            "eps": null,
            "eps_growth_year": null,
            "eps_4q": null,
            "eps_4q_growth_year": null,
            "roe": null,
            "roe_4q": 0,
            "gross_profit": null,
            "gross_margin": null,
            "gross_margin_4q_avg": 0,
            "net_income": null,
            "net_income_4q": null,
            "revenue": null,
            "revenue_4q": null,
            "common_shares": null,
            "book_valuer_per_share": null,
            "book_valuer_per_share_4q_avg": 0,
            "equity": null,
            "current_ratio": null,
            "debt_ratio": null,
            "inventory_turnover_ratio": null,
            "account_receivable_turnover_ratio": null,
            "reinvestment_rate": null,
            "research_to_sale_ratio": null,
            "price_fair": 0,
            "eps_avg_yearly": 0,
            "eps_latest_yearly": 0,
            "eps_growth_yearly": 0
        },
        "20032": {
            "year_quarter": 20032,
            "year": 2003,
            "quarter": 2,
            "eps": null,
            "eps_growth_year": null,
            "eps_4q": null,
            "eps_4q_growth_year": null,
            "roe": null,
            "roe_4q": 0,
            "gross_profit": null,
            "gross_margin": null,
            "gross_margin_4q_avg": 0,
            "net_income": null,
            "net_income_4q": null,
            "revenue": null,
            "revenue_4q": null,
            "common_shares": null,
            "book_valuer_per_share": null,
            "book_valuer_per_share_4q_avg": 0,
            "equity": null,
            "current_ratio": null,
            "debt_ratio": null,
            "inventory_turnover_ratio": null,
            "account_receivable_turnover_ratio": null,
            "reinvestment_rate": null,
            "research_to_sale_ratio": null,
            "price_fair": 0,
            "eps_avg_yearly": 0,
            "eps_latest_yearly": 0,
            "eps_growth_yearly": 0
        },
        "20033": {
            "year_quarter": 20033,
            "year": 2003,
            "quarter": 3,
            "eps": null,
            "eps_growth_year": null,
            "eps_4q": null,
            "eps_4q_growth_year": null,
            "roe": null,
            "roe_4q": 0,
            "gross_profit": null,
            "gross_margin": null,
            "gross_margin_4q_avg": 0,
            "net_income": null,
            "net_income_4q": null,
            "revenue": null,
            "revenue_4q": null,
            "common_shares": null,
            "book_valuer_per_share": null,
            "book_valuer_per_share_4q_avg": 0,
            "equity": null,
            "current_ratio": null,
            "debt_ratio": null,
            "inventory_turnover_ratio": null,
            "account_receivable_turnover_ratio": null,
            "reinvestment_rate": null,
            "research_to_sale_ratio": null,
            "price_fair": 0,
            "eps_avg_yearly": 0,
            "eps_latest_yearly": 0,
            "eps_growth_yearly": 0
        },
        "20034": {
            "year_quarter": 20034,
            "year": 2003,
            "quarter": 4,
            "eps": null,
            "eps_growth_year": null,
            "eps_4q": null,
            "eps_4q_growth_year": null,
            "roe": null,
            "roe_4q": 0,
            "gross_profit": null,
            "gross_margin": null,
            "gross_margin_4q_avg": 0,
            "net_income": null,
            "net_income_4q": null,
            "revenue": null,
            "revenue_4q": null,
            "common_shares": null,
            "book_valuer_per_share": null,
            "book_valuer_per_share_4q_avg": 0,
            "equity": null,
            "current_ratio": null,
            "debt_ratio": null,
            "inventory_turnover_ratio": null,
            "account_receivable_turnover_ratio": null,
            "reinvestment_rate": null,
            "research_to_sale_ratio": null,
            "price_fair": 0,
            "eps_avg_yearly": 0,
            "eps_latest_yearly": 0,
            "eps_growth_yearly": 0
        },
        "20041": {
            "year_quarter": 20041,
            "year": 2004,
            "quarter": 1,
            "eps": null,
            "eps_growth_year": null,
            "eps_4q": null,
            "eps_4q_growth_year": null,
            "roe": null,
            "roe_4q": 0,
            "gross_profit": null,
            "gross_margin": null,
            "gross_margin_4q_avg": 0,
            "net_income": null,
            "net_income_4q": null,
            "revenue": null,
            "revenue_4q": null,
            "common_shares": null,
            "book_valuer_per_share": null,
            "book_valuer_per_share_4q_avg": 0,
            "equity": null,
            "current_ratio": null,
            "debt_ratio": null,
            "inventory_turnover_ratio": null,
            "account_receivable_turnover_ratio": null,
            "reinvestment_rate": null,
            "research_to_sale_ratio": null,
            "price_fair": 0,
            "eps_avg_yearly": 0,
            "eps_latest_yearly": 0,
            "eps_growth_yearly": 0
        },
        "20042": {
            "year_quarter": 20042,
            "year": 2004,
            "quarter": 2,
            "eps": null,
            "eps_growth_year": null,
            "eps_4q": null,
            "eps_4q_growth_year": null,
            "roe": null,
            "roe_4q": 0,
            "gross_profit": null,
            "gross_margin": null,
            "gross_margin_4q_avg": 0,
            "net_income": null,
            "net_income_4q": null,
            "revenue": null,
            "revenue_4q": null,
            "common_shares": null,
            "book_valuer_per_share": null,
            "book_valuer_per_share_4q_avg": 0,
            "equity": null,
            "current_ratio": null,
            "debt_ratio": null,
            "inventory_turnover_ratio": null,
            "account_receivable_turnover_ratio": null,
            "reinvestment_rate": null,
            "research_to_sale_ratio": null,
            "price_fair": 0,
            "eps_avg_yearly": 0,
            "eps_latest_yearly": 0,
            "eps_growth_yearly": 0
        },
        "20043": {
            "year_quarter": 20043,
            "year": 2004,
            "quarter": 3,
            "eps": null,
            "eps_growth_year": null,
            "eps_4q": null,
            "eps_4q_growth_year": null,
            "roe": null,
            "roe_4q": 0,
            "gross_profit": null,
            "gross_margin": null,
            "gross_margin_4q_avg": 0,
            "net_income": null,
            "net_income_4q": null,
            "revenue": null,
            "revenue_4q": null,
            "common_shares": null,
            "book_valuer_per_share": null,
            "book_valuer_per_share_4q_avg": 0,
            "equity": null,
            "current_ratio": null,
            "debt_ratio": null,
            "inventory_turnover_ratio": null,
            "account_receivable_turnover_ratio": null,
            "reinvestment_rate": null,
            "research_to_sale_ratio": null,
            "price_fair": 0,
            "eps_avg_yearly": 0,
            "eps_latest_yearly": 0,
            "eps_growth_yearly": 0
        },
        "20044": {
            "year_quarter": 20044,
            "year": 2004,
            "quarter": 4,
            "eps": null,
            "eps_growth_year": null,
            "eps_4q": null,
            "eps_4q_growth_year": null,
            "roe": null,
            "roe_4q": 0,
            "gross_profit": null,
            "gross_margin": null,
            "gross_margin_4q_avg": 0,
            "net_income": null,
            "net_income_4q": null,
            "revenue": null,
            "revenue_4q": null,
            "common_shares": null,
            "book_valuer_per_share": null,
            "book_valuer_per_share_4q_avg": 0,
            "equity": null,
            "current_ratio": null,
            "debt_ratio": null,
            "inventory_turnover_ratio": null,
            "account_receivable_turnover_ratio": null,
            "reinvestment_rate": null,
            "research_to_sale_ratio": null,
            "price_fair": 0,
            "eps_avg_yearly": 0,
            "eps_latest_yearly": 0,
            "eps_growth_yearly": 0
        },
        "20051": {
            "year_quarter": 20051,
            "year": 2005,
            "quarter": 1,
            "eps": null,
            "eps_growth_year": null,
            "eps_4q": null,
            "eps_4q_growth_year": null,
            "roe": null,
            "roe_4q": 0,
            "gross_profit": null,
            "gross_margin": null,
            "gross_margin_4q_avg": 0,
            "net_income": null,
            "net_income_4q": null,
            "revenue": null,
            "revenue_4q": null,
            "common_shares": null,
            "book_valuer_per_share": null,
            "book_valuer_per_share_4q_avg": 0,
            "equity": null,
            "current_ratio": null,
            "debt_ratio": null,
            "inventory_turnover_ratio": null,
            "account_receivable_turnover_ratio": null,
            "reinvestment_rate": null,
            "research_to_sale_ratio": null,
            "price_fair": 0,
            "eps_avg_yearly": 0,
            "eps_latest_yearly": 0,
            "eps_growth_yearly": 0
        },
        "20052": {
            "year_quarter": 20052,
            "year": 2005,
            "quarter": 2,
            "eps": null,
            "eps_growth_year": null,
            "eps_4q": null,
            "eps_4q_growth_year": null,
            "roe": null,
            "roe_4q": 0,
            "gross_profit": null,
            "gross_margin": null,
            "gross_margin_4q_avg": 0,
            "net_income": null,
            "net_income_4q": null,
            "revenue": null,
            "revenue_4q": null,
            "common_shares": null,
            "book_valuer_per_share": null,
            "book_valuer_per_share_4q_avg": 0,
            "equity": null,
            "current_ratio": null,
            "debt_ratio": null,
            "inventory_turnover_ratio": null,
            "account_receivable_turnover_ratio": null,
            "reinvestment_rate": null,
            "research_to_sale_ratio": null,
            "price_fair": 0,
            "eps_avg_yearly": 0,
            "eps_latest_yearly": 0,
            "eps_growth_yearly": 0
        },
        "20053": {
            "year_quarter": 20053,
            "year": 2005,
            "quarter": 3,
            "eps": null,
            "eps_growth_year": null,
            "eps_4q": null,
            "eps_4q_growth_year": null,
            "roe": null,
            "roe_4q": 0,
            "gross_profit": null,
            "gross_margin": null,
            "gross_margin_4q_avg": 0,
            "net_income": null,
            "net_income_4q": null,
            "revenue": null,
            "revenue_4q": null,
            "common_shares": null,
            "book_valuer_per_share": null,
            "book_valuer_per_share_4q_avg": 0,
            "equity": null,
            "current_ratio": null,
            "debt_ratio": null,
            "inventory_turnover_ratio": null,
            "account_receivable_turnover_ratio": null,
            "reinvestment_rate": null,
            "research_to_sale_ratio": null,
            "price_fair": 0,
            "eps_avg_yearly": 0,
            "eps_latest_yearly": 0,
            "eps_growth_yearly": 0
        },
        "20054": {
            "year_quarter": 20054,
            "year": 2005,
            "quarter": 4,
            "eps": null,
            "eps_growth_year": null,
            "eps_4q": null,
            "eps_4q_growth_year": null,
            "roe": null,
            "roe_4q": 0,
            "gross_profit": null,
            "gross_margin": null,
            "gross_margin_4q_avg": 0,
            "net_income": null,
            "net_income_4q": null,
            "revenue": null,
            "revenue_4q": null,
            "common_shares": null,
            "book_valuer_per_share": null,
            "book_valuer_per_share_4q_avg": 0,
            "equity": null,
            "current_ratio": null,
            "debt_ratio": null,
            "inventory_turnover_ratio": null,
            "account_receivable_turnover_ratio": null,
            "reinvestment_rate": null,
            "research_to_sale_ratio": null,
            "price_fair": 0,
            "eps_avg_yearly": 0,
            "eps_latest_yearly": 0,
            "eps_growth_yearly": 0
        },
        "20061": {
            "year_quarter": 20061,
            "year": 2006,
            "quarter": 1,
            "eps": null,
            "eps_growth_year": null,
            "eps_4q": null,
            "eps_4q_growth_year": null,
            "roe": null,
            "roe_4q": 0,
            "gross_profit": null,
            "gross_margin": null,
            "gross_margin_4q_avg": 0,
            "net_income": null,
            "net_income_4q": null,
            "revenue": null,
            "revenue_4q": null,
            "common_shares": null,
            "book_valuer_per_share": null,
            "book_valuer_per_share_4q_avg": 0,
            "equity": null,
            "current_ratio": null,
            "debt_ratio": null,
            "inventory_turnover_ratio": null,
            "account_receivable_turnover_ratio": null,
            "reinvestment_rate": null,
            "research_to_sale_ratio": null,
            "price_fair": 0,
            "eps_avg_yearly": 0,
            "eps_latest_yearly": 0,
            "eps_growth_yearly": 0
        },
        "20062": {
            "year_quarter": 20062,
            "year": 2006,
            "quarter": 2,
            "eps": null,
            "eps_growth_year": null,
            "eps_4q": null,
            "eps_4q_growth_year": null,
            "roe": null,
            "roe_4q": 0,
            "gross_profit": null,
            "gross_margin": null,
            "gross_margin_4q_avg": 0,
            "net_income": null,
            "net_income_4q": null,
            "revenue": null,
            "revenue_4q": null,
            "common_shares": null,
            "book_valuer_per_share": null,
            "book_valuer_per_share_4q_avg": 0,
            "equity": null,
            "current_ratio": null,
            "debt_ratio": null,
            "inventory_turnover_ratio": null,
            "account_receivable_turnover_ratio": null,
            "reinvestment_rate": null,
            "research_to_sale_ratio": null,
            "price_fair": 0,
            "eps_avg_yearly": 0,
            "eps_latest_yearly": 0,
            "eps_growth_yearly": 0
        },
        "20063": {
            "year_quarter": 20063,
            "year": 2006,
            "quarter": 3,
            "eps": null,
            "eps_growth_year": null,
            "eps_4q": null,
            "eps_4q_growth_year": null,
            "roe": null,
            "roe_4q": 0,
            "gross_profit": null,
            "gross_margin": null,
            "gross_margin_4q_avg": 0,
            "net_income": null,
            "net_income_4q": null,
            "revenue": null,
            "revenue_4q": null,
            "common_shares": null,
            "book_valuer_per_share": null,
            "book_valuer_per_share_4q_avg": 0,
            "equity": null,
            "current_ratio": null,
            "debt_ratio": null,
            "inventory_turnover_ratio": null,
            "account_receivable_turnover_ratio": null,
            "reinvestment_rate": null,
            "research_to_sale_ratio": null,
            "price_fair": 0,
            "eps_avg_yearly": 0,
            "eps_latest_yearly": 0,
            "eps_growth_yearly": 0
        },
        "20064": {
            "year_quarter": 20064,
            "year": 2006,
            "quarter": 4,
            "eps": null,
            "eps_growth_year": null,
            "eps_4q": null,
            "eps_4q_growth_year": null,
            "roe": null,
            "roe_4q": 0,
            "gross_profit": null,
            "gross_margin": null,
            "gross_margin_4q_avg": 0,
            "net_income": null,
            "net_income_4q": null,
            "revenue": null,
            "revenue_4q": null,
            "common_shares": null,
            "book_valuer_per_share": null,
            "book_valuer_per_share_4q_avg": 0,
            "equity": null,
            "current_ratio": null,
            "debt_ratio": null,
            "inventory_turnover_ratio": null,
            "account_receivable_turnover_ratio": null,
            "reinvestment_rate": null,
            "research_to_sale_ratio": null,
            "price_fair": 0,
            "eps_avg_yearly": 0,
            "eps_latest_yearly": 0,
            "eps_growth_yearly": 0
        },
        "20071": {
            "year_quarter": 20071,
            "year": 2007,
            "quarter": 1,
            "eps": null,
            "eps_growth_year": null,
            "eps_4q": null,
            "eps_4q_growth_year": null,
            "roe": null,
            "roe_4q": 0,
            "gross_profit": null,
            "gross_margin": null,
            "gross_margin_4q_avg": 0,
            "net_income": null,
            "net_income_4q": null,
            "revenue": null,
            "revenue_4q": null,
            "common_shares": null,
            "book_valuer_per_share": null,
            "book_valuer_per_share_4q_avg": 0,
            "equity": null,
            "current_ratio": null,
            "debt_ratio": null,
            "inventory_turnover_ratio": null,
            "account_receivable_turnover_ratio": null,
            "reinvestment_rate": null,
            "research_to_sale_ratio": null,
            "price_fair": 0,
            "eps_avg_yearly": 0,
            "eps_latest_yearly": 0,
            "eps_growth_yearly": 0
        },
        "20072": {
            "year_quarter": 20072,
            "year": 2007,
            "quarter": 2,
            "eps": null,
            "eps_growth_year": null,
            "eps_4q": null,
            "eps_4q_growth_year": null,
            "roe": null,
            "roe_4q": 0,
            "gross_profit": null,
            "gross_margin": null,
            "gross_margin_4q_avg": 0,
            "net_income": null,
            "net_income_4q": null,
            "revenue": null,
            "revenue_4q": null,
            "common_shares": null,
            "book_valuer_per_share": null,
            "book_valuer_per_share_4q_avg": 0,
            "equity": null,
            "current_ratio": null,
            "debt_ratio": null,
            "inventory_turnover_ratio": null,
            "account_receivable_turnover_ratio": null,
            "reinvestment_rate": null,
            "research_to_sale_ratio": null,
            "price_fair": 0,
            "eps_avg_yearly": 0,
            "eps_latest_yearly": 0,
            "eps_growth_yearly": 0
        },
        "20073": {
            "year_quarter": 20073,
            "year": 2007,
            "quarter": 3,
            "eps": null,
            "eps_growth_year": null,
            "eps_4q": null,
            "eps_4q_growth_year": null,
            "roe": null,
            "roe_4q": 0,
            "gross_profit": null,
            "gross_margin": null,
            "gross_margin_4q_avg": 0,
            "net_income": null,
            "net_income_4q": null,
            "revenue": null,
            "revenue_4q": null,
            "common_shares": null,
            "book_valuer_per_share": null,
            "book_valuer_per_share_4q_avg": 0,
            "equity": null,
            "current_ratio": null,
            "debt_ratio": null,
            "inventory_turnover_ratio": null,
            "account_receivable_turnover_ratio": null,
            "reinvestment_rate": null,
            "research_to_sale_ratio": null,
            "price_fair": 0,
            "eps_avg_yearly": 0,
            "eps_latest_yearly": 0,
            "eps_growth_yearly": 0
        },
        "20074": {
            "year_quarter": 20074,
            "year": 2007,
            "quarter": 4,
            "eps": null,
            "eps_growth_year": null,
            "eps_4q": null,
            "eps_4q_growth_year": null,
            "roe": null,
            "roe_4q": 0,
            "gross_profit": null,
            "gross_margin": null,
            "gross_margin_4q_avg": 0,
            "net_income": null,
            "net_income_4q": null,
            "revenue": null,
            "revenue_4q": null,
            "common_shares": null,
            "book_valuer_per_share": null,
            "book_valuer_per_share_4q_avg": 0,
            "equity": null,
            "current_ratio": null,
            "debt_ratio": null,
            "inventory_turnover_ratio": null,
            "account_receivable_turnover_ratio": null,
            "reinvestment_rate": null,
            "research_to_sale_ratio": null,
            "price_fair": 0,
            "eps_avg_yearly": 0,
            "eps_latest_yearly": 0,
            "eps_growth_yearly": 0
        },
        "20081": {
            "year_quarter": 20081,
            "year": 2008,
            "quarter": 1,
            "eps": null,
            "eps_growth_year": null,
            "eps_4q": null,
            "eps_4q_growth_year": null,
            "roe": null,
            "roe_4q": 0,
            "gross_profit": null,
            "gross_margin": null,
            "gross_margin_4q_avg": 0,
            "net_income": null,
            "net_income_4q": null,
            "revenue": null,
            "revenue_4q": null,
            "common_shares": null,
            "book_valuer_per_share": null,
            "book_valuer_per_share_4q_avg": 0,
            "equity": null,
            "current_ratio": null,
            "debt_ratio": null,
            "inventory_turnover_ratio": null,
            "account_receivable_turnover_ratio": null,
            "reinvestment_rate": null,
            "research_to_sale_ratio": null,
            "price_fair": 0,
            "eps_avg_yearly": 0,
            "eps_latest_yearly": 0,
            "eps_growth_yearly": 0
        },
        "20082": {
            "year_quarter": 20082,
            "year": 2008,
            "quarter": 2,
            "eps": null,
            "eps_growth_year": null,
            "eps_4q": null,
            "eps_4q_growth_year": null,
            "roe": null,
            "roe_4q": 0,
            "gross_profit": null,
            "gross_margin": null,
            "gross_margin_4q_avg": 0,
            "net_income": null,
            "net_income_4q": null,
            "revenue": null,
            "revenue_4q": null,
            "common_shares": null,
            "book_valuer_per_share": null,
            "book_valuer_per_share_4q_avg": 0,
            "equity": null,
            "current_ratio": null,
            "debt_ratio": null,
            "inventory_turnover_ratio": null,
            "account_receivable_turnover_ratio": null,
            "reinvestment_rate": null,
            "research_to_sale_ratio": null,
            "price_fair": 0,
            "eps_avg_yearly": 0,
            "eps_latest_yearly": 0,
            "eps_growth_yearly": 0
        },
        "20083": {
            "year_quarter": 20083,
            "year": 2008,
            "quarter": 3,
            "eps": null,
            "eps_growth_year": null,
            "eps_4q": null,
            "eps_4q_growth_year": null,
            "roe": null,
            "roe_4q": 0,
            "gross_profit": null,
            "gross_margin": null,
            "gross_margin_4q_avg": 0,
            "net_income": null,
            "net_income_4q": null,
            "revenue": null,
            "revenue_4q": null,
            "common_shares": null,
            "book_valuer_per_share": null,
            "book_valuer_per_share_4q_avg": 0,
            "equity": null,
            "current_ratio": null,
            "debt_ratio": null,
            "inventory_turnover_ratio": null,
            "account_receivable_turnover_ratio": null,
            "reinvestment_rate": null,
            "research_to_sale_ratio": null,
            "price_fair": 0,
            "eps_avg_yearly": 0,
            "eps_latest_yearly": 0,
            "eps_growth_yearly": 0
        },
        "20084": {
            "year_quarter": 20084,
            "year": 2008,
            "quarter": 4,
            "eps": null,
            "eps_growth_year": null,
            "eps_4q": null,
            "eps_4q_growth_year": null,
            "roe": null,
            "roe_4q": 0,
            "gross_profit": null,
            "gross_margin": null,
            "gross_margin_4q_avg": 0,
            "net_income": null,
            "net_income_4q": null,
            "revenue": null,
            "revenue_4q": null,
            "common_shares": null,
            "book_valuer_per_share": null,
            "book_valuer_per_share_4q_avg": 0,
            "equity": null,
            "current_ratio": null,
            "debt_ratio": null,
            "inventory_turnover_ratio": null,
            "account_receivable_turnover_ratio": null,
            "reinvestment_rate": null,
            "research_to_sale_ratio": null,
            "price_fair": 0,
            "eps_avg_yearly": 0,
            "eps_latest_yearly": 0,
            "eps_growth_yearly": 0
        },
        "20091": {
            "year_quarter": 20091,
            "year": 2009,
            "quarter": 1,
            "eps": null,
            "eps_growth_year": null,
            "eps_4q": null,
            "eps_4q_growth_year": null,
            "roe": null,
            "roe_4q": 0,
            "gross_profit": null,
            "gross_margin": null,
            "gross_margin_4q_avg": 0,
            "net_income": null,
            "net_income_4q": null,
            "revenue": null,
            "revenue_4q": null,
            "common_shares": null,
            "book_valuer_per_share": null,
            "book_valuer_per_share_4q_avg": 0,
            "equity": null,
            "current_ratio": null,
            "debt_ratio": null,
            "inventory_turnover_ratio": null,
            "account_receivable_turnover_ratio": null,
            "reinvestment_rate": null,
            "research_to_sale_ratio": null,
            "price_fair": 0,
            "eps_avg_yearly": 0,
            "eps_latest_yearly": 0,
            "eps_growth_yearly": 0
        },
        "20092": {
            "year_quarter": 20092,
            "year": 2009,
            "quarter": 2,
            "eps": null,
            "eps_growth_year": null,
            "eps_4q": null,
            "eps_4q_growth_year": null,
            "roe": null,
            "roe_4q": 0,
            "gross_profit": null,
            "gross_margin": null,
            "gross_margin_4q_avg": 0,
            "net_income": null,
            "net_income_4q": null,
            "revenue": null,
            "revenue_4q": null,
            "common_shares": null,
            "book_valuer_per_share": null,
            "book_valuer_per_share_4q_avg": 0,
            "equity": null,
            "current_ratio": null,
            "debt_ratio": null,
            "inventory_turnover_ratio": null,
            "account_receivable_turnover_ratio": null,
            "reinvestment_rate": null,
            "research_to_sale_ratio": null,
            "price_fair": 0,
            "eps_avg_yearly": 0,
            "eps_latest_yearly": 0,
            "eps_growth_yearly": 0
        },
        "20093": {
            "year_quarter": 20093,
            "year": 2009,
            "quarter": 3,
            "eps": null,
            "eps_growth_year": null,
            "eps_4q": null,
            "eps_4q_growth_year": null,
            "roe": null,
            "roe_4q": 0,
            "gross_profit": null,
            "gross_margin": null,
            "gross_margin_4q_avg": 0,
            "net_income": null,
            "net_income_4q": null,
            "revenue": null,
            "revenue_4q": null,
            "common_shares": null,
            "book_valuer_per_share": null,
            "book_valuer_per_share_4q_avg": 0,
            "equity": null,
            "current_ratio": null,
            "debt_ratio": null,
            "inventory_turnover_ratio": null,
            "account_receivable_turnover_ratio": null,
            "reinvestment_rate": null,
            "research_to_sale_ratio": null,
            "price_fair": 0,
            "eps_avg_yearly": 0,
            "eps_latest_yearly": 0,
            "eps_growth_yearly": 0
        },
        "20094": {
            "year_quarter": 20094,
            "year": 2009,
            "quarter": 4,
            "eps": null,
            "eps_growth_year": null,
            "eps_4q": null,
            "eps_4q_growth_year": null,
            "roe": null,
            "roe_4q": 0,
            "gross_profit": null,
            "gross_margin": null,
            "gross_margin_4q_avg": 0,
            "net_income": null,
            "net_income_4q": null,
            "revenue": null,
            "revenue_4q": null,
            "common_shares": null,
            "book_valuer_per_share": null,
            "book_valuer_per_share_4q_avg": 0,
            "equity": null,
            "current_ratio": null,
            "debt_ratio": null,
            "inventory_turnover_ratio": null,
            "account_receivable_turnover_ratio": null,
            "reinvestment_rate": null,
            "research_to_sale_ratio": null,
            "price_fair": 0,
            "eps_avg_yearly": 0,
            "eps_latest_yearly": 0,
            "eps_growth_yearly": 0
        },
        "20101": {
            "year_quarter": 20101,
            "year": 2010,
            "quarter": 1,
            "eps": null,
            "eps_growth_year": null,
            "eps_4q": null,
            "eps_4q_growth_year": null,
            "roe": null,
            "roe_4q": 0,
            "gross_profit": null,
            "gross_margin": null,
            "gross_margin_4q_avg": 0,
            "net_income": null,
            "net_income_4q": null,
            "revenue": null,
            "revenue_4q": null,
            "common_shares": null,
            "book_valuer_per_share": null,
            "book_valuer_per_share_4q_avg": 0,
            "equity": null,
            "current_ratio": null,
            "debt_ratio": null,
            "inventory_turnover_ratio": null,
            "account_receivable_turnover_ratio": null,
            "reinvestment_rate": null,
            "research_to_sale_ratio": null,
            "price_fair": 0,
            "eps_avg_yearly": 0,
            "eps_latest_yearly": 0,
            "eps_growth_yearly": 0
        },
        "20102": {
            "year_quarter": 20102,
            "year": 2010,
            "quarter": 2,
            "eps": null,
            "eps_growth_year": null,
            "eps_4q": null,
            "eps_4q_growth_year": null,
            "roe": null,
            "roe_4q": 0,
            "gross_profit": null,
            "gross_margin": null,
            "gross_margin_4q_avg": 0,
            "net_income": null,
            "net_income_4q": null,
            "revenue": null,
            "revenue_4q": null,
            "common_shares": null,
            "book_valuer_per_share": null,
            "book_valuer_per_share_4q_avg": 0,
            "equity": null,
            "current_ratio": null,
            "debt_ratio": null,
            "inventory_turnover_ratio": null,
            "account_receivable_turnover_ratio": null,
            "reinvestment_rate": null,
            "research_to_sale_ratio": null,
            "price_fair": 0,
            "eps_avg_yearly": 0,
            "eps_latest_yearly": 0,
            "eps_growth_yearly": 0
        },
        "20103": {
            "year_quarter": 20103,
            "year": 2010,
            "quarter": 3,
            "eps": null,
            "eps_growth_year": null,
            "eps_4q": null,
            "eps_4q_growth_year": null,
            "roe": null,
            "roe_4q": 0,
            "gross_profit": null,
            "gross_margin": null,
            "gross_margin_4q_avg": 0,
            "net_income": null,
            "net_income_4q": null,
            "revenue": null,
            "revenue_4q": null,
            "common_shares": null,
            "book_valuer_per_share": null,
            "book_valuer_per_share_4q_avg": 0,
            "equity": null,
            "current_ratio": null,
            "debt_ratio": null,
            "inventory_turnover_ratio": null,
            "account_receivable_turnover_ratio": null,
            "reinvestment_rate": null,
            "research_to_sale_ratio": null,
            "price_fair": 0,
            "eps_avg_yearly": 0,
            "eps_latest_yearly": 0,
            "eps_growth_yearly": 0
        },
        "20104": {
            "year_quarter": 20104,
            "year": 2010,
            "quarter": 4,
            "eps": null,
            "eps_growth_year": null,
            "eps_4q": null,
            "eps_4q_growth_year": null,
            "roe": null,
            "roe_4q": 0,
            "gross_profit": null,
            "gross_margin": null,
            "gross_margin_4q_avg": 0,
            "net_income": null,
            "net_income_4q": null,
            "revenue": null,
            "revenue_4q": null,
            "common_shares": null,
            "book_valuer_per_share": null,
            "book_valuer_per_share_4q_avg": 0,
            "equity": null,
            "current_ratio": null,
            "debt_ratio": null,
            "inventory_turnover_ratio": null,
            "account_receivable_turnover_ratio": null,
            "reinvestment_rate": null,
            "research_to_sale_ratio": null,
            "price_fair": 0,
            "eps_avg_yearly": 0,
            "eps_latest_yearly": 0,
            "eps_growth_yearly": 0
        },
        "20111": {
            "year_quarter": 20111,
            "year": 2011,
            "quarter": 1,
            "eps": null,
            "eps_growth_year": null,
            "eps_4q": null,
            "eps_4q_growth_year": null,
            "roe": null,
            "roe_4q": 0,
            "gross_profit": null,
            "gross_margin": null,
            "gross_margin_4q_avg": 0,
            "net_income": null,
            "net_income_4q": null,
            "revenue": null,
            "revenue_4q": null,
            "common_shares": null,
            "book_valuer_per_share": null,
            "book_valuer_per_share_4q_avg": 0,
            "equity": null,
            "current_ratio": null,
            "debt_ratio": null,
            "inventory_turnover_ratio": null,
            "account_receivable_turnover_ratio": null,
            "reinvestment_rate": null,
            "research_to_sale_ratio": null,
            "price_fair": 0,
            "eps_avg_yearly": 0,
            "eps_latest_yearly": 0,
            "eps_growth_yearly": 0
        },
        "20112": {
            "year_quarter": 20112,
            "year": 2011,
            "quarter": 2,
            "eps": null,
            "eps_growth_year": null,
            "eps_4q": null,
            "eps_4q_growth_year": null,
            "roe": null,
            "roe_4q": 0,
            "gross_profit": null,
            "gross_margin": null,
            "gross_margin_4q_avg": 0,
            "net_income": null,
            "net_income_4q": null,
            "revenue": null,
            "revenue_4q": null,
            "common_shares": null,
            "book_valuer_per_share": null,
            "book_valuer_per_share_4q_avg": 0,
            "equity": null,
            "current_ratio": null,
            "debt_ratio": null,
            "inventory_turnover_ratio": null,
            "account_receivable_turnover_ratio": null,
            "reinvestment_rate": null,
            "research_to_sale_ratio": null,
            "price_fair": 0,
            "eps_avg_yearly": 0,
            "eps_latest_yearly": 0,
            "eps_growth_yearly": 0
        },
        "20113": {
            "year_quarter": 20113,
            "year": 2011,
            "quarter": 3,
            "eps": null,
            "eps_growth_year": null,
            "eps_4q": null,
            "eps_4q_growth_year": null,
            "roe": null,
            "roe_4q": 0,
            "gross_profit": null,
            "gross_margin": null,
            "gross_margin_4q_avg": 0,
            "net_income": null,
            "net_income_4q": null,
            "revenue": null,
            "revenue_4q": null,
            "common_shares": null,
            "book_valuer_per_share": null,
            "book_valuer_per_share_4q_avg": 0,
            "equity": null,
            "current_ratio": null,
            "debt_ratio": null,
            "inventory_turnover_ratio": null,
            "account_receivable_turnover_ratio": null,
            "reinvestment_rate": null,
            "research_to_sale_ratio": null,
            "price_fair": 0,
            "eps_avg_yearly": 0,
            "eps_latest_yearly": 0,
            "eps_growth_yearly": 0
        },
        "20114": {
            "year_quarter": 20114,
            "year": 2011,
            "quarter": 4,
            "eps": null,
            "eps_growth_year": null,
            "eps_4q": null,
            "eps_4q_growth_year": null,
            "roe": null,
            "roe_4q": 0,
            "gross_profit": null,
            "gross_margin": null,
            "gross_margin_4q_avg": 0,
            "net_income": null,
            "net_income_4q": null,
            "revenue": null,
            "revenue_4q": null,
            "common_shares": null,
            "book_valuer_per_share": null,
            "book_valuer_per_share_4q_avg": 0,
            "equity": null,
            "current_ratio": null,
            "debt_ratio": null,
            "inventory_turnover_ratio": null,
            "account_receivable_turnover_ratio": null,
            "reinvestment_rate": null,
            "research_to_sale_ratio": null,
            "price_fair": 0,
            "eps_avg_yearly": 0,
            "eps_latest_yearly": 0,
            "eps_growth_yearly": 0
        },
        "20121": {
            "year_quarter": 20121,
            "year": 2012,
            "quarter": 1,
            "eps": null,
            "eps_growth_year": null,
            "eps_4q": null,
            "eps_4q_growth_year": null,
            "roe": null,
            "roe_4q": 0,
            "gross_profit": null,
            "gross_margin": null,
            "gross_margin_4q_avg": 0,
            "net_income": null,
            "net_income_4q": null,
            "revenue": null,
            "revenue_4q": null,
            "common_shares": null,
            "book_valuer_per_share": null,
            "book_valuer_per_share_4q_avg": 0,
            "equity": null,
            "current_ratio": null,
            "debt_ratio": null,
            "inventory_turnover_ratio": null,
            "account_receivable_turnover_ratio": null,
            "reinvestment_rate": null,
            "research_to_sale_ratio": null,
            "price_fair": 0,
            "eps_avg_yearly": 0,
            "eps_latest_yearly": 0,
            "eps_growth_yearly": 0
        },
        "20122": {
            "year_quarter": 20122,
            "year": 2012,
            "quarter": 2,
            "eps": null,
            "eps_growth_year": null,
            "eps_4q": null,
            "eps_4q_growth_year": null,
            "roe": null,
            "roe_4q": 0,
            "gross_profit": null,
            "gross_margin": null,
            "gross_margin_4q_avg": 0,
            "net_income": null,
            "net_income_4q": null,
            "revenue": null,
            "revenue_4q": null,
            "common_shares": null,
            "book_valuer_per_share": null,
            "book_valuer_per_share_4q_avg": 0,
            "equity": null,
            "current_ratio": null,
            "debt_ratio": null,
            "inventory_turnover_ratio": null,
            "account_receivable_turnover_ratio": null,
            "reinvestment_rate": null,
            "research_to_sale_ratio": null,
            "price_fair": 0,
            "eps_avg_yearly": 0,
            "eps_latest_yearly": 0,
            "eps_growth_yearly": 0
        },
        "20123": {
            "year_quarter": 20123,
            "year": 2012,
            "quarter": 3,
            "eps": null,
            "eps_growth_year": null,
            "eps_4q": null,
            "eps_4q_growth_year": null,
            "roe": null,
            "roe_4q": 0,
            "gross_profit": null,
            "gross_margin": null,
            "gross_margin_4q_avg": 0,
            "net_income": null,
            "net_income_4q": null,
            "revenue": null,
            "revenue_4q": null,
            "common_shares": null,
            "book_valuer_per_share": null,
            "book_valuer_per_share_4q_avg": 0,
            "equity": null,
            "current_ratio": null,
            "debt_ratio": null,
            "inventory_turnover_ratio": null,
            "account_receivable_turnover_ratio": null,
            "reinvestment_rate": null,
            "research_to_sale_ratio": null,
            "price_fair": 0,
            "eps_avg_yearly": 0,
            "eps_latest_yearly": 0,
            "eps_growth_yearly": 0
        },
        "20124": {
            "year_quarter": 20124,
            "year": 2012,
            "quarter": 4,
            "eps": null,
            "eps_growth_year": null,
            "eps_4q": null,
            "eps_4q_growth_year": null,
            "roe": null,
            "roe_4q": 0,
            "gross_profit": null,
            "gross_margin": null,
            "gross_margin_4q_avg": 0,
            "net_income": null,
            "net_income_4q": null,
            "revenue": null,
            "revenue_4q": null,
            "common_shares": null,
            "book_valuer_per_share": null,
            "book_valuer_per_share_4q_avg": 0,
            "equity": null,
            "current_ratio": null,
            "debt_ratio": null,
            "inventory_turnover_ratio": null,
            "account_receivable_turnover_ratio": null,
            "reinvestment_rate": null,
            "research_to_sale_ratio": null,
            "price_fair": 0,
            "eps_avg_yearly": 0,
            "eps_latest_yearly": 0,
            "eps_growth_yearly": 0
        },
        "20131": {
            "year_quarter": 20131,
            "year": 2013,
            "quarter": 1,
            "eps": null,
            "eps_growth_year": null,
            "eps_4q": null,
            "eps_4q_growth_year": null,
            "roe": null,
            "roe_4q": 0,
            "gross_profit": null,
            "gross_margin": null,
            "gross_margin_4q_avg": 0,
            "net_income": null,
            "net_income_4q": null,
            "revenue": null,
            "revenue_4q": null,
            "common_shares": null,
            "book_valuer_per_share": null,
            "book_valuer_per_share_4q_avg": 0,
            "equity": null,
            "current_ratio": null,
            "debt_ratio": null,
            "inventory_turnover_ratio": null,
            "account_receivable_turnover_ratio": null,
            "reinvestment_rate": null,
            "research_to_sale_ratio": null,
            "price_fair": 0,
            "eps_avg_yearly": 0,
            "eps_latest_yearly": 0,
            "eps_growth_yearly": 0
        },
        "20132": {
            "year_quarter": 20132,
            "year": 2013,
            "quarter": 2,
            "eps": null,
            "eps_growth_year": null,
            "eps_4q": null,
            "eps_4q_growth_year": null,
            "roe": null,
            "roe_4q": 0,
            "gross_profit": null,
            "gross_margin": null,
            "gross_margin_4q_avg": 0,
            "net_income": null,
            "net_income_4q": null,
            "revenue": null,
            "revenue_4q": null,
            "common_shares": null,
            "book_valuer_per_share": null,
            "book_valuer_per_share_4q_avg": 0,
            "equity": null,
            "current_ratio": null,
            "debt_ratio": null,
            "inventory_turnover_ratio": null,
            "account_receivable_turnover_ratio": null,
            "reinvestment_rate": null,
            "research_to_sale_ratio": null,
            "price_fair": 0,
            "eps_avg_yearly": 0,
            "eps_latest_yearly": 0,
            "eps_growth_yearly": 0
        },
        "20133": {
            "year_quarter": 20133,
            "year": 2013,
            "quarter": 3,
            "eps": null,
            "eps_growth_year": null,
            "eps_4q": null,
            "eps_4q_growth_year": null,
            "roe": null,
            "roe_4q": 0,
            "gross_profit": null,
            "gross_margin": null,
            "gross_margin_4q_avg": 0,
            "net_income": null,
            "net_income_4q": null,
            "revenue": null,
            "revenue_4q": null,
            "common_shares": null,
            "book_valuer_per_share": null,
            "book_valuer_per_share_4q_avg": 0,
            "equity": null,
            "current_ratio": null,
            "debt_ratio": null,
            "inventory_turnover_ratio": null,
            "account_receivable_turnover_ratio": null,
            "reinvestment_rate": null,
            "research_to_sale_ratio": null,
            "price_fair": 0,
            "eps_avg_yearly": 0,
            "eps_latest_yearly": 0,
            "eps_growth_yearly": 0
        },
        "20134": {
            "year_quarter": 20134,
            "year": 2013,
            "quarter": 4,
            "eps": null,
            "eps_growth_year": null,
            "eps_4q": null,
            "eps_4q_growth_year": null,
            "roe": null,
            "roe_4q": 0,
            "gross_profit": null,
            "gross_margin": null,
            "gross_margin_4q_avg": 0,
            "net_income": null,
            "net_income_4q": null,
            "revenue": null,
            "revenue_4q": null,
            "common_shares": null,
            "book_valuer_per_share": null,
            "book_valuer_per_share_4q_avg": 0,
            "equity": null,
            "current_ratio": null,
            "debt_ratio": null,
            "inventory_turnover_ratio": null,
            "account_receivable_turnover_ratio": null,
            "reinvestment_rate": null,
            "research_to_sale_ratio": null,
            "price_fair": 0,
            "eps_avg_yearly": 0,
            "eps_latest_yearly": 0,
            "eps_growth_yearly": 0
        },
        "20141": {
            "year_quarter": 20141,
            "year": 2014,
            "quarter": 1,
            "eps": null,
            "eps_growth_year": null,
            "eps_4q": null,
            "eps_4q_growth_year": null,
            "roe": null,
            "roe_4q": 0,
            "gross_profit": null,
            "gross_margin": null,
            "gross_margin_4q_avg": 0,
            "net_income": null,
            "net_income_4q": null,
            "revenue": null,
            "revenue_4q": null,
            "common_shares": null,
            "book_valuer_per_share": null,
            "book_valuer_per_share_4q_avg": 0,
            "equity": null,
            "current_ratio": null,
            "debt_ratio": null,
            "inventory_turnover_ratio": null,
            "account_receivable_turnover_ratio": null,
            "reinvestment_rate": null,
            "research_to_sale_ratio": null,
            "price_fair": 0,
            "eps_avg_yearly": 0,
            "eps_latest_yearly": 0,
            "eps_growth_yearly": 0
        },
        "20142": {
            "year_quarter": 20142,
            "year": 2014,
            "quarter": 2,
            "eps": null,
            "eps_growth_year": null,
            "eps_4q": null,
            "eps_4q_growth_year": null,
            "roe": null,
            "roe_4q": 0,
            "gross_profit": null,
            "gross_margin": null,
            "gross_margin_4q_avg": 0,
            "net_income": null,
            "net_income_4q": null,
            "revenue": null,
            "revenue_4q": null,
            "common_shares": null,
            "book_valuer_per_share": null,
            "book_valuer_per_share_4q_avg": 0,
            "equity": null,
            "current_ratio": null,
            "debt_ratio": null,
            "inventory_turnover_ratio": null,
            "account_receivable_turnover_ratio": null,
            "reinvestment_rate": null,
            "research_to_sale_ratio": null,
            "price_fair": 0,
            "eps_avg_yearly": 0,
            "eps_latest_yearly": 0,
            "eps_growth_yearly": 0
        },
        "20143": {
            "year_quarter": 20143,
            "year": 2014,
            "quarter": 3,
            "eps": null,
            "eps_growth_year": null,
            "eps_4q": null,
            "eps_4q_growth_year": null,
            "roe": null,
            "roe_4q": 0,
            "gross_profit": null,
            "gross_margin": null,
            "gross_margin_4q_avg": 0,
            "net_income": null,
            "net_income_4q": null,
            "revenue": null,
            "revenue_4q": null,
            "common_shares": null,
            "book_valuer_per_share": null,
            "book_valuer_per_share_4q_avg": 0,
            "equity": null,
            "current_ratio": null,
            "debt_ratio": null,
            "inventory_turnover_ratio": null,
            "account_receivable_turnover_ratio": null,
            "reinvestment_rate": null,
            "research_to_sale_ratio": null,
            "price_fair": 0,
            "eps_avg_yearly": 0,
            "eps_latest_yearly": 0,
            "eps_growth_yearly": 0
        },
        "20144": {
            "year_quarter": 20144,
            "year": 2014,
            "quarter": 4,
            "eps": null,
            "eps_growth_year": null,
            "eps_4q": null,
            "eps_4q_growth_year": null,
            "roe": null,
            "roe_4q": 0,
            "gross_profit": null,
            "gross_margin": null,
            "gross_margin_4q_avg": 0,
            "net_income": null,
            "net_income_4q": null,
            "revenue": null,
            "revenue_4q": null,
            "common_shares": null,
            "book_valuer_per_share": null,
            "book_valuer_per_share_4q_avg": 0,
            "equity": null,
            "current_ratio": null,
            "debt_ratio": null,
            "inventory_turnover_ratio": null,
            "account_receivable_turnover_ratio": null,
            "reinvestment_rate": null,
            "research_to_sale_ratio": null,
            "price_fair": 0,
            "eps_avg_yearly": 0,
            "eps_latest_yearly": 0,
            "eps_growth_yearly": 0
        },
        "20151": {
            "year_quarter": 20151,
            "year": 2015,
            "quarter": 1,
            "eps": null,
            "eps_growth_year": null,
            "eps_4q": null,
            "eps_4q_growth_year": null,
            "roe": null,
            "roe_4q": 0,
            "gross_profit": 214544,
            "gross_margin": null,
            "gross_margin_4q_avg": 0,
            "net_income": 127351,
            "net_income_4q": null,
            "revenue": 815382,
            "revenue_4q": null,
            "common_shares": 587190,
            "book_valuer_per_share": 31.41,
            "book_valuer_per_share_4q_avg": 7.85,
            "equity": 1844171,
            "current_ratio": 169.58,
            "debt_ratio": 47.49,
            "inventory_turnover_ratio": null,
            "account_receivable_turnover_ratio": null,
            "reinvestment_rate": null,
            "research_to_sale_ratio": null,
            "price_fair": 0,
            "eps_avg_yearly": 0,
            "eps_latest_yearly": 0,
            "eps_growth_yearly": 0
        },
        "20152": {
            "year_quarter": 20152,
            "year": 2015,
            "quarter": 2,
            "eps": null,
            "eps_growth_year": null,
            "eps_4q": null,
            "eps_4q_growth_year": null,
            "roe": null,
            "roe_4q": 0,
            "gross_profit": 210848,
            "gross_margin": null,
            "gross_margin_4q_avg": 0,
            "net_income": 179991,
            "net_income_4q": null,
            "revenue": 800837,
            "revenue_4q": null,
            "common_shares": 587190,
            "book_valuer_per_share": 28.26,
            "book_valuer_per_share_4q_avg": 14.92,
            "equity": 1659406,
            "current_ratio": 186.69,
            "debt_ratio": 41.48,
            "inventory_turnover_ratio": null,
            "account_receivable_turnover_ratio": null,
            "reinvestment_rate": null,
            "research_to_sale_ratio": null,
            "price_fair": 0,
            "eps_avg_yearly": 0,
            "eps_latest_yearly": 0,
            "eps_growth_yearly": 0
        },
        "20153": {
            "year_quarter": 20153,
            "year": 2015,
            "quarter": 3,
            "eps": null,
            "eps_growth_year": null,
            "eps_4q": null,
            "eps_4q_growth_year": null,
            "roe": null,
            "roe_4q": 0,
            "gross_profit": 210918,
            "gross_margin": null,
            "gross_margin_4q_avg": 0,
            "net_income": -13054,
            "net_income_4q": null,
            "revenue": 851726,
            "revenue_4q": null,
            "common_shares": 587190,
            "book_valuer_per_share": 28.94,
            "book_valuer_per_share_4q_avg": 22.15,
            "equity": 1699130,
            "current_ratio": 197.95,
            "debt_ratio": 39.53,
            "inventory_turnover_ratio": null,
            "account_receivable_turnover_ratio": null,
            "reinvestment_rate": null,
            "research_to_sale_ratio": null,
            "price_fair": 0,
            "eps_avg_yearly": 0,
            "eps_latest_yearly": 0,
            "eps_growth_yearly": 0
        },
        "20154": {
            "year_quarter": 20154,
            "year": 2015,
            "quarter": 4,
            "eps": null,
            "eps_growth_year": null,
            "eps_4q": null,
            "eps_4q_growth_year": null,
            "roe": null,
            "roe_4q": 0,
            "gross_profit": 286691,
            "gross_margin": null,
            "gross_margin_4q_avg": 0,
            "net_income": 142363,
            "net_income_4q": null,
            "revenue": 906609,
            "revenue_4q": null,
            "common_shares": 587190,
            "book_valuer_per_share": 30.8,
            "book_valuer_per_share_4q_avg": 29.85,
            "equity": 1808480,
            "current_ratio": 223.09,
            "debt_ratio": 36.41,
            "inventory_turnover_ratio": null,
            "account_receivable_turnover_ratio": null,
            "reinvestment_rate": null,
            "research_to_sale_ratio": null,
            "price_fair": 0,
            "eps_avg_yearly": 0,
            "eps_latest_yearly": 0,
            "eps_growth_yearly": 0
        },
        "20161": {
            "year_quarter": 20161,
            "year": 2016,
            "quarter": 1,
            "eps": null,
            "eps_growth_year": null,
            "eps_4q": null,
            "eps_4q_growth_year": null,
            "roe": null,
            "roe_4q": 0,
            "gross_profit": 272431,
            "gross_margin": null,
            "gross_margin_4q_avg": 0,
            "net_income": 154379,
            "net_income_4q": null,
            "revenue": 854823,
            "revenue_4q": null,
            "common_shares": 587190,
            "book_valuer_per_share": 32.85,
            "book_valuer_per_share_4q_avg": 30.21,
            "equity": 1928867,
            "current_ratio": 262.78,
            "debt_ratio": 32.35,
            "inventory_turnover_ratio": null,
            "account_receivable_turnover_ratio": null,
            "reinvestment_rate": null,
            "research_to_sale_ratio": null,
            "price_fair": 0,
            "eps_avg_yearly": 0,
            "eps_latest_yearly": 0,
            "eps_growth_yearly": 0
        },
        "20162": {
            "year_quarter": 20162,
            "year": 2016,
            "quarter": 2,
            "eps": null,
            "eps_growth_year": null,
            "eps_4q": null,
            "eps_4q_growth_year": null,
            "roe": null,
            "roe_4q": 0,
            "gross_profit": 283609,
            "gross_margin": null,
            "gross_margin_4q_avg": 0,
            "net_income": 140391,
            "net_income_4q": null,
            "revenue": 952750,
            "revenue_4q": null,
            "common_shares": 587190,
            "book_valuer_per_share": 28.59,
            "book_valuer_per_share_4q_avg": 30.3,
            "equity": 1678584,
            "current_ratio": 213.23,
            "debt_ratio": 38.34,
            "inventory_turnover_ratio": null,
            "account_receivable_turnover_ratio": null,
            "reinvestment_rate": null,
            "research_to_sale_ratio": null,
            "price_fair": 0,
            "eps_avg_yearly": 0,
            "eps_latest_yearly": 0,
            "eps_growth_yearly": 0
        },
        "20163": {
            "year_quarter": 20163,
            "year": 2016,
            "quarter": 3,
            "eps": 2.32,
            "eps_growth_year": null,
            "eps_4q": 2.32,
            "eps_4q_growth_year": null,
            "roe": 7.97,
            "roe_4q": 7.97,
            "gross_profit": 254597,
            "gross_margin": 30.63,
            "gross_margin_4q_avg": 7.66,
            "net_income": 136350,
            "net_income_4q": null,
            "revenue": 831087,
            "revenue_4q": null,
            "common_shares": 587190,
            "book_valuer_per_share": 29.68,
            "book_valuer_per_share_4q_avg": 30.48,
            "equity": 1742695,
            "current_ratio": 251.08,
            "debt_ratio": 33.5,
            "inventory_turnover_ratio": 2.61,
            "account_receivable_turnover_ratio": 1.86,
            "reinvestment_rate": null,
            "research_to_sale_ratio": 0.32,
            "price_fair": 0,
            "eps_avg_yearly": 0,
            "eps_latest_yearly": 0,
            "eps_growth_yearly": 0
        },
        "20164": {
            "year_quarter": 20164,
            "year": 2016,
            "quarter": 4,
            "eps": 2.1,
            "eps_growth_year": null,
            "eps_4q": 4.16,
            "eps_4q_growth_year": null,
            "roe": 6.35,
            "roe_4q": 14.32,
            "gross_profit": 236164,
            "gross_margin": 27.07,
            "gross_margin_4q_avg": 14.43,
            "net_income": 138681,
            "net_income_4q": null,
            "revenue": 872444,
            "revenue_4q": null,
            "common_shares": 660590,
            "book_valuer_per_share": 39.71,
            "book_valuer_per_share_4q_avg": 32.71,
            "equity": 2623306,
            "current_ratio": 307.13,
            "debt_ratio": 30.03,
            "inventory_turnover_ratio": 2.56,
            "account_receivable_turnover_ratio": 0.93,
            "reinvestment_rate": null,
            "research_to_sale_ratio": 0.37,
            "price_fair": 25.2,
            "eps_avg_yearly": 8.4,
            "eps_latest_yearly": 8.4,
            "eps_growth_yearly": -37.93
        },
        "20171": {
            "year_quarter": 20171,
            "year": 2017,
            "quarter": 1,
            "eps": 1.56,
            "eps_growth_year": null,
            "eps_4q": 5.72,
            "eps_4q_growth_year": null,
            "roe": 3.95,
            "roe_4q": 18.27,
            "gross_profit": 224471,
            "gross_margin": 26.49,
            "gross_margin_4q_avg": 21.05,
            "net_income": 102985,
            "net_income_4q": null,
            "revenue": 847278,
            "revenue_4q": null,
            "common_shares": 660590,
            "book_valuer_per_share": 39.31,
            "book_valuer_per_share_4q_avg": 34.32,
            "equity": 2596606,
            "current_ratio": 356.19,
            "debt_ratio": 26.79,
            "inventory_turnover_ratio": 2.25,
            "account_receivable_turnover_ratio": 0.88,
            "reinvestment_rate": null,
            "research_to_sale_ratio": 0.43,
            "price_fair": 21.96,
            "eps_avg_yearly": 7.32,
            "eps_latest_yearly": 6.24,
            "eps_growth_yearly": -70.39
        },
        "20172": {
            "year_quarter": 20172,
            "year": 2017,
            "quarter": 2,
            "eps": 2.01,
            "eps_growth_year": null,
            "eps_4q": 7.74,
            "eps_4q_growth_year": null,
            "roe": 5.43,
            "roe_4q": 23.7,
            "gross_profit": 264483,
            "gross_margin": 26.69,
            "gross_margin_4q_avg": 27.72,
            "net_income": 133090,
            "net_income_4q": null,
            "revenue": 991084,
            "revenue_4q": null,
            "common_shares": 660590,
            "book_valuer_per_share": 34.9,
            "book_valuer_per_share_4q_avg": 35.9,
            "equity": 2305591,
            "current_ratio": 206.32,
            "debt_ratio": 39.26,
            "inventory_turnover_ratio": 2.54,
            "account_receivable_turnover_ratio": 0.95,
            "reinvestment_rate": null,
            "research_to_sale_ratio": 0.45,
            "price_fair": 22.68,
            "eps_avg_yearly": 7.56,
            "eps_latest_yearly": 8.04,
            "eps_growth_yearly": -8.47
        },
        "20173": {
            "year_quarter": 20173,
            "year": 2017,
            "quarter": 3,
            "eps": 1.82,
            "eps_growth_year": -21.55,
            "eps_4q": 7.49,
            "eps_4q_growth_year": 222.57,
            "roe": 5.05,
            "roe_4q": 20.78,
            "gross_profit": 256510,
            "gross_margin": 26.83,
            "gross_margin_4q_avg": 26.77,
            "net_income": 120053,
            "net_income_4q": null,
            "revenue": 955972,
            "revenue_4q": null,
            "common_shares": 660590,
            "book_valuer_per_share": 37.04,
            "book_valuer_per_share_4q_avg": 37.74,
            "equity": 2446824,
            "current_ratio": 213.13,
            "debt_ratio": 38.09,
            "inventory_turnover_ratio": 2.17,
            "account_receivable_turnover_ratio": 0.85,
            "reinvestment_rate": null,
            "research_to_sale_ratio": 0.35,
            "price_fair": 22.47,
            "eps_avg_yearly": 7.49,
            "eps_latest_yearly": 7.28,
            "eps_growth_yearly": -15.8
        },
        "20174": {
            "year_quarter": 20174,
            "year": 2017,
            "quarter": 4,
            "eps": 2.1,
            "eps_growth_year": -0.07,
            "eps_4q": 7.49,
            "eps_4q_growth_year": 79.88,
            "roe": 5.52,
            "roe_4q": 19.95,
            "gross_profit": 185676,
            "gross_margin": 20.86,
            "gross_margin_4q_avg": 25.22,
            "net_income": 138589,
            "net_income_4q": null,
            "revenue": 889919,
            "revenue_4q": null,
            "common_shares": 660590,
            "book_valuer_per_share": 38.91,
            "book_valuer_per_share_4q_avg": 37.54,
            "equity": 2570344,
            "current_ratio": 225.36,
            "debt_ratio": 34.46,
            "inventory_turnover_ratio": 2.22,
            "account_receivable_turnover_ratio": 0.81,
            "reinvestment_rate": null,
            "research_to_sale_ratio": 0.23,
            "price_fair": 23.02,
            "eps_avg_yearly": 7.67,
            "eps_latest_yearly": 8.4,
            "eps_growth_yearly": -0.34
        },
        "20181": {
            "year_quarter": 20181,
            "year": 2018,
            "quarter": 1,
            "eps": 0.51,
            "eps_growth_year": -67.31,
            "eps_4q": 6.44,
            "eps_4q_growth_year": 12.56,
            "roe": 1.31,
            "roe_4q": 17.31,
            "gross_profit": 154019,
            "gross_margin": 20.9,
            "gross_margin_4q_avg": 23.82,
            "net_income": 33761,
            "net_income_4q": null,
            "revenue": 736791,
            "revenue_4q": null,
            "common_shares": 660590,
            "book_valuer_per_share": 39.2,
            "book_valuer_per_share_4q_avg": 37.51,
            "equity": 2589414,
            "current_ratio": 212.54,
            "debt_ratio": 36.24,
            "inventory_turnover_ratio": 2.01,
            "account_receivable_turnover_ratio": 0.73,
            "reinvestment_rate": null,
            "research_to_sale_ratio": 0.35,
            "price_fair": 20.2,
            "eps_avg_yearly": 6.73,
            "eps_latest_yearly": 2.04,
            "eps_growth_yearly": -50.76
        },
        "20182": {
            "year_quarter": 20182,
            "year": 2018,
            "quarter": 2,
            "eps": 1.15,
            "eps_growth_year": -42.79,
            "eps_4q": 5.58,
            "eps_4q_growth_year": -27.87,
            "roe": 3.14,
            "roe_4q": 15.02,
            "gross_profit": 133074,
            "gross_margin": 19.31,
            "gross_margin_4q_avg": 21.98,
            "net_income": 76259,
            "net_income_4q": null,
            "revenue": 689061,
            "revenue_4q": null,
            "common_shares": 660590,
            "book_valuer_per_share": 344.37,
            "book_valuer_per_share_4q_avg": 114.88,
            "equity": 2274865,
            "current_ratio": 172.14,
            "debt_ratio": 44.77,
            "inventory_turnover_ratio": 1.81,
            "account_receivable_turnover_ratio": 0.76,
            "reinvestment_rate": null,
            "research_to_sale_ratio": 0.38,
            "price_fair": 225,
            "eps_avg_yearly": 6.43,
            "eps_latest_yearly": 4.6,
            "eps_growth_yearly": 28.2
        },
        "20183": {
            "year_quarter": 20183,
            "year": 2018,
            "quarter": 3,
            "eps": 0.79,
            "eps_growth_year": -56.59,
            "eps_4q": 4.55,
            "eps_4q_growth_year": -39.28,
            "roe": 2.28,
            "roe_4q": 12.25,
            "gross_profit": 162713,
            "gross_margin": 22.34,
            "gross_margin_4q_avg": 20.85,
            "net_income": 51864,
            "net_income_4q": null,
            "revenue": 728256,
            "revenue_4q": null,
            "common_shares": 660590,
            "book_valuer_per_share": 34.44,
            "book_valuer_per_share_4q_avg": 114.23,
            "equity": 2275137,
            "current_ratio": 207.88,
            "debt_ratio": 35.94,
            "inventory_turnover_ratio": 1.78,
            "account_receivable_turnover_ratio": 0.86,
            "reinvestment_rate": null,
            "research_to_sale_ratio": 0.36,
            "price_fair": 114.54,
            "eps_avg_yearly": 6.02,
            "eps_latest_yearly": 3.16,
            "eps_growth_yearly": 9.03
        },
        "20184": {
            "year_quarter": 20184,
            "year": 2018,
            "quarter": 4,
            "eps": 2.25,
            "eps_growth_year": 7.19,
            "eps_4q": 4.7,
            "eps_4q_growth_year": -37.25,
            "roe": 6.3,
            "roe_4q": 13.030000000000001,
            "gross_profit": 195670,
            "gross_margin": 23.71,
            "gross_margin_4q_avg": 21.57,
            "net_income": 148552,
            "net_income_4q": null,
            "revenue": 825240,
            "revenue_4q": null,
            "common_shares": 660590,
            "book_valuer_per_share": 36.89,
            "book_valuer_per_share_4q_avg": 113.73,
            "equity": 2437110,
            "current_ratio": 203.9,
            "debt_ratio": 35.34,
            "inventory_turnover_ratio": 1.86,
            "account_receivable_turnover_ratio": 0.91,
            "reinvestment_rate": 54.61,
            "research_to_sale_ratio": 0.1,
            "price_fair": 222.29,
            "eps_avg_yearly": 6.35,
            "eps_latest_yearly": 9,
            "eps_growth_yearly": 90.16
        },
        "20191": {
            "year_quarter": 20191,
            "year": 2019,
            "quarter": 1,
            "eps": 1.57,
            "eps_growth_year": 207.84,
            "eps_4q": 5.75,
            "eps_4q_growth_year": -10.67,
            "roe": 4.1,
            "roe_4q": 15.819999999999999,
            "gross_profit": 223891,
            "gross_margin": 26.51,
            "gross_margin_4q_avg": 22.97,
            "net_income": 103431,
            "net_income_4q": null,
            "revenue": 844534,
            "revenue_4q": null,
            "common_shares": 660590,
            "book_valuer_per_share": 39.39,
            "book_valuer_per_share_4q_avg": 113.77,
            "equity": 2602188,
            "current_ratio": 219.72,
            "debt_ratio": 32.84,
            "inventory_turnover_ratio": 1.77,
            "account_receivable_turnover_ratio": 0.83,
            "reinvestment_rate": 11.95,
            "research_to_sale_ratio": 0.08,
            "price_fair": 222.04,
            "eps_avg_yearly": 6.34,
            "eps_latest_yearly": 6.28,
            "eps_growth_yearly": 69.06
        },
        "20192": {
            "year_quarter": 20192,
            "year": 2019,
            "quarter": 2,
            "eps": 1.94,
            "eps_growth_year": 68.7,
            "eps_4q": 6.54,
            "eps_4q_growth_year": 17.18,
            "roe": 5,
            "roe_4q": 17.68,
            "gross_profit": 245511,
            "gross_margin": 26.14,
            "gross_margin_4q_avg": 24.68,
            "net_income": 128145,
            "net_income_4q": null,
            "revenue": 939303,
            "revenue_4q": null,
            "common_shares": 660590,
            "book_valuer_per_share": 38.25,
            "book_valuer_per_share_4q_avg": 37.24,
            "equity": 2526726,
            "current_ratio": 184.39,
            "debt_ratio": 39.03,
            "inventory_turnover_ratio": 2.01,
            "account_receivable_turnover_ratio": 0.84,
            "reinvestment_rate": 16,
            "research_to_sale_ratio": 0.07,
            "price_fair": 226.55,
            "eps_avg_yearly": 6.47,
            "eps_latest_yearly": 7.76,
            "eps_growth_yearly": 71.35
        },
        "20193": {
            "year_quarter": 20193,
            "year": 2019,
            "quarter": 3,
            "eps": 1.14,
            "eps_growth_year": 44.3,
            "eps_4q": 6.9,
            "eps_4q_growth_year": 51.59,
            "roe": 2.97,
            "roe_4q": 18.37,
            "gross_profit": 219228,
            "gross_margin": 26.4,
            "gross_margin_4q_avg": 25.69,
            "net_income": 75354,
            "net_income_4q": null,
            "revenue": 830482,
            "revenue_4q": null,
            "common_shares": 660590,
            "book_valuer_per_share": 38.65,
            "book_valuer_per_share_4q_avg": 38.3,
            "equity": 2552929,
            "current_ratio": 208.09,
            "debt_ratio": 33.09,
            "inventory_turnover_ratio": 1.73,
            "account_receivable_turnover_ratio": 0.74,
            "reinvestment_rate": 12.66,
            "research_to_sale_ratio": 0.21,
            "price_fair": 220.97,
            "eps_avg_yearly": 6.31,
            "eps_latest_yearly": 4.56,
            "eps_growth_yearly": 51.66
        },
        "20194": {
            "year_quarter": 20194,
            "year": 2019,
            "quarter": 4,
            "eps": 1.45,
            "eps_growth_year": -35.69,
            "eps_4q": 6.09,
            "eps_4q_growth_year": 29.65,
            "roe": 3.69,
            "roe_4q": 15.76,
            "gross_profit": 202917,
            "gross_margin": 23.77,
            "gross_margin_4q_avg": 25.71,
            "net_income": 95404,
            "net_income_4q": null,
            "revenue": 853844,
            "revenue_4q": null,
            "common_shares": 660590,
            "book_valuer_per_share": 39.24,
            "book_valuer_per_share_4q_avg": 38.88,
            "equity": 2621806,
            "current_ratio": 147.97,
            "debt_ratio": 40.23,
            "inventory_turnover_ratio": 1.65,
            "account_receivable_turnover_ratio": 0.8,
            "reinvestment_rate": 41.38,
            "research_to_sale_ratio": 0.12,
            "price_fair": 219.58,
            "eps_avg_yearly": 6.27,
            "eps_latest_yearly": 5.8,
            "eps_growth_yearly": 56.05
        },
        "20201": {
            "year_quarter": 20201,
            "year": 2020,
            "quarter": 1,
            "eps": 0.95,
            "eps_growth_year": -39.49,
            "eps_4q": 5.48,
            "eps_4q_growth_year": -4.84,
            "roe": 2.42,
            "roe_4q": 14.08,
            "gross_profit": 157502,
            "gross_margin": 24.9,
            "gross_margin_4q_avg": 25.3,
            "net_income": 60359,
            "net_income_4q": null,
            "revenue": 632426,
            "revenue_4q": null,
            "common_shares": 660590,
            "book_valuer_per_share": 35.45,
            "book_valuer_per_share_4q_avg": 37.9,
            "equity": 2368427,
            "current_ratio": 134.01,
            "debt_ratio": 43.59,
            "inventory_turnover_ratio": 1.13,
            "account_receivable_turnover_ratio": 0.63,
            "reinvestment_rate": 42.77,
            "research_to_sale_ratio": 0.09,
            "price_fair": 213.4,
            "eps_avg_yearly": 6.1,
            "eps_latest_yearly": 3.8,
            "eps_growth_yearly": 42.19
        },
        "20202": {
            "year_quarter": 20202,
            "year": 2020,
            "quarter": 2,
            "eps": 1.35,
            "eps_growth_year": -30.41,
            "eps_4q": 4.89,
            "eps_4q_growth_year": -25.27,
            "roe": 3.71,
            "roe_4q": 12.790000000000001,
            "gross_profit": 221824,
            "gross_margin": 30.08,
            "gross_margin_4q_avg": 26.29,
            "net_income": 89186,
            "net_income_4q": null,
            "revenue": 737326,
            "revenue_4q": null,
            "common_shares": 660590,
            "book_valuer_per_share": 36.62,
            "book_valuer_per_share_4q_avg": 37.49,
            "equity": 2445807,
            "current_ratio": 178.27,
            "debt_ratio": 41.9,
            "inventory_turnover_ratio": 1.32,
            "account_receivable_turnover_ratio": 0.83,
            "reinvestment_rate": 43.04,
            "research_to_sale_ratio": 0.09,
            "price_fair": 211.77,
            "eps_avg_yearly": 6.05,
            "eps_latest_yearly": 5.4,
            "eps_growth_yearly": 50.61
        },
        "20203": {
            "year_quarter": 20203,
            "year": 2020,
            "quarter": 3,
            "eps": 1.48,
            "eps_growth_year": 29.82,
            "eps_4q": 5.23,
            "eps_4q_growth_year": -24.16,
            "roe": 3.88,
            "roe_4q": 13.7,
            "gross_profit": 247332,
            "gross_margin": 30.96,
            "gross_margin_4q_avg": 27.43,
            "net_income": 97846,
            "net_income_4q": null,
            "revenue": 798781,
            "revenue_4q": null,
            "common_shares": 660590,
            "book_valuer_per_share": 38.9,
            "book_valuer_per_share_4q_avg": 37.55,
            "equity": 2595784,
            "current_ratio": 348.21,
            "debt_ratio": 40.44,
            "inventory_turnover_ratio": 1.56,
            "account_receivable_turnover_ratio": 0.9,
            "reinvestment_rate": 50.41,
            "research_to_sale_ratio": 0.16,
            "price_fair": 211.49,
            "eps_avg_yearly": 6.04,
            "eps_latest_yearly": 5.92,
            "eps_growth_yearly": 49.85
        },
        "20204": {
            "year_quarter": 20204,
            "year": 2020,
            "quarter": 4,
            "eps": 0.44,
            "eps_growth_year": -69.55,
            "eps_4q": 4.22,
            "eps_4q_growth_year": -30.68,
            "roe": 1.15,
            "roe_4q": 11.159999999999998,
            "gross_profit": 158990,
            "gross_margin": 22.27,
            "gross_margin_4q_avg": 27.05,
            "net_income": 30180,
            "net_income_4q": null,
            "revenue": 713957,
            "revenue_4q": null,
            "common_shares": 660590,
            "book_valuer_per_share": 39.85,
            "book_valuer_per_share_4q_avg": 37.71,
            "equity": 2659878,
            "current_ratio": 381.86,
            "debt_ratio": 41.07,
            "inventory_turnover_ratio": 1.42,
            "account_receivable_turnover_ratio": 0.74,
            "reinvestment_rate": 71.5,
            "research_to_sale_ratio": 0.26,
            "price_fair": 196.96,
            "eps_avg_yearly": 5.63,
            "eps_latest_yearly": 1.76,
            "eps_growth_yearly": 34.66
        },
        "20211": {
            "year_quarter": 20211,
            "year": 2021,
            "quarter": 1,
            "eps": 0.51,
            "eps_growth_year": -46.32,
            "eps_4q": 3.79,
            "eps_4q_growth_year": -30.86,
            "roe": 1.32,
            "roe_4q": 10.059999999999999,
            "gross_profit": 138792,
            "gross_margin": 18.84,
            "gross_margin_4q_avg": 25.54,
            "net_income": 33887,
            "net_income_4q": null,
            "revenue": 736777,
            "revenue_4q": null,
            "common_shares": 660590,
            "book_valuer_per_share": 37.1,
            "book_valuer_per_share_4q_avg": 38.12,
            "equity": 2478834,
            "current_ratio": 262.43,
            "debt_ratio": 47.66,
            "inventory_turnover_ratio": 1.31,
            "account_receivable_turnover_ratio": 0.76,
            "reinvestment_rate": 90.6,
            "research_to_sale_ratio": 0.23,
            "price_fair": 187.78,
            "eps_avg_yearly": 5.37,
            "eps_latest_yearly": 2.04,
            "eps_growth_yearly": 45.06
        },
        "20212": {
            "year_quarter": 20212,
            "year": 2021,
            "quarter": 2,
            "eps": 0.31,
            "eps_growth_year": -77.04,
            "eps_4q": 2.74,
            "eps_4q_growth_year": -43.95,
            "roe": 0.78,
            "roe_4q": 7.13,
            "gross_profit": 134946,
            "gross_margin": 16.33,
            "gross_margin_4q_avg": 22.1,
            "net_income": 19225,
            "net_income_4q": null,
            "revenue": 826606,
            "revenue_4q": null,
            "common_shares": 660590,
            "book_valuer_per_share": 36.79,
            "book_valuer_per_share_4q_avg": 38.16,
            "equity": 2472453,
            "current_ratio": 253.07,
            "debt_ratio": 50.89,
            "inventory_turnover_ratio": 1.26,
            "account_receivable_turnover_ratio": 0.82,
            "reinvestment_rate": 112.44,
            "research_to_sale_ratio": 0.19,
            "price_fair": 172.9,
            "eps_avg_yearly": 4.94,
            "eps_latest_yearly": 1.24,
            "eps_growth_yearly": 28.05
        },
        "20213": {
            "year_quarter": 20213,
            "year": 2021,
            "quarter": 3,
            "eps": 0.12,
            "eps_growth_year": -91.89,
            "eps_4q": 1.38,
            "eps_4q_growth_year": -73.62,
            "roe": 0.18,
            "roe_4q": 3.43,
            "gross_profit": 117278,
            "gross_margin": 14.19,
            "gross_margin_4q_avg": 17.91,
            "net_income": 4377,
            "net_income_4q": null,
            "revenue": 826229,
            "revenue_4q": null,
            "common_shares": 660590,
            "book_valuer_per_share": 36.77,
            "book_valuer_per_share_4q_avg": 37.63,
            "equity": 2458699,
            "current_ratio": 253.16,
            "debt_ratio": 52.66,
            "inventory_turnover_ratio": 1.11,
            "account_receivable_turnover_ratio": 0.77,
            "reinvestment_rate": 140.17,
            "research_to_sale_ratio": 0.46,
            "price_fair": 113.27,
            "eps_avg_yearly": 4.52,
            "eps_latest_yearly": 0.48,
            "eps_growth_yearly": 15.09
        },
        "20214": {
            "year_quarter": 20214,
            "year": 2021,
            "quarter": 4,
            "eps": 0.11,
            "eps_growth_year": -75.61,
            "eps_4q": 1.04,
            "eps_4q_growth_year": -75.28,
            "roe": 0.16,
            "roe_4q": 2.4400000000000004,
            "gross_profit": 233450,
            "gross_margin": 19.12,
            "gross_margin_4q_avg": 17.12,
            "net_income": 4005,
            "net_income_4q": null,
            "revenue": 1221058,
            "revenue_4q": null,
            "common_shares": 660590,
            "book_valuer_per_share": 37.04,
            "book_valuer_per_share_4q_avg": 36.93,
            "equity": 2476540,
            "current_ratio": 194.54,
            "debt_ratio": 58.61,
            "inventory_turnover_ratio": 1.53,
            "account_receivable_turnover_ratio": 0.96,
            "reinvestment_rate": 193.31,
            "research_to_sale_ratio": 6.63,
            "price_fair": 76.97,
            "eps_avg_yearly": 4.02,
            "eps_latest_yearly": 0.44,
            "eps_growth_yearly": 9.16
        },
        "20221": {
            "year_quarter": 20221,
            "year": 2022,
            "quarter": 1,
            "eps": 0.69,
            "eps_growth_year": 35.29,
            "eps_4q": 1.22,
            "eps_4q_growth_year": -67.75,
            "roe": 1.73,
            "roe_4q": 2.8499999999999996,
            "gross_profit": 202308,
            "gross_margin": 20.01,
            "gross_margin_4q_avg": 17.41,
            "net_income": 43466,
            "net_income_4q": null,
            "revenue": 1010825,
            "revenue_4q": null,
            "common_shares": 660590,
            "book_valuer_per_share": 38.2,
            "book_valuer_per_share_4q_avg": 37.2,
            "equity": 2553807,
            "current_ratio": 185.1,
            "debt_ratio": 60.74,
            "inventory_turnover_ratio": 1.25,
            "account_receivable_turnover_ratio": 0.67,
            "reinvestment_rate": 216.19,
            "research_to_sale_ratio": 1.47,
            "price_fair": 142.19,
            "eps_avg_yearly": 4.06,
            "eps_latest_yearly": 2.76,
            "eps_growth_yearly": 159.91
        },
        "20222": {
            "year_quarter": 20222,
            "year": 2022,
            "quarter": 2,
            "eps": 1.23,
            "eps_growth_year": 296.77,
            "eps_4q": 2.14,
            "eps_4q_growth_year": -21.71,
            "roe": 3,
            "roe_4q": 5.07,
            "gross_profit": 235136,
            "gross_margin": 22.18,
            "gross_margin_4q_avg": 18.88,
            "net_income": 77520,
            "net_income_4q": null,
            "revenue": 1060147,
            "revenue_4q": null,
            "common_shares": 660590,
            "book_valuer_per_share": 39.09,
            "book_valuer_per_share_4q_avg": 37.78,
            "equity": 2609274,
            "current_ratio": 222.41,
            "debt_ratio": 58.93,
            "inventory_turnover_ratio": 1.38,
            "account_receivable_turnover_ratio": 0.73,
            "reinvestment_rate": 222.42,
            "research_to_sale_ratio": 2.89,
            "price_fair": 142.89,
            "eps_avg_yearly": 4.08,
            "eps_latest_yearly": 4.92,
            "eps_growth_yearly": 148.1
        },
        "20223": {
            "year_quarter": 20223,
            "year": 2022,
            "quarter": 3,
            "eps": 0.85,
            "eps_growth_year": 608.33,
            "eps_4q": 2.88,
            "eps_4q_growth_year": 108.86,
            "roe": 1.93,
            "roe_4q": 6.82,
            "gross_profit": 160635,
            "gross_margin": 23.51,
            "gross_margin_4q_avg": 21.21,
            "net_income": 51423,
            "net_income_4q": null,
            "revenue": 683232,
            "revenue_4q": null,
            "common_shares": 660590,
            "book_valuer_per_share": 40.76,
            "book_valuer_per_share_4q_avg": 38.77,
            "equity": 2715043,
            "current_ratio": 172.68,
            "debt_ratio": 56.96,
            "inventory_turnover_ratio": 1.03,
            "account_receivable_turnover_ratio": 0.62,
            "reinvestment_rate": 232.61,
            "research_to_sale_ratio": 1.75,
            "price_fair": 143.41,
            "eps_avg_yearly": 4.1,
            "eps_latest_yearly": 3.4,
            "eps_growth_yearly": 148.2
        },
        "20224": {
            "year_quarter": 20224,
            "year": 2022,
            "quarter": 4,
            "eps": -0.59,
            "eps_growth_year": -648.59,
            "eps_4q": 2.18,
            "eps_4q_growth_year": 109.24,
            "roe": -1.62,
            "roe_4q": 5.039999999999999,
            "gross_profit": 90888,
            "gross_margin": 17.87,
            "gross_margin_4q_avg": 20.89,
            "net_income": -43201,
            "net_income_4q": null,
            "revenue": 508574,
            "revenue_4q": null,
            "common_shares": 660590,
            "book_valuer_per_share": 39.48,
            "book_valuer_per_share_4q_avg": 39.38,
            "equity": 2626210,
            "current_ratio": 158.1,
            "debt_ratio": 58.94,
            "inventory_turnover_ratio": 0.88,
            "account_receivable_turnover_ratio": 0.69,
            "reinvestment_rate": 291.55,
            "research_to_sale_ratio": -0.17,
            "price_fair": 131.97,
            "eps_avg_yearly": 3.77,
            "eps_latest_yearly": 3.4,
            "eps_growth_yearly": 108.8
        },
        "20231": {
            "year_quarter": 20231,
            "year": 2023,
            "quarter": 1,
            "eps": -0.67,
            "eps_growth_year": -197.1,
            "eps_4q": 0.82,
            "eps_4q_growth_year": -32.72,
            "roe": -2.21,
            "roe_4q": 1.0999999999999999,
            "gross_profit": 56242,
            "gross_margin": 10.54,
            "gross_margin_4q_avg": 18.53,
            "net_income": -56461,
            "net_income_4q": null,
            "revenue": 533405,
            "revenue_4q": null,
            "common_shares": 660590,
            "book_valuer_per_share": 37.46,
            "book_valuer_per_share_4q_avg": 39.2,
            "equity": 2480616,
            "current_ratio": 145.02,
            "debt_ratio": 61.2,
            "inventory_turnover_ratio": 1.02,
            "account_receivable_turnover_ratio": 0.89,
            "reinvestment_rate": 339.22,
            "research_to_sale_ratio": 2.24,
            "price_fair": 125.7,
            "eps_avg_yearly": 3.59,
            "eps_latest_yearly": 3.4,
            "eps_growth_yearly": 125.2
        },
        "20232": {
            "year_quarter": 20232,
            "year": 2023,
            "quarter": 2,
            "eps": 0.33,
            "eps_growth_year": -73.17,
            "eps_4q": -0.08,
            "eps_4q_growth_year": -103.8,
            "roe": 0.51,
            "roe_4q": -1.3900000000000003,
            "gross_profit": 125113,
            "gross_margin": 15.14,
            "gross_margin_4q_avg": 16.77,
            "net_income": 12527,
            "net_income_4q": null,
            "revenue": 826357,
            "revenue_4q": null,
            "common_shares": 660590,
            "book_valuer_per_share": 37.13,
            "book_valuer_per_share_4q_avg": 38.71,
            "equity": 2451372,
            "current_ratio": 155.1,
            "debt_ratio": 61.89,
            "inventory_turnover_ratio": 1.69,
            "account_receivable_turnover_ratio": 1.2,
            "reinvestment_rate": 374.3,
            "research_to_sale_ratio": 1.65,
            "price_fair": 114.48,
            "eps_avg_yearly": 3.27,
            "eps_latest_yearly": 3.4,
            "eps_growth_yearly": 127.58
        },
        "20233": {
            "year_quarter": 20233,
            "year": 2023,
            "quarter": 3,
            "eps": -0.05,
            "eps_growth_year": -105.88,
            "eps_4q": -0.98,
            "eps_4q_growth_year": -134.05,
            "roe": -0.33,
            "roe_4q": -3.65,
            "gross_profit": 133719,
            "gross_margin": 19.69,
            "gross_margin_4q_avg": 15.81,
            "net_income": -8377,
            "net_income_4q": null,
            "revenue": 678979,
            "revenue_4q": null,
            "common_shares": 660590,
            "book_valuer_per_share": 39.1,
            "book_valuer_per_share_4q_avg": 38.29,
            "equity": 2575701,
            "current_ratio": 216.42,
            "debt_ratio": 61.19,
            "inventory_turnover_ratio": 1.5,
            "account_receivable_turnover_ratio": 0.86,
            "reinvestment_rate": 433.08,
            "research_to_sale_ratio": 1.53,
            "price_fair": 110.72,
            "eps_avg_yearly": 3.16,
            "eps_latest_yearly": 3.4,
            "eps_growth_yearly": 151.96
        }
    },
    "months": {
        "2016-11": {
            "month": "2016-11",
            "price": "127.34",
            "revenue": 307056
        },
        "2016-12": {
            "month": "2016-12",
            "price": "124.11",
            "revenue": 307747
        },
        "2017-01": {
            "month": "2017-01",
            "price": "118.62",
            "revenue": 276677
        },
        "2017-02": {
            "month": "2017-02",
            "price": "120.81",
            "revenue": 244515
        },
        "2017-03": {
            "month": "2017-03",
            "price": "121.22",
            "revenue": 325909
        },
        "2017-04": {
            "month": "2017-04",
            "price": "120.14",
            "revenue": 328923
        },
        "2017-05": {
            "month": "2017-05",
            "price": "118.15",
            "revenue": 332904
        },
        "2017-06": {
            "month": "2017-06",
            "price": "118.91",
            "revenue": 329217
        },
        "2017-07": {
            "month": "2017-07",
            "price": "120.76",
            "revenue": 320630
        },
        "2017-08": {
            "month": "2017-08",
            "price": "101.67",
            "revenue": 316910
        },
        "2017-09": {
            "month": "2017-09",
            "price": "95.55",
            "revenue": 316298
        },
        "2017-10": {
            "month": "2017-10",
            "price": "92.26",
            "revenue": 273523
        },
        "2017-11": {
            "month": "2017-11",
            "price": "92.40",
            "revenue": 309673
        },
        "2017-12": {
            "month": "2017-12",
            "price": "91.80",
            "revenue": 307878
        },
        "2018-01": {
            "month": "2018-01",
            "price": "90.69",
            "revenue": 292091
        },
        "2018-02": {
            "month": "2018-02",
            "price": "81.35",
            "revenue": 212465
        },
        "2018-03": {
            "month": "2018-03",
            "price": "82.00",
            "revenue": 231803
        },
        "2018-04": {
            "month": "2018-04",
            "price": "80.92",
            "revenue": 205058
        },
        "2018-05": {
            "month": "2018-05",
            "price": "73.37",
            "revenue": 243088
        },
        "2018-06": {
            "month": "2018-06",
            "price": "73.55",
            "revenue": 240629
        },
        "2018-07": {
            "month": "2018-07",
            "price": "68.31",
            "revenue": 241025
        },
        "2018-08": {
            "month": "2018-08",
            "price": "56.68",
            "revenue": 242227
        },
        "2018-09": {
            "month": "2018-09",
            "price": "56.61",
            "revenue": 244908
        },
        "2018-10": {
            "month": "2018-10",
            "price": "61.76",
            "revenue": 255313
        },
        "2018-11": {
            "month": "2018-11",
            "price": "55.68",
            "revenue": 277342
        },
        "2018-12": {
            "month": "2018-12",
            "price": "54.28",
            "revenue": 292343
        },
        "2019-01": {
            "month": "2019-01",
            "price": "55.70",
            "revenue": 300153
        },
        "2019-02": {
            "month": "2019-02",
            "price": "56.68",
            "revenue": 237216
        },
        "2019-03": {
            "month": "2019-03",
            "price": "60.50",
            "revenue": 307082
        },
        "2019-04": {
            "month": "2019-04",
            "price": "68.28",
            "revenue": 318356
        },
        "2019-05": {
            "month": "2019-05",
            "price": "68.51",
            "revenue": 309923
        },
        "2019-06": {
            "month": "2019-06",
            "price": "71.03",
            "revenue": 310677
        },
        "2019-07": {
            "month": "2019-07",
            "price": "80.57",
            "revenue": 295781
        },
        "2019-08": {
            "month": "2019-08",
            "price": "82.91",
            "revenue": 251630
        },
        "2019-09": {
            "month": "2019-09",
            "price": "78.08",
            "revenue": 283306
        },
        "2019-10": {
            "month": "2019-10",
            "price": "73.92",
            "revenue": 260578
        },
        "2019-11": {
            "month": "2019-11",
            "price": "71.08",
            "revenue": 284462
        },
        "2019-12": {
            "month": "2019-12",
            "price": "70.00",
            "revenue": 308021
        },
        "2020-01": {
            "month": "2020-01",
            "price": "68.54",
            "revenue": 271735
        },
        "2020-02": {
            "month": "2020-02",
            "price": "67.30",
            "revenue": 67844
        },
        "2020-03": {
            "month": "2020-03",
            "price": "63.56",
            "revenue": 292622
        },
        "2020-04": {
            "month": "2020-04",
            "price": "63.52",
            "revenue": 238232
        },
        "2020-05": {
            "month": "2020-05",
            "price": "66.62",
            "revenue": 240549
        },
        "2020-06": {
            "month": "2020-06",
            "price": "68.44",
            "revenue": 258641
        },
        "2020-07": {
            "month": "2020-07",
            "price": "68.73",
            "revenue": 260212
        },
        "2020-08": {
            "month": "2020-08",
            "price": "65.23",
            "revenue": 267429
        },
        "2020-09": {
            "month": "2020-09",
            "price": "62.90",
            "revenue": 271110
        },
        "2020-10": {
            "month": "2020-10",
            "price": "63.72",
            "revenue": 221042
        },
        "2020-11": {
            "month": "2020-11",
            "price": "63.60",
            "revenue": 244342
        },
        "2020-12": {
            "month": "2020-12",
            "price": "63.69",
            "revenue": 248229
        },
        "2021-01": {
            "month": "2021-01",
            "price": "62.60",
            "revenue": 262534
        },
        "2021-02": {
            "month": "2021-02",
            "price": "61.20",
            "revenue": 158004
        },
        "2021-03": {
            "month": "2021-03",
            "price": "62.27",
            "revenue": 314856
        },
        "2021-04": {
            "month": "2021-04",
            "price": "63.77",
            "revenue": 306167
        },
        "2021-05": {
            "month": "2021-05",
            "price": "56.96",
            "revenue": 306571
        },
        "2021-06": {
            "month": "2021-06",
            "price": "57.92",
            "revenue": 216472
        },
        "2021-07": {
            "month": "2021-07",
            "price": "57.22",
            "revenue": 221486
        },
        "2021-08": {
            "month": "2021-08",
            "price": "55.02",
            "revenue": 280682
        },
        "2021-09": {
            "month": "2021-09",
            "price": "54.34",
            "revenue": 322736
        },
        "2021-10": {
            "month": "2021-10",
            "price": "53.35",
            "revenue": 333573
        },
        "2021-11": {
            "month": "2021-11",
            "price": "53.25",
            "revenue": 434278
        },
        "2021-12": {
            "month": "2021-12",
            "price": "52.69",
            "revenue": 450782
        },
        "2022-01": {
            "month": "2022-01",
            "price": "52.54",
            "revenue": 350790
        },
        "2022-02": {
            "month": "2022-02",
            "price": "50.60",
            "revenue": 265708
        },
        "2022-03": {
            "month": "2022-03",
            "price": "50.07",
            "revenue": 392834
        },
        "2022-04": {
            "month": "2022-04",
            "price": "48.70",
            "revenue": 395569
        },
        "2022-05": {
            "month": "2022-05",
            "price": "43.62",
            "revenue": 351046
        },
        "2022-06": {
            "month": "2022-06",
            "price": "48.65",
            "revenue": 312338
        },
        "2022-07": {
            "month": "2022-07",
            "price": "45.59",
            "revenue": 271446
        },
        "2022-08": {
            "month": "2022-08",
            "price": "43.58",
            "revenue": 212267
        },
        "2022-09": {
            "month": "2022-09",
            "price": "42.89",
            "revenue": 202511
        },
        "2022-10": {
            "month": "2022-10",
            "price": "40.26",
            "revenue": 174155
        },
        "2022-11": {
            "month": "2022-11",
            "price": "41.30",
            "revenue": 190162
        },
        "2022-12": {
            "month": "2022-12",
            "price": "40.99",
            "revenue": 160393
        },
        "2023-01": {
            "month": "2023-01",
            "price": "40.69",
            "revenue": 170309
        },
        "2023-02": {
            "month": "2023-02",
            "price": "40.48",
            "revenue": 123103
        },
        "2023-03": {
            "month": "2023-03",
            "price": "41.08",
            "revenue": 228608
        },
        "2023-04": {
            "month": "2023-04",
            "price": "42.85",
            "revenue": 273640
        },
        "2023-05": {
            "month": "2023-05",
            "price": "43.96",
            "revenue": 275534
        },
        "2023-06": {
            "month": "2023-06",
            "price": "44.78",
            "revenue": 278091
        },
        "2023-07": {
            "month": "2023-07",
            "price": "49.43",
            "revenue": 262733
        },
        "2023-08": {
            "month": "2023-08",
            "price": "43.80",
            "revenue": 220769
        },
        "2023-09": {
            "month": "2023-09",
            "price": "39.79",
            "revenue": 210038
        },
        "2023-10": {
            "month": "2023-10",
            "price": "40.62",
            "revenue": 180465
        },
        "2023-11": {
            "month": "2023-11",
            "price": "43.70",
            "revenue": 242358
        },
        "2023-12": {
            "month": "2023-12",
            "price": "49.67",
            "revenue": 236884
        }
    }
}
