{
    "summary": {
        "stock_name": "波力-KY",
        "stock_id": "8467",
        "category": "其他",
        "main_business": "碳纖維複材用品<br>非碳纖維複材用品",
        "website_url": "http://bonnyworldwide.com/",
        "ceo": "洪進山",
        "pe_ratio": 7,
        "report_year_from": 2014,
        "report_year_to": 2023,
        "age": 9,
        "eps_negative_percentage": 0,
        "eps_growth_avg": {
            "last_all": 17.33,
            "last_2y": 39.33,
            "last_4y": 44.06,
            "last_8y": null,
            "last_12y": null,
            "last_16y": null,
            "last_20y": null,
            "at_2006_last_3y": null,
            "at_2007_last_3y": null,
            "at_2008_last_3y": null,
            "at_2009_last_3y": null,
            "at_2010_last_3y": null,
            "at_2011_last_3y": null,
            "at_2012_last_3y": null,
            "at_2013_last_3y": null,
            "at_2014_last_3y": null,
            "at_2015_last_3y": null,
            "at_2016_last_3y": null,
            "at_2017_last_3y": null,
            "at_2018_last_3y": null,
            "at_2019_last_3y": 0.83,
            "at_2020_last_3y": -6.42,
            "at_2021_last_3y": 30.07,
            "at_2022_last_3y": 30.07,
            "at_2023_last_3y": 30.07,
            "at_2006_last_all": null,
            "at_2007_last_all": null,
            "at_2008_last_all": null,
            "at_2009_last_all": null,
            "at_2010_last_all": null,
            "at_2011_last_all": null,
            "at_2012_last_all": null,
            "at_2013_last_all": null,
            "at_2014_last_all": null,
            "at_2015_last_all": null,
            "at_2016_last_all": null,
            "at_2017_last_all": -49.5,
            "at_2018_last_all": 0.34,
            "at_2019_last_all": 0.83,
            "at_2020_last_all": -15.74,
            "at_2021_last_all": 3.55,
            "at_2022_last_all": 17.33,
            "at_2023_last_all": 17.33
        },
        "latest_eps": 8.05,
        "latest_price": 57.7,
        "latest_roe": 24.89,
        "latest_gross_margin": 34.13,
        "latest_equity": 1643436,
        "latest_revenue": 414754,
        "latest_gross_profit": 141556,
        "latest_net_income": 31148,
        "latest_debt_ratio": 48.45,
        "latest_current_ratio": 137.37,
        "latest_account_receivable_turnover_ratio": 1.44,
        "latest_inventory_turnover_ratio": 0.82,
        "latest_reinvestment_rate": 6.44,
        "latest_research_to_sale_ratio": 6.84
    },
    "eps_dividends": {
        "2001": {
            "cash": 0,
            "stock": 0,
            "eps": 0
        },
        "2002": {
            "cash": 0,
            "stock": 0,
            "eps": 0
        },
        "2003": {
            "cash": 0,
            "stock": 0,
            "eps": 0
        },
        "2004": {
            "cash": 0,
            "stock": 0,
            "eps": 0
        },
        "2005": {
            "cash": 0,
            "stock": 0,
            "eps": 0
        },
        "2006": {
            "cash": 0,
            "stock": 0,
            "eps": 0
        },
        "2007": {
            "cash": 0,
            "stock": 0,
            "eps": 0
        },
        "2008": {
            "cash": 0,
            "stock": 0,
            "eps": 0
        },
        "2009": {
            "cash": 0,
            "stock": 0,
            "eps": 0
        },
        "2010": {
            "cash": 0,
            "stock": 0,
            "eps": 0
        },
        "2011": {
            "cash": 0,
            "stock": 0,
            "eps": 0
        },
        "2012": {
            "cash": 0,
            "stock": 0,
            "eps": 0
        },
        "2013": {
            "cash": 0,
            "stock": 0,
            "eps": 0
        },
        "2014": {
            "cash": 0,
            "stock": 0,
            "eps": 0
        },
        "2015": {
            "cash": 2,
            "stock": 0,
            "eps": 3.94
        },
        "2016": {
            "cash": 2,
            "stock": 0,
            "eps": 1.85
        },
        "2017": {
            "cash": 2,
            "stock": 0,
            "eps": 1
        },
        "2018": {
            "cash": 2,
            "stock": 0,
            "eps": 2.61
        },
        "2019": {
            "cash": 3,
            "stock": 0,
            "eps": 2.67
        },
        "2020": {
            "cash": 2,
            "stock": 0,
            "eps": 0.48
        },
        "2021": {
            "cash": 1,
            "stock": 0,
            "eps": 1.98
        },
        "2022": {
            "cash": 2,
            "stock": 0,
            "eps": 8.21
        },
        "2023": {
            "cash": 3,
            "stock": 0,
            "eps": 0.64
        }
    },
    "dividends": {
        "2015-03-26": {
            "cash": 1.8,
            "stock": 0
        },
        "2016-07-12": {
            "cash": 2.07,
            "stock": 0
        },
        "2017-07-14": {
            "cash": 1.5,
            "stock": 0
        },
        "2018-07-18": {
            "cash": 1.5,
            "stock": 0
        },
        "2019-07-31": {
            "cash": 2.5,
            "stock": 0
        },
        "2020-08-20": {
            "cash": 2,
            "stock": 0
        },
        "2021-08-20": {
            "cash": 0.5,
            "stock": 0
        },
        "2022-08-05": {
            "cash": 2,
            "stock": 0
        },
        "2023-03-24": {
            "cash": 3,
            "stock": 0
        }
    },
    "prices": {
        "200101": "無",
        "200102": "無",
        "200103": "無",
        "200104": "無",
        "200105": "無",
        "200106": "無",
        "200107": "無",
        "200108": "無",
        "200109": "無",
        "200110": "無",
        "200111": "無",
        "200112": "無",
        "200201": "無",
        "200202": "無",
        "200203": "無",
        "200204": "無",
        "200205": "無",
        "200206": "無",
        "200207": "無",
        "200208": "無",
        "200209": "無",
        "200210": "無",
        "200211": "無",
        "200212": "無",
        "200301": "無",
        "200302": "無",
        "200303": "無",
        "200304": "無",
        "200305": "無",
        "200306": "無",
        "200307": "無",
        "200308": "無",
        "200309": "無",
        "200310": "無",
        "200311": "無",
        "200312": "無",
        "200401": "無",
        "200402": "無",
        "200403": "無",
        "200404": "無",
        "200405": "無",
        "200406": "無",
        "200407": "無",
        "200408": "無",
        "200409": "無",
        "200410": "無",
        "200411": "無",
        "200412": "無",
        "200501": "無",
        "200502": "無",
        "200503": "無",
        "200504": "無",
        "200505": "無",
        "200506": "無",
        "200507": "無",
        "200508": "無",
        "200509": "無",
        "200510": "無",
        "200511": "無",
        "200512": "無",
        "200601": "無",
        "200602": "無",
        "200603": "無",
        "200604": "無",
        "200605": "無",
        "200606": "無",
        "200607": "無",
        "200608": "無",
        "200609": "無",
        "200610": "無",
        "200611": "無",
        "200612": "無",
        "200701": "無",
        "200702": "無",
        "200703": "無",
        "200704": "無",
        "200705": "無",
        "200706": "無",
        "200707": "無",
        "200708": "無",
        "200709": "無",
        "200710": "無",
        "200711": "無",
        "200712": "無",
        "200801": "無",
        "200802": "無",
        "200803": "無",
        "200804": "無",
        "200805": "無",
        "200806": "無",
        "200807": "無",
        "200808": "無",
        "200809": "無",
        "200810": "無",
        "200811": "無",
        "200812": "無",
        "200901": "無",
        "200902": "無",
        "200903": "無",
        "200904": "無",
        "200905": "無",
        "200906": "無",
        "200907": "無",
        "200908": "無",
        "200909": "無",
        "200910": "無",
        "200911": "無",
        "200912": "無",
        "201001": "無",
        "201002": "無",
        "201003": "無",
        "201004": "無",
        "201005": "無",
        "201006": "無",
        "201007": "無",
        "201008": "無",
        "201009": "無",
        "201010": "無",
        "201011": "無",
        "201012": "無",
        "201101": "無",
        "201102": "無",
        "201103": "無",
        "201104": "無",
        "201105": "無",
        "201106": "無",
        "201107": "無",
        "201108": "無",
        "201109": "無",
        "201110": "無",
        "201111": "無",
        "201112": "無",
        "201201": "無",
        "201202": "無",
        "201203": "無",
        "201204": "無",
        "201205": "無",
        "201206": "無",
        "201207": "無",
        "201208": "無",
        "201209": "無",
        "201210": "無",
        "201211": "無",
        "201212": "無",
        "201301": "無",
        "201302": "無",
        "201303": "無",
        "201304": "無",
        "201305": "無",
        "201306": "無",
        "201307": "無",
        "201308": "無",
        "201309": "無",
        "201310": "無",
        "201311": "無",
        "201312": "無",
        "201401": "無",
        "201402": "無",
        "201403": "無",
        "201404": "無",
        "201405": "無",
        "201406": "無",
        "201407": "無",
        "201408": "無",
        "201409": "無",
        "201410": "無",
        "201411": "無",
        "201412": "無",
        "201501": "無",
        "201502": "無",
        "201503": "無",
        "201504": "無",
        "201505": "無",
        "201506": "無",
        "201507": "無",
        "201508": "無",
        "201509": "無",
        "201510": "無",
        "201511": "無",
        "201512": "67.46",
        "201601": "66.39",
        "201602": "66.14",
        "201603": "66.87",
        "201604": "60.13",
        "201605": "53.87",
        "201606": "55.38",
        "201607": "49.88",
        "201608": "41.08",
        "201609": "37.59",
        "201610": "37.45",
        "201611": "35.19",
        "201612": "34.10",
        "201701": "32.80",
        "201702": "34.84",
        "201703": "40.00",
        "201704": "37.06",
        "201705": "35.25",
        "201706": "34.16",
        "201707": "33.16",
        "201708": "33.44",
        "201709": "35.41",
        "201710": "34.48",
        "201711": "34.64",
        "201712": "32.78",
        "201801": "32.28",
        "201802": "31.95",
        "201803": "32.03",
        "201804": "32.14",
        "201805": "32.45",
        "201806": "32.03",
        "201807": "31.50",
        "201808": "31.13",
        "201809": "29.76",
        "201810": "28.64",
        "201811": "24.76",
        "201812": "31.38",
        "201901": "32.14",
        "201902": "32.03",
        "201903": "34.56",
        "201904": "42.08",
        "201905": "42.67",
        "201906": "42.43",
        "201907": "46.76",
        "201908": "49.60",
        "201909": "56.32",
        "201910": "56.22",
        "201911": "61.12",
        "201912": "68.06",
        "202001": "65.19",
        "202002": "52.99",
        "202003": "43.63",
        "202004": "43.75",
        "202005": "49.92",
        "202006": "52.56",
        "202007": "52.43",
        "202008": "53.10",
        "202009": "49.58",
        "202010": "50.00",
        "202011": "49.06",
        "202012": "47.96",
        "202101": "46.84",
        "202102": "46.13",
        "202103": "46.61",
        "202104": "47.01",
        "202105": "41.64",
        "202106": "41.90",
        "202107": "39.71",
        "202108": "39.09",
        "202109": "39.80",
        "202110": "40.37",
        "202111": "40.85",
        "202112": "39.53",
        "202201": "39.51",
        "202202": "39.07",
        "202203": "38.53",
        "202204": "37.35",
        "202205": "39.03",
        "202206": "51.52",
        "202207": "66.56",
        "202208": "63.66",
        "202209": "60.82",
        "202210": "51.76",
        "202211": "55.49",
        "202212": "59.56",
        "202301": "57.28",
        "202302": "56.99",
        "202303": "58.35",
        "202304": "61.01",
        "202305": "57.77"
    },
    "quarters": {
        "20011": {
            "year_quarter": 20011,
            "year": 2001,
            "quarter": 1,
            "eps": null,
            "eps_growth_year": null,
            "eps_4q": null,
            "eps_4q_growth_year": null,
            "roe": null,
            "roe_4q": 0,
            "gross_profit": null,
            "gross_margin": null,
            "gross_margin_4q_avg": 0,
            "net_income": null,
            "revenue": null,
            "common_shares": null,
            "book_valuer_per_share": null,
            "book_valuer_per_share_4q_avg": 0,
            "equity": null,
            "current_ratio": null,
            "debt_ratio": null,
            "inventory_turnover_ratio": null,
            "account_receivable_turnover_ratio": null,
            "reinvestment_rate": null,
            "research_to_sale_ratio": null,
            "price_fair": 0,
            "eps_avg_yearly": 0,
            "eps_latest_yearly": 0,
            "eps_growth_yearly": 0
        },
        "20012": {
            "year_quarter": 20012,
            "year": 2001,
            "quarter": 2,
            "eps": null,
            "eps_growth_year": null,
            "eps_4q": null,
            "eps_4q_growth_year": null,
            "roe": null,
            "roe_4q": 0,
            "gross_profit": null,
            "gross_margin": null,
            "gross_margin_4q_avg": 0,
            "net_income": null,
            "revenue": null,
            "common_shares": null,
            "book_valuer_per_share": null,
            "book_valuer_per_share_4q_avg": 0,
            "equity": null,
            "current_ratio": null,
            "debt_ratio": null,
            "inventory_turnover_ratio": null,
            "account_receivable_turnover_ratio": null,
            "reinvestment_rate": null,
            "research_to_sale_ratio": null,
            "price_fair": 0,
            "eps_avg_yearly": 0,
            "eps_latest_yearly": 0,
            "eps_growth_yearly": 0
        },
        "20013": {
            "year_quarter": 20013,
            "year": 2001,
            "quarter": 3,
            "eps": null,
            "eps_growth_year": null,
            "eps_4q": null,
            "eps_4q_growth_year": null,
            "roe": null,
            "roe_4q": 0,
            "gross_profit": null,
            "gross_margin": null,
            "gross_margin_4q_avg": 0,
            "net_income": null,
            "revenue": null,
            "common_shares": null,
            "book_valuer_per_share": null,
            "book_valuer_per_share_4q_avg": 0,
            "equity": null,
            "current_ratio": null,
            "debt_ratio": null,
            "inventory_turnover_ratio": null,
            "account_receivable_turnover_ratio": null,
            "reinvestment_rate": null,
            "research_to_sale_ratio": null,
            "price_fair": 0,
            "eps_avg_yearly": 0,
            "eps_latest_yearly": 0,
            "eps_growth_yearly": 0
        },
        "20014": {
            "year_quarter": 20014,
            "year": 2001,
            "quarter": 4,
            "eps": null,
            "eps_growth_year": null,
            "eps_4q": null,
            "eps_4q_growth_year": null,
            "roe": null,
            "roe_4q": 0,
            "gross_profit": null,
            "gross_margin": null,
            "gross_margin_4q_avg": 0,
            "net_income": null,
            "revenue": null,
            "common_shares": null,
            "book_valuer_per_share": null,
            "book_valuer_per_share_4q_avg": 0,
            "equity": null,
            "current_ratio": null,
            "debt_ratio": null,
            "inventory_turnover_ratio": null,
            "account_receivable_turnover_ratio": null,
            "reinvestment_rate": null,
            "research_to_sale_ratio": null,
            "price_fair": 0,
            "eps_avg_yearly": 0,
            "eps_latest_yearly": 0,
            "eps_growth_yearly": 0
        },
        "20021": {
            "year_quarter": 20021,
            "year": 2002,
            "quarter": 1,
            "eps": null,
            "eps_growth_year": null,
            "eps_4q": null,
            "eps_4q_growth_year": null,
            "roe": null,
            "roe_4q": 0,
            "gross_profit": null,
            "gross_margin": null,
            "gross_margin_4q_avg": 0,
            "net_income": null,
            "revenue": null,
            "common_shares": null,
            "book_valuer_per_share": null,
            "book_valuer_per_share_4q_avg": 0,
            "equity": null,
            "current_ratio": null,
            "debt_ratio": null,
            "inventory_turnover_ratio": null,
            "account_receivable_turnover_ratio": null,
            "reinvestment_rate": null,
            "research_to_sale_ratio": null,
            "price_fair": 0,
            "eps_avg_yearly": 0,
            "eps_latest_yearly": 0,
            "eps_growth_yearly": 0
        },
        "20022": {
            "year_quarter": 20022,
            "year": 2002,
            "quarter": 2,
            "eps": null,
            "eps_growth_year": null,
            "eps_4q": null,
            "eps_4q_growth_year": null,
            "roe": null,
            "roe_4q": 0,
            "gross_profit": null,
            "gross_margin": null,
            "gross_margin_4q_avg": 0,
            "net_income": null,
            "revenue": null,
            "common_shares": null,
            "book_valuer_per_share": null,
            "book_valuer_per_share_4q_avg": 0,
            "equity": null,
            "current_ratio": null,
            "debt_ratio": null,
            "inventory_turnover_ratio": null,
            "account_receivable_turnover_ratio": null,
            "reinvestment_rate": null,
            "research_to_sale_ratio": null,
            "price_fair": 0,
            "eps_avg_yearly": 0,
            "eps_latest_yearly": 0,
            "eps_growth_yearly": 0
        },
        "20023": {
            "year_quarter": 20023,
            "year": 2002,
            "quarter": 3,
            "eps": null,
            "eps_growth_year": null,
            "eps_4q": null,
            "eps_4q_growth_year": null,
            "roe": null,
            "roe_4q": 0,
            "gross_profit": null,
            "gross_margin": null,
            "gross_margin_4q_avg": 0,
            "net_income": null,
            "revenue": null,
            "common_shares": null,
            "book_valuer_per_share": null,
            "book_valuer_per_share_4q_avg": 0,
            "equity": null,
            "current_ratio": null,
            "debt_ratio": null,
            "inventory_turnover_ratio": null,
            "account_receivable_turnover_ratio": null,
            "reinvestment_rate": null,
            "research_to_sale_ratio": null,
            "price_fair": 0,
            "eps_avg_yearly": 0,
            "eps_latest_yearly": 0,
            "eps_growth_yearly": 0
        },
        "20024": {
            "year_quarter": 20024,
            "year": 2002,
            "quarter": 4,
            "eps": null,
            "eps_growth_year": null,
            "eps_4q": null,
            "eps_4q_growth_year": null,
            "roe": null,
            "roe_4q": 0,
            "gross_profit": null,
            "gross_margin": null,
            "gross_margin_4q_avg": 0,
            "net_income": null,
            "revenue": null,
            "common_shares": null,
            "book_valuer_per_share": null,
            "book_valuer_per_share_4q_avg": 0,
            "equity": null,
            "current_ratio": null,
            "debt_ratio": null,
            "inventory_turnover_ratio": null,
            "account_receivable_turnover_ratio": null,
            "reinvestment_rate": null,
            "research_to_sale_ratio": null,
            "price_fair": 0,
            "eps_avg_yearly": 0,
            "eps_latest_yearly": 0,
            "eps_growth_yearly": 0
        },
        "20031": {
            "year_quarter": 20031,
            "year": 2003,
            "quarter": 1,
            "eps": null,
            "eps_growth_year": null,
            "eps_4q": null,
            "eps_4q_growth_year": null,
            "roe": null,
            "roe_4q": 0,
            "gross_profit": null,
            "gross_margin": null,
            "gross_margin_4q_avg": 0,
            "net_income": null,
            "revenue": null,
            "common_shares": null,
            "book_valuer_per_share": null,
            "book_valuer_per_share_4q_avg": 0,
            "equity": null,
            "current_ratio": null,
            "debt_ratio": null,
            "inventory_turnover_ratio": null,
            "account_receivable_turnover_ratio": null,
            "reinvestment_rate": null,
            "research_to_sale_ratio": null,
            "price_fair": 0,
            "eps_avg_yearly": 0,
            "eps_latest_yearly": 0,
            "eps_growth_yearly": 0
        },
        "20032": {
            "year_quarter": 20032,
            "year": 2003,
            "quarter": 2,
            "eps": null,
            "eps_growth_year": null,
            "eps_4q": null,
            "eps_4q_growth_year": null,
            "roe": null,
            "roe_4q": 0,
            "gross_profit": null,
            "gross_margin": null,
            "gross_margin_4q_avg": 0,
            "net_income": null,
            "revenue": null,
            "common_shares": null,
            "book_valuer_per_share": null,
            "book_valuer_per_share_4q_avg": 0,
            "equity": null,
            "current_ratio": null,
            "debt_ratio": null,
            "inventory_turnover_ratio": null,
            "account_receivable_turnover_ratio": null,
            "reinvestment_rate": null,
            "research_to_sale_ratio": null,
            "price_fair": 0,
            "eps_avg_yearly": 0,
            "eps_latest_yearly": 0,
            "eps_growth_yearly": 0
        },
        "20033": {
            "year_quarter": 20033,
            "year": 2003,
            "quarter": 3,
            "eps": null,
            "eps_growth_year": null,
            "eps_4q": null,
            "eps_4q_growth_year": null,
            "roe": null,
            "roe_4q": 0,
            "gross_profit": null,
            "gross_margin": null,
            "gross_margin_4q_avg": 0,
            "net_income": null,
            "revenue": null,
            "common_shares": null,
            "book_valuer_per_share": null,
            "book_valuer_per_share_4q_avg": 0,
            "equity": null,
            "current_ratio": null,
            "debt_ratio": null,
            "inventory_turnover_ratio": null,
            "account_receivable_turnover_ratio": null,
            "reinvestment_rate": null,
            "research_to_sale_ratio": null,
            "price_fair": 0,
            "eps_avg_yearly": 0,
            "eps_latest_yearly": 0,
            "eps_growth_yearly": 0
        },
        "20034": {
            "year_quarter": 20034,
            "year": 2003,
            "quarter": 4,
            "eps": null,
            "eps_growth_year": null,
            "eps_4q": null,
            "eps_4q_growth_year": null,
            "roe": null,
            "roe_4q": 0,
            "gross_profit": null,
            "gross_margin": null,
            "gross_margin_4q_avg": 0,
            "net_income": null,
            "revenue": null,
            "common_shares": null,
            "book_valuer_per_share": null,
            "book_valuer_per_share_4q_avg": 0,
            "equity": null,
            "current_ratio": null,
            "debt_ratio": null,
            "inventory_turnover_ratio": null,
            "account_receivable_turnover_ratio": null,
            "reinvestment_rate": null,
            "research_to_sale_ratio": null,
            "price_fair": 0,
            "eps_avg_yearly": 0,
            "eps_latest_yearly": 0,
            "eps_growth_yearly": 0
        },
        "20041": {
            "year_quarter": 20041,
            "year": 2004,
            "quarter": 1,
            "eps": null,
            "eps_growth_year": null,
            "eps_4q": null,
            "eps_4q_growth_year": null,
            "roe": null,
            "roe_4q": 0,
            "gross_profit": null,
            "gross_margin": null,
            "gross_margin_4q_avg": 0,
            "net_income": null,
            "revenue": null,
            "common_shares": null,
            "book_valuer_per_share": null,
            "book_valuer_per_share_4q_avg": 0,
            "equity": null,
            "current_ratio": null,
            "debt_ratio": null,
            "inventory_turnover_ratio": null,
            "account_receivable_turnover_ratio": null,
            "reinvestment_rate": null,
            "research_to_sale_ratio": null,
            "price_fair": 0,
            "eps_avg_yearly": 0,
            "eps_latest_yearly": 0,
            "eps_growth_yearly": 0
        },
        "20042": {
            "year_quarter": 20042,
            "year": 2004,
            "quarter": 2,
            "eps": null,
            "eps_growth_year": null,
            "eps_4q": null,
            "eps_4q_growth_year": null,
            "roe": null,
            "roe_4q": 0,
            "gross_profit": null,
            "gross_margin": null,
            "gross_margin_4q_avg": 0,
            "net_income": null,
            "revenue": null,
            "common_shares": null,
            "book_valuer_per_share": null,
            "book_valuer_per_share_4q_avg": 0,
            "equity": null,
            "current_ratio": null,
            "debt_ratio": null,
            "inventory_turnover_ratio": null,
            "account_receivable_turnover_ratio": null,
            "reinvestment_rate": null,
            "research_to_sale_ratio": null,
            "price_fair": 0,
            "eps_avg_yearly": 0,
            "eps_latest_yearly": 0,
            "eps_growth_yearly": 0
        },
        "20043": {
            "year_quarter": 20043,
            "year": 2004,
            "quarter": 3,
            "eps": null,
            "eps_growth_year": null,
            "eps_4q": null,
            "eps_4q_growth_year": null,
            "roe": null,
            "roe_4q": 0,
            "gross_profit": null,
            "gross_margin": null,
            "gross_margin_4q_avg": 0,
            "net_income": null,
            "revenue": null,
            "common_shares": null,
            "book_valuer_per_share": null,
            "book_valuer_per_share_4q_avg": 0,
            "equity": null,
            "current_ratio": null,
            "debt_ratio": null,
            "inventory_turnover_ratio": null,
            "account_receivable_turnover_ratio": null,
            "reinvestment_rate": null,
            "research_to_sale_ratio": null,
            "price_fair": 0,
            "eps_avg_yearly": 0,
            "eps_latest_yearly": 0,
            "eps_growth_yearly": 0
        },
        "20044": {
            "year_quarter": 20044,
            "year": 2004,
            "quarter": 4,
            "eps": null,
            "eps_growth_year": null,
            "eps_4q": null,
            "eps_4q_growth_year": null,
            "roe": null,
            "roe_4q": 0,
            "gross_profit": null,
            "gross_margin": null,
            "gross_margin_4q_avg": 0,
            "net_income": null,
            "revenue": null,
            "common_shares": null,
            "book_valuer_per_share": null,
            "book_valuer_per_share_4q_avg": 0,
            "equity": null,
            "current_ratio": null,
            "debt_ratio": null,
            "inventory_turnover_ratio": null,
            "account_receivable_turnover_ratio": null,
            "reinvestment_rate": null,
            "research_to_sale_ratio": null,
            "price_fair": 0,
            "eps_avg_yearly": 0,
            "eps_latest_yearly": 0,
            "eps_growth_yearly": 0
        },
        "20051": {
            "year_quarter": 20051,
            "year": 2005,
            "quarter": 1,
            "eps": null,
            "eps_growth_year": null,
            "eps_4q": null,
            "eps_4q_growth_year": null,
            "roe": null,
            "roe_4q": 0,
            "gross_profit": null,
            "gross_margin": null,
            "gross_margin_4q_avg": 0,
            "net_income": null,
            "revenue": null,
            "common_shares": null,
            "book_valuer_per_share": null,
            "book_valuer_per_share_4q_avg": 0,
            "equity": null,
            "current_ratio": null,
            "debt_ratio": null,
            "inventory_turnover_ratio": null,
            "account_receivable_turnover_ratio": null,
            "reinvestment_rate": null,
            "research_to_sale_ratio": null,
            "price_fair": 0,
            "eps_avg_yearly": 0,
            "eps_latest_yearly": 0,
            "eps_growth_yearly": 0
        },
        "20052": {
            "year_quarter": 20052,
            "year": 2005,
            "quarter": 2,
            "eps": null,
            "eps_growth_year": null,
            "eps_4q": null,
            "eps_4q_growth_year": null,
            "roe": null,
            "roe_4q": 0,
            "gross_profit": null,
            "gross_margin": null,
            "gross_margin_4q_avg": 0,
            "net_income": null,
            "revenue": null,
            "common_shares": null,
            "book_valuer_per_share": null,
            "book_valuer_per_share_4q_avg": 0,
            "equity": null,
            "current_ratio": null,
            "debt_ratio": null,
            "inventory_turnover_ratio": null,
            "account_receivable_turnover_ratio": null,
            "reinvestment_rate": null,
            "research_to_sale_ratio": null,
            "price_fair": 0,
            "eps_avg_yearly": 0,
            "eps_latest_yearly": 0,
            "eps_growth_yearly": 0
        },
        "20053": {
            "year_quarter": 20053,
            "year": 2005,
            "quarter": 3,
            "eps": null,
            "eps_growth_year": null,
            "eps_4q": null,
            "eps_4q_growth_year": null,
            "roe": null,
            "roe_4q": 0,
            "gross_profit": null,
            "gross_margin": null,
            "gross_margin_4q_avg": 0,
            "net_income": null,
            "revenue": null,
            "common_shares": null,
            "book_valuer_per_share": null,
            "book_valuer_per_share_4q_avg": 0,
            "equity": null,
            "current_ratio": null,
            "debt_ratio": null,
            "inventory_turnover_ratio": null,
            "account_receivable_turnover_ratio": null,
            "reinvestment_rate": null,
            "research_to_sale_ratio": null,
            "price_fair": 0,
            "eps_avg_yearly": 0,
            "eps_latest_yearly": 0,
            "eps_growth_yearly": 0
        },
        "20054": {
            "year_quarter": 20054,
            "year": 2005,
            "quarter": 4,
            "eps": null,
            "eps_growth_year": null,
            "eps_4q": null,
            "eps_4q_growth_year": null,
            "roe": null,
            "roe_4q": 0,
            "gross_profit": null,
            "gross_margin": null,
            "gross_margin_4q_avg": 0,
            "net_income": null,
            "revenue": null,
            "common_shares": null,
            "book_valuer_per_share": null,
            "book_valuer_per_share_4q_avg": 0,
            "equity": null,
            "current_ratio": null,
            "debt_ratio": null,
            "inventory_turnover_ratio": null,
            "account_receivable_turnover_ratio": null,
            "reinvestment_rate": null,
            "research_to_sale_ratio": null,
            "price_fair": 0,
            "eps_avg_yearly": 0,
            "eps_latest_yearly": 0,
            "eps_growth_yearly": 0
        },
        "20061": {
            "year_quarter": 20061,
            "year": 2006,
            "quarter": 1,
            "eps": null,
            "eps_growth_year": null,
            "eps_4q": null,
            "eps_4q_growth_year": null,
            "roe": null,
            "roe_4q": 0,
            "gross_profit": null,
            "gross_margin": null,
            "gross_margin_4q_avg": 0,
            "net_income": null,
            "revenue": null,
            "common_shares": null,
            "book_valuer_per_share": null,
            "book_valuer_per_share_4q_avg": 0,
            "equity": null,
            "current_ratio": null,
            "debt_ratio": null,
            "inventory_turnover_ratio": null,
            "account_receivable_turnover_ratio": null,
            "reinvestment_rate": null,
            "research_to_sale_ratio": null,
            "price_fair": 0,
            "eps_avg_yearly": 0,
            "eps_latest_yearly": 0,
            "eps_growth_yearly": 0
        },
        "20062": {
            "year_quarter": 20062,
            "year": 2006,
            "quarter": 2,
            "eps": null,
            "eps_growth_year": null,
            "eps_4q": null,
            "eps_4q_growth_year": null,
            "roe": null,
            "roe_4q": 0,
            "gross_profit": null,
            "gross_margin": null,
            "gross_margin_4q_avg": 0,
            "net_income": null,
            "revenue": null,
            "common_shares": null,
            "book_valuer_per_share": null,
            "book_valuer_per_share_4q_avg": 0,
            "equity": null,
            "current_ratio": null,
            "debt_ratio": null,
            "inventory_turnover_ratio": null,
            "account_receivable_turnover_ratio": null,
            "reinvestment_rate": null,
            "research_to_sale_ratio": null,
            "price_fair": 0,
            "eps_avg_yearly": 0,
            "eps_latest_yearly": 0,
            "eps_growth_yearly": 0
        },
        "20063": {
            "year_quarter": 20063,
            "year": 2006,
            "quarter": 3,
            "eps": null,
            "eps_growth_year": null,
            "eps_4q": null,
            "eps_4q_growth_year": null,
            "roe": null,
            "roe_4q": 0,
            "gross_profit": null,
            "gross_margin": null,
            "gross_margin_4q_avg": 0,
            "net_income": null,
            "revenue": null,
            "common_shares": null,
            "book_valuer_per_share": null,
            "book_valuer_per_share_4q_avg": 0,
            "equity": null,
            "current_ratio": null,
            "debt_ratio": null,
            "inventory_turnover_ratio": null,
            "account_receivable_turnover_ratio": null,
            "reinvestment_rate": null,
            "research_to_sale_ratio": null,
            "price_fair": 0,
            "eps_avg_yearly": 0,
            "eps_latest_yearly": 0,
            "eps_growth_yearly": 0
        },
        "20064": {
            "year_quarter": 20064,
            "year": 2006,
            "quarter": 4,
            "eps": null,
            "eps_growth_year": null,
            "eps_4q": null,
            "eps_4q_growth_year": null,
            "roe": null,
            "roe_4q": 0,
            "gross_profit": null,
            "gross_margin": null,
            "gross_margin_4q_avg": 0,
            "net_income": null,
            "revenue": null,
            "common_shares": null,
            "book_valuer_per_share": null,
            "book_valuer_per_share_4q_avg": 0,
            "equity": null,
            "current_ratio": null,
            "debt_ratio": null,
            "inventory_turnover_ratio": null,
            "account_receivable_turnover_ratio": null,
            "reinvestment_rate": null,
            "research_to_sale_ratio": null,
            "price_fair": 0,
            "eps_avg_yearly": 0,
            "eps_latest_yearly": 0,
            "eps_growth_yearly": 0
        },
        "20071": {
            "year_quarter": 20071,
            "year": 2007,
            "quarter": 1,
            "eps": null,
            "eps_growth_year": null,
            "eps_4q": null,
            "eps_4q_growth_year": null,
            "roe": null,
            "roe_4q": 0,
            "gross_profit": null,
            "gross_margin": null,
            "gross_margin_4q_avg": 0,
            "net_income": null,
            "revenue": null,
            "common_shares": null,
            "book_valuer_per_share": null,
            "book_valuer_per_share_4q_avg": 0,
            "equity": null,
            "current_ratio": null,
            "debt_ratio": null,
            "inventory_turnover_ratio": null,
            "account_receivable_turnover_ratio": null,
            "reinvestment_rate": null,
            "research_to_sale_ratio": null,
            "price_fair": 0,
            "eps_avg_yearly": 0,
            "eps_latest_yearly": 0,
            "eps_growth_yearly": 0
        },
        "20072": {
            "year_quarter": 20072,
            "year": 2007,
            "quarter": 2,
            "eps": null,
            "eps_growth_year": null,
            "eps_4q": null,
            "eps_4q_growth_year": null,
            "roe": null,
            "roe_4q": 0,
            "gross_profit": null,
            "gross_margin": null,
            "gross_margin_4q_avg": 0,
            "net_income": null,
            "revenue": null,
            "common_shares": null,
            "book_valuer_per_share": null,
            "book_valuer_per_share_4q_avg": 0,
            "equity": null,
            "current_ratio": null,
            "debt_ratio": null,
            "inventory_turnover_ratio": null,
            "account_receivable_turnover_ratio": null,
            "reinvestment_rate": null,
            "research_to_sale_ratio": null,
            "price_fair": 0,
            "eps_avg_yearly": 0,
            "eps_latest_yearly": 0,
            "eps_growth_yearly": 0
        },
        "20073": {
            "year_quarter": 20073,
            "year": 2007,
            "quarter": 3,
            "eps": null,
            "eps_growth_year": null,
            "eps_4q": null,
            "eps_4q_growth_year": null,
            "roe": null,
            "roe_4q": 0,
            "gross_profit": null,
            "gross_margin": null,
            "gross_margin_4q_avg": 0,
            "net_income": null,
            "revenue": null,
            "common_shares": null,
            "book_valuer_per_share": null,
            "book_valuer_per_share_4q_avg": 0,
            "equity": null,
            "current_ratio": null,
            "debt_ratio": null,
            "inventory_turnover_ratio": null,
            "account_receivable_turnover_ratio": null,
            "reinvestment_rate": null,
            "research_to_sale_ratio": null,
            "price_fair": 0,
            "eps_avg_yearly": 0,
            "eps_latest_yearly": 0,
            "eps_growth_yearly": 0
        },
        "20074": {
            "year_quarter": 20074,
            "year": 2007,
            "quarter": 4,
            "eps": null,
            "eps_growth_year": null,
            "eps_4q": null,
            "eps_4q_growth_year": null,
            "roe": null,
            "roe_4q": 0,
            "gross_profit": null,
            "gross_margin": null,
            "gross_margin_4q_avg": 0,
            "net_income": null,
            "revenue": null,
            "common_shares": null,
            "book_valuer_per_share": null,
            "book_valuer_per_share_4q_avg": 0,
            "equity": null,
            "current_ratio": null,
            "debt_ratio": null,
            "inventory_turnover_ratio": null,
            "account_receivable_turnover_ratio": null,
            "reinvestment_rate": null,
            "research_to_sale_ratio": null,
            "price_fair": 0,
            "eps_avg_yearly": 0,
            "eps_latest_yearly": 0,
            "eps_growth_yearly": 0
        },
        "20081": {
            "year_quarter": 20081,
            "year": 2008,
            "quarter": 1,
            "eps": null,
            "eps_growth_year": null,
            "eps_4q": null,
            "eps_4q_growth_year": null,
            "roe": null,
            "roe_4q": 0,
            "gross_profit": null,
            "gross_margin": null,
            "gross_margin_4q_avg": 0,
            "net_income": null,
            "revenue": null,
            "common_shares": null,
            "book_valuer_per_share": null,
            "book_valuer_per_share_4q_avg": 0,
            "equity": null,
            "current_ratio": null,
            "debt_ratio": null,
            "inventory_turnover_ratio": null,
            "account_receivable_turnover_ratio": null,
            "reinvestment_rate": null,
            "research_to_sale_ratio": null,
            "price_fair": 0,
            "eps_avg_yearly": 0,
            "eps_latest_yearly": 0,
            "eps_growth_yearly": 0
        },
        "20082": {
            "year_quarter": 20082,
            "year": 2008,
            "quarter": 2,
            "eps": null,
            "eps_growth_year": null,
            "eps_4q": null,
            "eps_4q_growth_year": null,
            "roe": null,
            "roe_4q": 0,
            "gross_profit": null,
            "gross_margin": null,
            "gross_margin_4q_avg": 0,
            "net_income": null,
            "revenue": null,
            "common_shares": null,
            "book_valuer_per_share": null,
            "book_valuer_per_share_4q_avg": 0,
            "equity": null,
            "current_ratio": null,
            "debt_ratio": null,
            "inventory_turnover_ratio": null,
            "account_receivable_turnover_ratio": null,
            "reinvestment_rate": null,
            "research_to_sale_ratio": null,
            "price_fair": 0,
            "eps_avg_yearly": 0,
            "eps_latest_yearly": 0,
            "eps_growth_yearly": 0
        },
        "20083": {
            "year_quarter": 20083,
            "year": 2008,
            "quarter": 3,
            "eps": null,
            "eps_growth_year": null,
            "eps_4q": null,
            "eps_4q_growth_year": null,
            "roe": null,
            "roe_4q": 0,
            "gross_profit": null,
            "gross_margin": null,
            "gross_margin_4q_avg": 0,
            "net_income": null,
            "revenue": null,
            "common_shares": null,
            "book_valuer_per_share": null,
            "book_valuer_per_share_4q_avg": 0,
            "equity": null,
            "current_ratio": null,
            "debt_ratio": null,
            "inventory_turnover_ratio": null,
            "account_receivable_turnover_ratio": null,
            "reinvestment_rate": null,
            "research_to_sale_ratio": null,
            "price_fair": 0,
            "eps_avg_yearly": 0,
            "eps_latest_yearly": 0,
            "eps_growth_yearly": 0
        },
        "20084": {
            "year_quarter": 20084,
            "year": 2008,
            "quarter": 4,
            "eps": null,
            "eps_growth_year": null,
            "eps_4q": null,
            "eps_4q_growth_year": null,
            "roe": null,
            "roe_4q": 0,
            "gross_profit": null,
            "gross_margin": null,
            "gross_margin_4q_avg": 0,
            "net_income": null,
            "revenue": null,
            "common_shares": null,
            "book_valuer_per_share": null,
            "book_valuer_per_share_4q_avg": 0,
            "equity": null,
            "current_ratio": null,
            "debt_ratio": null,
            "inventory_turnover_ratio": null,
            "account_receivable_turnover_ratio": null,
            "reinvestment_rate": null,
            "research_to_sale_ratio": null,
            "price_fair": 0,
            "eps_avg_yearly": 0,
            "eps_latest_yearly": 0,
            "eps_growth_yearly": 0
        },
        "20091": {
            "year_quarter": 20091,
            "year": 2009,
            "quarter": 1,
            "eps": null,
            "eps_growth_year": null,
            "eps_4q": null,
            "eps_4q_growth_year": null,
            "roe": null,
            "roe_4q": 0,
            "gross_profit": null,
            "gross_margin": null,
            "gross_margin_4q_avg": 0,
            "net_income": null,
            "revenue": null,
            "common_shares": null,
            "book_valuer_per_share": null,
            "book_valuer_per_share_4q_avg": 0,
            "equity": null,
            "current_ratio": null,
            "debt_ratio": null,
            "inventory_turnover_ratio": null,
            "account_receivable_turnover_ratio": null,
            "reinvestment_rate": null,
            "research_to_sale_ratio": null,
            "price_fair": 0,
            "eps_avg_yearly": 0,
            "eps_latest_yearly": 0,
            "eps_growth_yearly": 0
        },
        "20092": {
            "year_quarter": 20092,
            "year": 2009,
            "quarter": 2,
            "eps": null,
            "eps_growth_year": null,
            "eps_4q": null,
            "eps_4q_growth_year": null,
            "roe": null,
            "roe_4q": 0,
            "gross_profit": null,
            "gross_margin": null,
            "gross_margin_4q_avg": 0,
            "net_income": null,
            "revenue": null,
            "common_shares": null,
            "book_valuer_per_share": null,
            "book_valuer_per_share_4q_avg": 0,
            "equity": null,
            "current_ratio": null,
            "debt_ratio": null,
            "inventory_turnover_ratio": null,
            "account_receivable_turnover_ratio": null,
            "reinvestment_rate": null,
            "research_to_sale_ratio": null,
            "price_fair": 0,
            "eps_avg_yearly": 0,
            "eps_latest_yearly": 0,
            "eps_growth_yearly": 0
        },
        "20093": {
            "year_quarter": 20093,
            "year": 2009,
            "quarter": 3,
            "eps": null,
            "eps_growth_year": null,
            "eps_4q": null,
            "eps_4q_growth_year": null,
            "roe": null,
            "roe_4q": 0,
            "gross_profit": null,
            "gross_margin": null,
            "gross_margin_4q_avg": 0,
            "net_income": null,
            "revenue": null,
            "common_shares": null,
            "book_valuer_per_share": null,
            "book_valuer_per_share_4q_avg": 0,
            "equity": null,
            "current_ratio": null,
            "debt_ratio": null,
            "inventory_turnover_ratio": null,
            "account_receivable_turnover_ratio": null,
            "reinvestment_rate": null,
            "research_to_sale_ratio": null,
            "price_fair": 0,
            "eps_avg_yearly": 0,
            "eps_latest_yearly": 0,
            "eps_growth_yearly": 0
        },
        "20094": {
            "year_quarter": 20094,
            "year": 2009,
            "quarter": 4,
            "eps": null,
            "eps_growth_year": null,
            "eps_4q": null,
            "eps_4q_growth_year": null,
            "roe": null,
            "roe_4q": 0,
            "gross_profit": null,
            "gross_margin": null,
            "gross_margin_4q_avg": 0,
            "net_income": null,
            "revenue": null,
            "common_shares": null,
            "book_valuer_per_share": null,
            "book_valuer_per_share_4q_avg": 0,
            "equity": null,
            "current_ratio": null,
            "debt_ratio": null,
            "inventory_turnover_ratio": null,
            "account_receivable_turnover_ratio": null,
            "reinvestment_rate": null,
            "research_to_sale_ratio": null,
            "price_fair": 0,
            "eps_avg_yearly": 0,
            "eps_latest_yearly": 0,
            "eps_growth_yearly": 0
        },
        "20101": {
            "year_quarter": 20101,
            "year": 2010,
            "quarter": 1,
            "eps": null,
            "eps_growth_year": null,
            "eps_4q": null,
            "eps_4q_growth_year": null,
            "roe": null,
            "roe_4q": 0,
            "gross_profit": null,
            "gross_margin": null,
            "gross_margin_4q_avg": 0,
            "net_income": null,
            "revenue": null,
            "common_shares": null,
            "book_valuer_per_share": null,
            "book_valuer_per_share_4q_avg": 0,
            "equity": null,
            "current_ratio": null,
            "debt_ratio": null,
            "inventory_turnover_ratio": null,
            "account_receivable_turnover_ratio": null,
            "reinvestment_rate": null,
            "research_to_sale_ratio": null,
            "price_fair": 0,
            "eps_avg_yearly": 0,
            "eps_latest_yearly": 0,
            "eps_growth_yearly": 0
        },
        "20102": {
            "year_quarter": 20102,
            "year": 2010,
            "quarter": 2,
            "eps": null,
            "eps_growth_year": null,
            "eps_4q": null,
            "eps_4q_growth_year": null,
            "roe": null,
            "roe_4q": 0,
            "gross_profit": null,
            "gross_margin": null,
            "gross_margin_4q_avg": 0,
            "net_income": null,
            "revenue": null,
            "common_shares": null,
            "book_valuer_per_share": null,
            "book_valuer_per_share_4q_avg": 0,
            "equity": null,
            "current_ratio": null,
            "debt_ratio": null,
            "inventory_turnover_ratio": null,
            "account_receivable_turnover_ratio": null,
            "reinvestment_rate": null,
            "research_to_sale_ratio": null,
            "price_fair": 0,
            "eps_avg_yearly": 0,
            "eps_latest_yearly": 0,
            "eps_growth_yearly": 0
        },
        "20103": {
            "year_quarter": 20103,
            "year": 2010,
            "quarter": 3,
            "eps": null,
            "eps_growth_year": null,
            "eps_4q": null,
            "eps_4q_growth_year": null,
            "roe": null,
            "roe_4q": 0,
            "gross_profit": null,
            "gross_margin": null,
            "gross_margin_4q_avg": 0,
            "net_income": null,
            "revenue": null,
            "common_shares": null,
            "book_valuer_per_share": null,
            "book_valuer_per_share_4q_avg": 0,
            "equity": null,
            "current_ratio": null,
            "debt_ratio": null,
            "inventory_turnover_ratio": null,
            "account_receivable_turnover_ratio": null,
            "reinvestment_rate": null,
            "research_to_sale_ratio": null,
            "price_fair": 0,
            "eps_avg_yearly": 0,
            "eps_latest_yearly": 0,
            "eps_growth_yearly": 0
        },
        "20104": {
            "year_quarter": 20104,
            "year": 2010,
            "quarter": 4,
            "eps": null,
            "eps_growth_year": null,
            "eps_4q": null,
            "eps_4q_growth_year": null,
            "roe": null,
            "roe_4q": 0,
            "gross_profit": null,
            "gross_margin": null,
            "gross_margin_4q_avg": 0,
            "net_income": null,
            "revenue": null,
            "common_shares": null,
            "book_valuer_per_share": null,
            "book_valuer_per_share_4q_avg": 0,
            "equity": null,
            "current_ratio": null,
            "debt_ratio": null,
            "inventory_turnover_ratio": null,
            "account_receivable_turnover_ratio": null,
            "reinvestment_rate": null,
            "research_to_sale_ratio": null,
            "price_fair": 0,
            "eps_avg_yearly": 0,
            "eps_latest_yearly": 0,
            "eps_growth_yearly": 0
        },
        "20111": {
            "year_quarter": 20111,
            "year": 2011,
            "quarter": 1,
            "eps": null,
            "eps_growth_year": null,
            "eps_4q": null,
            "eps_4q_growth_year": null,
            "roe": null,
            "roe_4q": 0,
            "gross_profit": null,
            "gross_margin": null,
            "gross_margin_4q_avg": 0,
            "net_income": null,
            "revenue": null,
            "common_shares": null,
            "book_valuer_per_share": null,
            "book_valuer_per_share_4q_avg": 0,
            "equity": null,
            "current_ratio": null,
            "debt_ratio": null,
            "inventory_turnover_ratio": null,
            "account_receivable_turnover_ratio": null,
            "reinvestment_rate": null,
            "research_to_sale_ratio": null,
            "price_fair": 0,
            "eps_avg_yearly": 0,
            "eps_latest_yearly": 0,
            "eps_growth_yearly": 0
        },
        "20112": {
            "year_quarter": 20112,
            "year": 2011,
            "quarter": 2,
            "eps": null,
            "eps_growth_year": null,
            "eps_4q": null,
            "eps_4q_growth_year": null,
            "roe": null,
            "roe_4q": 0,
            "gross_profit": null,
            "gross_margin": null,
            "gross_margin_4q_avg": 0,
            "net_income": null,
            "revenue": null,
            "common_shares": null,
            "book_valuer_per_share": null,
            "book_valuer_per_share_4q_avg": 0,
            "equity": null,
            "current_ratio": null,
            "debt_ratio": null,
            "inventory_turnover_ratio": null,
            "account_receivable_turnover_ratio": null,
            "reinvestment_rate": null,
            "research_to_sale_ratio": null,
            "price_fair": 0,
            "eps_avg_yearly": 0,
            "eps_latest_yearly": 0,
            "eps_growth_yearly": 0
        },
        "20113": {
            "year_quarter": 20113,
            "year": 2011,
            "quarter": 3,
            "eps": null,
            "eps_growth_year": null,
            "eps_4q": null,
            "eps_4q_growth_year": null,
            "roe": null,
            "roe_4q": 0,
            "gross_profit": null,
            "gross_margin": null,
            "gross_margin_4q_avg": 0,
            "net_income": null,
            "revenue": null,
            "common_shares": null,
            "book_valuer_per_share": null,
            "book_valuer_per_share_4q_avg": 0,
            "equity": null,
            "current_ratio": null,
            "debt_ratio": null,
            "inventory_turnover_ratio": null,
            "account_receivable_turnover_ratio": null,
            "reinvestment_rate": null,
            "research_to_sale_ratio": null,
            "price_fair": 0,
            "eps_avg_yearly": 0,
            "eps_latest_yearly": 0,
            "eps_growth_yearly": 0
        },
        "20114": {
            "year_quarter": 20114,
            "year": 2011,
            "quarter": 4,
            "eps": null,
            "eps_growth_year": null,
            "eps_4q": null,
            "eps_4q_growth_year": null,
            "roe": null,
            "roe_4q": 0,
            "gross_profit": null,
            "gross_margin": null,
            "gross_margin_4q_avg": 0,
            "net_income": null,
            "revenue": null,
            "common_shares": null,
            "book_valuer_per_share": null,
            "book_valuer_per_share_4q_avg": 0,
            "equity": null,
            "current_ratio": null,
            "debt_ratio": null,
            "inventory_turnover_ratio": null,
            "account_receivable_turnover_ratio": null,
            "reinvestment_rate": null,
            "research_to_sale_ratio": null,
            "price_fair": 0,
            "eps_avg_yearly": 0,
            "eps_latest_yearly": 0,
            "eps_growth_yearly": 0
        },
        "20121": {
            "year_quarter": 20121,
            "year": 2012,
            "quarter": 1,
            "eps": null,
            "eps_growth_year": null,
            "eps_4q": null,
            "eps_4q_growth_year": null,
            "roe": null,
            "roe_4q": 0,
            "gross_profit": null,
            "gross_margin": null,
            "gross_margin_4q_avg": 0,
            "net_income": null,
            "revenue": null,
            "common_shares": null,
            "book_valuer_per_share": null,
            "book_valuer_per_share_4q_avg": 0,
            "equity": null,
            "current_ratio": null,
            "debt_ratio": null,
            "inventory_turnover_ratio": null,
            "account_receivable_turnover_ratio": null,
            "reinvestment_rate": null,
            "research_to_sale_ratio": null,
            "price_fair": 0,
            "eps_avg_yearly": 0,
            "eps_latest_yearly": 0,
            "eps_growth_yearly": 0
        },
        "20122": {
            "year_quarter": 20122,
            "year": 2012,
            "quarter": 2,
            "eps": null,
            "eps_growth_year": null,
            "eps_4q": null,
            "eps_4q_growth_year": null,
            "roe": null,
            "roe_4q": 0,
            "gross_profit": null,
            "gross_margin": null,
            "gross_margin_4q_avg": 0,
            "net_income": null,
            "revenue": null,
            "common_shares": null,
            "book_valuer_per_share": null,
            "book_valuer_per_share_4q_avg": 0,
            "equity": null,
            "current_ratio": null,
            "debt_ratio": null,
            "inventory_turnover_ratio": null,
            "account_receivable_turnover_ratio": null,
            "reinvestment_rate": null,
            "research_to_sale_ratio": null,
            "price_fair": 0,
            "eps_avg_yearly": 0,
            "eps_latest_yearly": 0,
            "eps_growth_yearly": 0
        },
        "20123": {
            "year_quarter": 20123,
            "year": 2012,
            "quarter": 3,
            "eps": null,
            "eps_growth_year": null,
            "eps_4q": null,
            "eps_4q_growth_year": null,
            "roe": null,
            "roe_4q": 0,
            "gross_profit": null,
            "gross_margin": null,
            "gross_margin_4q_avg": 0,
            "net_income": null,
            "revenue": null,
            "common_shares": null,
            "book_valuer_per_share": null,
            "book_valuer_per_share_4q_avg": 0,
            "equity": null,
            "current_ratio": null,
            "debt_ratio": null,
            "inventory_turnover_ratio": null,
            "account_receivable_turnover_ratio": null,
            "reinvestment_rate": null,
            "research_to_sale_ratio": null,
            "price_fair": 0,
            "eps_avg_yearly": 0,
            "eps_latest_yearly": 0,
            "eps_growth_yearly": 0
        },
        "20124": {
            "year_quarter": 20124,
            "year": 2012,
            "quarter": 4,
            "eps": null,
            "eps_growth_year": null,
            "eps_4q": null,
            "eps_4q_growth_year": null,
            "roe": null,
            "roe_4q": 0,
            "gross_profit": null,
            "gross_margin": null,
            "gross_margin_4q_avg": 0,
            "net_income": null,
            "revenue": null,
            "common_shares": 195081,
            "book_valuer_per_share": null,
            "book_valuer_per_share_4q_avg": 0,
            "equity": 665687,
            "current_ratio": null,
            "debt_ratio": null,
            "inventory_turnover_ratio": null,
            "account_receivable_turnover_ratio": null,
            "reinvestment_rate": null,
            "research_to_sale_ratio": null,
            "price_fair": 0,
            "eps_avg_yearly": 0,
            "eps_latest_yearly": 0,
            "eps_growth_yearly": 0
        },
        "20131": {
            "year_quarter": 20131,
            "year": 2013,
            "quarter": 1,
            "eps": null,
            "eps_growth_year": null,
            "eps_4q": null,
            "eps_4q_growth_year": null,
            "roe": null,
            "roe_4q": 0,
            "gross_profit": null,
            "gross_margin": null,
            "gross_margin_4q_avg": 0,
            "net_income": null,
            "revenue": null,
            "common_shares": null,
            "book_valuer_per_share": null,
            "book_valuer_per_share_4q_avg": 0,
            "equity": null,
            "current_ratio": null,
            "debt_ratio": null,
            "inventory_turnover_ratio": null,
            "account_receivable_turnover_ratio": null,
            "reinvestment_rate": null,
            "research_to_sale_ratio": null,
            "price_fair": 0,
            "eps_avg_yearly": 0,
            "eps_latest_yearly": 0,
            "eps_growth_yearly": 0
        },
        "20132": {
            "year_quarter": 20132,
            "year": 2013,
            "quarter": 2,
            "eps": null,
            "eps_growth_year": null,
            "eps_4q": null,
            "eps_4q_growth_year": null,
            "roe": null,
            "roe_4q": 0,
            "gross_profit": null,
            "gross_margin": null,
            "gross_margin_4q_avg": 0,
            "net_income": null,
            "revenue": null,
            "common_shares": null,
            "book_valuer_per_share": null,
            "book_valuer_per_share_4q_avg": 0,
            "equity": null,
            "current_ratio": null,
            "debt_ratio": null,
            "inventory_turnover_ratio": null,
            "account_receivable_turnover_ratio": null,
            "reinvestment_rate": null,
            "research_to_sale_ratio": null,
            "price_fair": 0,
            "eps_avg_yearly": 0,
            "eps_latest_yearly": 0,
            "eps_growth_yearly": 0
        },
        "20133": {
            "year_quarter": 20133,
            "year": 2013,
            "quarter": 3,
            "eps": null,
            "eps_growth_year": null,
            "eps_4q": null,
            "eps_4q_growth_year": null,
            "roe": null,
            "roe_4q": 0,
            "gross_profit": null,
            "gross_margin": null,
            "gross_margin_4q_avg": 0,
            "net_income": null,
            "revenue": null,
            "common_shares": null,
            "book_valuer_per_share": null,
            "book_valuer_per_share_4q_avg": 0,
            "equity": null,
            "current_ratio": null,
            "debt_ratio": null,
            "inventory_turnover_ratio": null,
            "account_receivable_turnover_ratio": null,
            "reinvestment_rate": null,
            "research_to_sale_ratio": null,
            "price_fair": 0,
            "eps_avg_yearly": 0,
            "eps_latest_yearly": 0,
            "eps_growth_yearly": 0
        },
        "20134": {
            "year_quarter": 20134,
            "year": 2013,
            "quarter": 4,
            "eps": null,
            "eps_growth_year": null,
            "eps_4q": null,
            "eps_4q_growth_year": null,
            "roe": null,
            "roe_4q": 0,
            "gross_profit": null,
            "gross_margin": null,
            "gross_margin_4q_avg": 0,
            "net_income": null,
            "revenue": null,
            "common_shares": 327252,
            "book_valuer_per_share": 28.94,
            "book_valuer_per_share_4q_avg": 7.24,
            "equity": 943900,
            "current_ratio": 129.67,
            "debt_ratio": 49.52,
            "inventory_turnover_ratio": null,
            "account_receivable_turnover_ratio": null,
            "reinvestment_rate": null,
            "research_to_sale_ratio": null,
            "price_fair": 0,
            "eps_avg_yearly": 0,
            "eps_latest_yearly": 0,
            "eps_growth_yearly": 0
        },
        "20141": {
            "year_quarter": 20141,
            "year": 2014,
            "quarter": 1,
            "eps": null,
            "eps_growth_year": null,
            "eps_4q": null,
            "eps_4q_growth_year": null,
            "roe": null,
            "roe_4q": 0,
            "gross_profit": 117848,
            "gross_margin": null,
            "gross_margin_4q_avg": 0,
            "net_income": 36095,
            "revenue": 398696,
            "common_shares": 330000,
            "book_valuer_per_share": 29.07,
            "book_valuer_per_share_4q_avg": 14.5,
            "equity": 956082,
            "current_ratio": 140.76,
            "debt_ratio": 54.81,
            "inventory_turnover_ratio": null,
            "account_receivable_turnover_ratio": null,
            "reinvestment_rate": null,
            "research_to_sale_ratio": null,
            "price_fair": 0,
            "eps_avg_yearly": 0,
            "eps_latest_yearly": 0,
            "eps_growth_yearly": 0
        },
        "20142": {
            "year_quarter": 20142,
            "year": 2014,
            "quarter": 2,
            "eps": null,
            "eps_growth_year": null,
            "eps_4q": null,
            "eps_4q_growth_year": null,
            "roe": null,
            "roe_4q": 0,
            "gross_profit": 218295,
            "gross_margin": null,
            "gross_margin_4q_avg": 0,
            "net_income": 102387,
            "revenue": 659560,
            "common_shares": 330000,
            "book_valuer_per_share": 31.8,
            "book_valuer_per_share_4q_avg": 22.45,
            "equity": 1050049,
            "current_ratio": 142.58,
            "debt_ratio": 52.57,
            "inventory_turnover_ratio": null,
            "account_receivable_turnover_ratio": null,
            "reinvestment_rate": null,
            "research_to_sale_ratio": null,
            "price_fair": 0,
            "eps_avg_yearly": 0,
            "eps_latest_yearly": 0,
            "eps_growth_yearly": 0
        },
        "20143": {
            "year_quarter": 20143,
            "year": 2014,
            "quarter": 3,
            "eps": null,
            "eps_growth_year": null,
            "eps_4q": null,
            "eps_4q_growth_year": null,
            "roe": null,
            "roe_4q": 0,
            "gross_profit": 203731,
            "gross_margin": null,
            "gross_margin_4q_avg": 0,
            "net_income": 87579,
            "revenue": 657714,
            "common_shares": 330000,
            "book_valuer_per_share": 35.5,
            "book_valuer_per_share_4q_avg": 31.33,
            "equity": 1171525,
            "current_ratio": 150.37,
            "debt_ratio": 49.6,
            "inventory_turnover_ratio": null,
            "account_receivable_turnover_ratio": null,
            "reinvestment_rate": null,
            "research_to_sale_ratio": null,
            "price_fair": 0,
            "eps_avg_yearly": 0,
            "eps_latest_yearly": 0,
            "eps_growth_yearly": 0
        },
        "20144": {
            "year_quarter": 20144,
            "year": 2014,
            "quarter": 4,
            "eps": null,
            "eps_growth_year": null,
            "eps_4q": null,
            "eps_4q_growth_year": null,
            "roe": null,
            "roe_4q": 0,
            "gross_profit": 165873,
            "gross_margin": null,
            "gross_margin_4q_avg": 0,
            "net_income": 54484,
            "revenue": 596566,
            "common_shares": 462000,
            "book_valuer_per_share": 27.21,
            "book_valuer_per_share_4q_avg": 30.9,
            "equity": 1256876,
            "current_ratio": 154.37,
            "debt_ratio": 45.95,
            "inventory_turnover_ratio": null,
            "account_receivable_turnover_ratio": null,
            "reinvestment_rate": null,
            "research_to_sale_ratio": null,
            "price_fair": 0,
            "eps_avg_yearly": 0,
            "eps_latest_yearly": 0,
            "eps_growth_yearly": 0
        },
        "20151": {
            "year_quarter": 20151,
            "year": 2015,
            "quarter": 1,
            "eps": 0.16,
            "eps_growth_year": null,
            "eps_4q": 0.16,
            "eps_4q_growth_year": null,
            "roe": 0.61,
            "roe_4q": 0.61,
            "gross_profit": 96682,
            "gross_margin": 23.58,
            "gross_margin_4q_avg": 5.9,
            "net_income": 7350,
            "revenue": 410080,
            "common_shares": 462000,
            "book_valuer_per_share": 25.38,
            "book_valuer_per_share_4q_avg": 29.97,
            "equity": 1172480,
            "current_ratio": 138.07,
            "debt_ratio": 50.46,
            "inventory_turnover_ratio": 0.59,
            "account_receivable_turnover_ratio": 1.44,
            "reinvestment_rate": null,
            "research_to_sale_ratio": 2.1,
            "price_fair": 0,
            "eps_avg_yearly": 0,
            "eps_latest_yearly": 0,
            "eps_growth_yearly": 0
        },
        "20152": {
            "year_quarter": 20152,
            "year": 2015,
            "quarter": 2,
            "eps": 1.43,
            "eps_growth_year": null,
            "eps_4q": 1.59,
            "eps_4q_growth_year": null,
            "roe": 5.49,
            "roe_4q": 6.1000000000000005,
            "gross_profit": 176051,
            "gross_margin": 27.57,
            "gross_margin_4q_avg": 12.79,
            "net_income": 65892,
            "revenue": 638634,
            "common_shares": 462000,
            "book_valuer_per_share": 26.54,
            "book_valuer_per_share_4q_avg": 28.66,
            "equity": 1225925,
            "current_ratio": 136.04,
            "debt_ratio": 50.19,
            "inventory_turnover_ratio": 0.84,
            "account_receivable_turnover_ratio": 2.28,
            "reinvestment_rate": null,
            "research_to_sale_ratio": 1.57,
            "price_fair": 200.2,
            "eps_avg_yearly": 5.72,
            "eps_latest_yearly": 5.72,
            "eps_growth_yearly": 3175
        },
        "20153": {
            "year_quarter": 20153,
            "year": 2015,
            "quarter": 3,
            "eps": 1.25,
            "eps_growth_year": null,
            "eps_4q": 2.84,
            "eps_4q_growth_year": null,
            "roe": 4.57,
            "roe_4q": 10.67,
            "gross_profit": 110180,
            "gross_margin": 25.09,
            "gross_margin_4q_avg": 19.06,
            "net_income": 57932,
            "revenue": 439216,
            "common_shares": 462000,
            "book_valuer_per_share": 28.28,
            "book_valuer_per_share_4q_avg": 26.85,
            "equity": 1306759,
            "current_ratio": 138.12,
            "debt_ratio": 47.82,
            "inventory_turnover_ratio": 0.64,
            "account_receivable_turnover_ratio": 1.79,
            "reinvestment_rate": null,
            "research_to_sale_ratio": 2.22,
            "price_fair": 187.6,
            "eps_avg_yearly": 5.36,
            "eps_latest_yearly": 5,
            "eps_growth_yearly": 1562.33
        },
        "20154": {
            "year_quarter": 20154,
            "year": 2015,
            "quarter": 4,
            "eps": 1.1,
            "eps_growth_year": null,
            "eps_4q": 3.61,
            "eps_4q_growth_year": null,
            "roe": 3.7,
            "roe_4q": 14.37,
            "gross_profit": 122836,
            "gross_margin": 25.22,
            "gross_margin_4q_avg": 25.37,
            "net_income": 57749,
            "revenue": 487113,
            "common_shares": 523600,
            "book_valuer_per_share": 34.67,
            "book_valuer_per_share_4q_avg": 28.72,
            "equity": 1815574,
            "current_ratio": 233.73,
            "debt_ratio": 29.51,
            "inventory_turnover_ratio": 0.81,
            "account_receivable_turnover_ratio": 2.35,
            "reinvestment_rate": null,
            "research_to_sale_ratio": 5.76,
            "price_fair": 176.4,
            "eps_avg_yearly": 5.04,
            "eps_latest_yearly": 4.4,
            "eps_growth_yearly": 1025.55
        },
        "20161": {
            "year_quarter": 20161,
            "year": 2016,
            "quarter": 1,
            "eps": 0.04,
            "eps_growth_year": -75,
            "eps_4q": 3.6,
            "eps_4q_growth_year": 2164.35,
            "roe": 0.13,
            "roe_4q": 13.89,
            "gross_profit": 67738,
            "gross_margin": 21.13,
            "gross_margin_4q_avg": 24.75,
            "net_income": 2271,
            "revenue": 320633,
            "common_shares": 523600,
            "book_valuer_per_share": 33.02,
            "book_valuer_per_share_4q_avg": 30.63,
            "equity": 1685136,
            "current_ratio": 212.41,
            "debt_ratio": 30.79,
            "inventory_turnover_ratio": 0.58,
            "account_receivable_turnover_ratio": 1.39,
            "reinvestment_rate": null,
            "research_to_sale_ratio": 3.96,
            "price_fair": 133.7,
            "eps_avg_yearly": 3.82,
            "eps_latest_yearly": 0.16,
            "eps_growth_yearly": 672.8
        },
        "20162": {
            "year_quarter": 20162,
            "year": 2016,
            "quarter": 2,
            "eps": 0.64,
            "eps_growth_year": -55.24,
            "eps_4q": 3.04,
            "eps_4q_growth_year": 91.73,
            "roe": 2.07,
            "roe_4q": 10.47,
            "gross_profit": 113146,
            "gross_margin": 25.23,
            "gross_margin_4q_avg": 24.17,
            "net_income": 32607,
            "revenue": 448483,
            "common_shares": 523600,
            "book_valuer_per_share": 29.68,
            "book_valuer_per_share_4q_avg": 31.41,
            "equity": 1470136,
            "current_ratio": 150.52,
            "debt_ratio": 41.13,
            "inventory_turnover_ratio": 0.73,
            "account_receivable_turnover_ratio": 2.21,
            "reinvestment_rate": null,
            "research_to_sale_ratio": 3.98,
            "price_fair": 124.88,
            "eps_avg_yearly": 3.57,
            "eps_latest_yearly": 2.56,
            "eps_growth_yearly": 1738.24
        },
        "20163": {
            "year_quarter": 20163,
            "year": 2016,
            "quarter": 3,
            "eps": 0.61,
            "eps_growth_year": -51.2,
            "eps_4q": 2.48,
            "eps_4q_growth_year": -12.7,
            "roe": 2.06,
            "roe_4q": 7.96,
            "gross_profit": 107487,
            "gross_margin": 26.38,
            "gross_margin_4q_avg": 24.49,
            "net_income": 30151,
            "revenue": 407437,
            "common_shares": 508600,
            "book_valuer_per_share": 29.39,
            "book_valuer_per_share_4q_avg": 31.69,
            "equity": 1455599,
            "current_ratio": 158.03,
            "debt_ratio": 36.4,
            "inventory_turnover_ratio": 0.73,
            "account_receivable_turnover_ratio": 1.88,
            "reinvestment_rate": null,
            "research_to_sale_ratio": 3.57,
            "price_fair": 118.3,
            "eps_avg_yearly": 3.38,
            "eps_latest_yearly": 2.44,
            "eps_growth_yearly": 1445.41
        },
        "20164": {
            "year_quarter": 20164,
            "year": 2016,
            "quarter": 4,
            "eps": 0.56,
            "eps_growth_year": -49.39,
            "eps_4q": 1.87,
            "eps_4q_growth_year": -48.14,
            "roe": 1.91,
            "roe_4q": 6.169999999999999,
            "gross_profit": 79407,
            "gross_margin": 23.62,
            "gross_margin_4q_avg": 24.09,
            "net_income": 27650,
            "revenue": 336176,
            "common_shares": 508600,
            "book_valuer_per_share": 29.14,
            "book_valuer_per_share_4q_avg": 30.31,
            "equity": 1443505,
            "current_ratio": 153.26,
            "debt_ratio": 37.22,
            "inventory_turnover_ratio": 0.69,
            "account_receivable_turnover_ratio": 1.28,
            "reinvestment_rate": null,
            "research_to_sale_ratio": 3.61,
            "price_fair": 112.6,
            "eps_avg_yearly": 3.22,
            "eps_latest_yearly": 2.24,
            "eps_growth_yearly": 1234.24
        },
        "20171": {
            "year_quarter": 20171,
            "year": 2017,
            "quarter": 1,
            "eps": -0.15,
            "eps_growth_year": -475,
            "eps_4q": 1.67,
            "eps_4q_growth_year": -53.55,
            "roe": -0.53,
            "roe_4q": 5.51,
            "gross_profit": 64259,
            "gross_margin": 22.91,
            "gross_margin_4q_avg": 24.54,
            "net_income": -7516,
            "revenue": 280447,
            "common_shares": 508600,
            "book_valuer_per_share": 27.75,
            "book_valuer_per_share_4q_avg": 28.99,
            "equity": 1374686,
            "current_ratio": 151.05,
            "debt_ratio": 36.95,
            "inventory_turnover_ratio": 0.57,
            "account_receivable_turnover_ratio": 1.43,
            "reinvestment_rate": null,
            "research_to_sale_ratio": 4.62,
            "price_fair": 112.6,
            "eps_avg_yearly": 3.22,
            "eps_latest_yearly": 2.24,
            "eps_growth_yearly": 1234.24
        },
        "20172": {
            "year_quarter": 20172,
            "year": 2017,
            "quarter": 2,
            "eps": 0.36,
            "eps_growth_year": -43.75,
            "eps_4q": 1.38,
            "eps_4q_growth_year": -54.7,
            "roe": 1.32,
            "roe_4q": 4.76,
            "gross_profit": 100539,
            "gross_margin": 25.03,
            "gross_margin_4q_avg": 24.49,
            "net_income": 17922,
            "revenue": 401671,
            "common_shares": 508600,
            "book_valuer_per_share": 27.2,
            "book_valuer_per_share_4q_avg": 28.37,
            "equity": 1347369,
            "current_ratio": 134.81,
            "debt_ratio": 42.2,
            "inventory_turnover_ratio": 0.8,
            "account_receivable_turnover_ratio": 3.02,
            "reinvestment_rate": null,
            "research_to_sale_ratio": 3.64,
            "price_fair": 112.6,
            "eps_avg_yearly": 3.22,
            "eps_latest_yearly": 2.24,
            "eps_growth_yearly": 1234.24
        },
        "20173": {
            "year_quarter": 20173,
            "year": 2017,
            "quarter": 3,
            "eps": 0.81,
            "eps_growth_year": 32.79,
            "eps_4q": 1.57,
            "eps_4q_growth_year": -36.5,
            "roe": 2.89,
            "roe_4q": 5.59,
            "gross_profit": 133709,
            "gross_margin": 25.37,
            "gross_margin_4q_avg": 24.23,
            "net_income": 39913,
            "revenue": 526981,
            "common_shares": 508600,
            "book_valuer_per_share": 28.54,
            "book_valuer_per_share_4q_avg": 28.16,
            "equity": 1413695,
            "current_ratio": 143.62,
            "debt_ratio": 37.12,
            "inventory_turnover_ratio": 1.27,
            "account_receivable_turnover_ratio": 3.46,
            "reinvestment_rate": null,
            "research_to_sale_ratio": 2.78,
            "price_fair": 112.7,
            "eps_avg_yearly": 3.22,
            "eps_latest_yearly": 3.24,
            "eps_growth_yearly": 1142.46
        },
        "20174": {
            "year_quarter": 20174,
            "year": 2017,
            "quarter": 4,
            "eps": -0.02,
            "eps_growth_year": -103.01,
            "eps_4q": 1,
            "eps_4q_growth_year": -46.6,
            "roe": -0.06,
            "roe_4q": 3.62,
            "gross_profit": 86662,
            "gross_margin": 24.37,
            "gross_margin_4q_avg": 24.42,
            "net_income": -833,
            "revenue": 355591,
            "common_shares": 508600,
            "book_valuer_per_share": 28.87,
            "book_valuer_per_share_4q_avg": 28.09,
            "equity": 1429935,
            "current_ratio": 163.98,
            "debt_ratio": 31.75,
            "inventory_turnover_ratio": 1.06,
            "account_receivable_turnover_ratio": 2.55,
            "reinvestment_rate": 51.84,
            "research_to_sale_ratio": 3.98,
            "price_fair": 112.7,
            "eps_avg_yearly": 3.22,
            "eps_latest_yearly": 3.24,
            "eps_growth_yearly": 1142.46
        },
        "20181": {
            "year_quarter": 20181,
            "year": 2018,
            "quarter": 1,
            "eps": -0.65,
            "eps_growth_year": null,
            "eps_4q": 0.5,
            "eps_4q_growth_year": -69.9,
            "roe": -2.24,
            "roe_4q": 1.91,
            "gross_profit": 72139,
            "gross_margin": 20.63,
            "gross_margin_4q_avg": 23.85,
            "net_income": -32049,
            "revenue": 349608,
            "common_shares": 508600,
            "book_valuer_per_share": 28.83,
            "book_valuer_per_share_4q_avg": 28.36,
            "equity": 1428217,
            "current_ratio": 158.45,
            "debt_ratio": 32.29,
            "inventory_turnover_ratio": 1.08,
            "account_receivable_turnover_ratio": 2.89,
            "reinvestment_rate": 54.44,
            "research_to_sale_ratio": 4.42,
            "price_fair": 112.7,
            "eps_avg_yearly": 3.22,
            "eps_latest_yearly": 3.24,
            "eps_growth_yearly": 1142.46
        },
        "20182": {
            "year_quarter": 20182,
            "year": 2018,
            "quarter": 2,
            "eps": 1.18,
            "eps_growth_year": 227.78,
            "eps_4q": 1.33,
            "eps_4q_growth_year": -3.75,
            "roe": 4.18,
            "roe_4q": 4.77,
            "gross_profit": 109146,
            "gross_margin": 25.23,
            "gross_margin_4q_avg": 23.9,
            "net_income": 58619,
            "revenue": 432666,
            "common_shares": 508600,
            "book_valuer_per_share": 27.8,
            "book_valuer_per_share_4q_avg": 28.51,
            "equity": 1377191,
            "current_ratio": 142.12,
            "debt_ratio": 37.13,
            "inventory_turnover_ratio": 1.14,
            "account_receivable_turnover_ratio": 2.79,
            "reinvestment_rate": 54.14,
            "research_to_sale_ratio": 4.42,
            "price_fair": 112.7,
            "eps_avg_yearly": 3.22,
            "eps_latest_yearly": 3.24,
            "eps_growth_yearly": 1142.46
        },
        "20183": {
            "year_quarter": 20183,
            "year": 2018,
            "quarter": 3,
            "eps": 1.56,
            "eps_growth_year": 92.59,
            "eps_4q": 2.07,
            "eps_4q_growth_year": 31.57,
            "roe": 5.56,
            "roe_4q": 7.439999999999999,
            "gross_profit": 134519,
            "gross_margin": 29.58,
            "gross_margin_4q_avg": 24.95,
            "net_income": 77031,
            "revenue": 454811,
            "common_shares": 508600,
            "book_valuer_per_share": 28.05,
            "book_valuer_per_share_4q_avg": 28.39,
            "equity": 1391923,
            "current_ratio": 155.56,
            "debt_ratio": 32.29,
            "inventory_turnover_ratio": 1.19,
            "account_receivable_turnover_ratio": 2.97,
            "reinvestment_rate": 44.69,
            "research_to_sale_ratio": 3.03,
            "price_fair": 124.44,
            "eps_avg_yearly": 3.56,
            "eps_latest_yearly": 6.24,
            "eps_growth_yearly": 1029.83
        },
        "20184": {
            "year_quarter": 20184,
            "year": 2018,
            "quarter": 4,
            "eps": 0.52,
            "eps_growth_year": null,
            "eps_4q": 2.61,
            "eps_4q_growth_year": 161.32,
            "roe": 1.82,
            "roe_4q": 9.319999999999999,
            "gross_profit": 61120,
            "gross_margin": 24.56,
            "gross_margin_4q_avg": 25,
            "net_income": 25716,
            "revenue": 248815,
            "common_shares": 508600,
            "book_valuer_per_share": 28.82,
            "book_valuer_per_share_4q_avg": 28.38,
            "equity": 1427767,
            "current_ratio": 165.31,
            "debt_ratio": 28.65,
            "inventory_turnover_ratio": 0.69,
            "account_receivable_turnover_ratio": 2.7,
            "reinvestment_rate": 32.62,
            "research_to_sale_ratio": 6.11,
            "price_fair": 119.28,
            "eps_avg_yearly": 3.41,
            "eps_latest_yearly": 2.08,
            "eps_growth_yearly": 900.18
        },
        "20191": {
            "year_quarter": 20191,
            "year": 2019,
            "quarter": 1,
            "eps": -0.42,
            "eps_growth_year": null,
            "eps_4q": 2.84,
            "eps_4q_growth_year": 464.25,
            "roe": -1.43,
            "roe_4q": 10.129999999999999,
            "gross_profit": 62564,
            "gross_margin": 21.24,
            "gross_margin_4q_avg": 25.15,
            "net_income": -20569,
            "revenue": 294501,
            "common_shares": 508600,
            "book_valuer_per_share": 29.29,
            "book_valuer_per_share_4q_avg": 28.49,
            "equity": 1450782,
            "current_ratio": 158.76,
            "debt_ratio": 31.11,
            "inventory_turnover_ratio": 0.73,
            "account_receivable_turnover_ratio": 2.68,
            "reinvestment_rate": 37.17,
            "research_to_sale_ratio": 5.32,
            "price_fair": 119.28,
            "eps_avg_yearly": 3.41,
            "eps_latest_yearly": 2.08,
            "eps_growth_yearly": 900.18
        },
        "20192": {
            "year_quarter": 20192,
            "year": 2019,
            "quarter": 2,
            "eps": 1.2,
            "eps_growth_year": 1.69,
            "eps_4q": 2.85,
            "eps_4q_growth_year": 115.37,
            "roe": 4.22,
            "roe_4q": 10.17,
            "gross_profit": 136330,
            "gross_margin": 28.96,
            "gross_margin_4q_avg": 26.09,
            "net_income": 59215,
            "revenue": 470738,
            "common_shares": 508600,
            "book_valuer_per_share": 27.43,
            "book_valuer_per_share_4q_avg": 28.4,
            "equity": 1358640,
            "current_ratio": 135.53,
            "debt_ratio": 39.22,
            "inventory_turnover_ratio": 1.06,
            "account_receivable_turnover_ratio": 2.47,
            "reinvestment_rate": 28.75,
            "research_to_sale_ratio": 3.66,
            "price_fair": 110.29,
            "eps_avg_yearly": 3.15,
            "eps_latest_yearly": 2.08,
            "eps_growth_yearly": 647.42
        },
        "20193": {
            "year_quarter": 20193,
            "year": 2019,
            "quarter": 3,
            "eps": 1.64,
            "eps_growth_year": 5.13,
            "eps_4q": 2.94,
            "eps_4q_growth_year": 41.98,
            "roe": 5.96,
            "roe_4q": 10.57,
            "gross_profit": 130170,
            "gross_margin": 33.88,
            "gross_margin_4q_avg": 27.16,
            "net_income": 81286,
            "revenue": 384161,
            "common_shares": 495340,
            "book_valuer_per_share": 27.65,
            "book_valuer_per_share_4q_avg": 28.3,
            "equity": 1369831,
            "current_ratio": 149.5,
            "debt_ratio": 39.49,
            "inventory_turnover_ratio": 0.98,
            "account_receivable_turnover_ratio": 1.58,
            "reinvestment_rate": 7.17,
            "research_to_sale_ratio": 4.76,
            "price_fair": 116.36,
            "eps_avg_yearly": 3.32,
            "eps_latest_yearly": 6.56,
            "eps_growth_yearly": 669.31
        },
        "20194": {
            "year_quarter": 20194,
            "year": 2019,
            "quarter": 4,
            "eps": 0.25,
            "eps_growth_year": -52.61,
            "eps_4q": 2.67,
            "eps_4q_growth_year": 2.17,
            "roe": 0.88,
            "roe_4q": 9.629999999999999,
            "gross_profit": 90297,
            "gross_margin": 31.3,
            "gross_margin_4q_avg": 28.85,
            "net_income": 12186,
            "revenue": 288478,
            "common_shares": 495340,
            "book_valuer_per_share": 27.98,
            "book_valuer_per_share_4q_avg": 28.09,
            "equity": 1385749,
            "current_ratio": 150.25,
            "debt_ratio": 41.06,
            "inventory_turnover_ratio": 0.85,
            "account_receivable_turnover_ratio": 1.34,
            "reinvestment_rate": 2.19,
            "research_to_sale_ratio": 5.74,
            "price_fair": 103.13,
            "eps_avg_yearly": 2.95,
            "eps_latest_yearly": 1,
            "eps_growth_yearly": 636.98
        },
        "20201": {
            "year_quarter": 20201,
            "year": 2020,
            "quarter": 1,
            "eps": 0.35,
            "eps_growth_year": null,
            "eps_4q": 3.43,
            "eps_4q_growth_year": 20.66,
            "roe": 1.25,
            "roe_4q": 12.309999999999999,
            "gross_profit": 60090,
            "gross_margin": 26.86,
            "gross_margin_4q_avg": 30.25,
            "net_income": 17205,
            "revenue": 223689,
            "common_shares": 495340,
            "book_valuer_per_share": 27.78,
            "book_valuer_per_share_4q_avg": 27.71,
            "equity": 1375838,
            "current_ratio": 152.99,
            "debt_ratio": 44.55,
            "inventory_turnover_ratio": 0.64,
            "account_receivable_turnover_ratio": 1.39,
            "reinvestment_rate": -2.3,
            "research_to_sale_ratio": 7.39,
            "price_fair": 107.96,
            "eps_avg_yearly": 3.08,
            "eps_latest_yearly": 1.4,
            "eps_growth_yearly": 697.58
        },
        "20202": {
            "year_quarter": 20202,
            "year": 2020,
            "quarter": 2,
            "eps": 0.7,
            "eps_growth_year": -41.67,
            "eps_4q": 2.93,
            "eps_4q_growth_year": 2.8,
            "roe": 2.6,
            "roe_4q": 10.690000000000001,
            "gross_profit": 112701,
            "gross_margin": 33.37,
            "gross_margin_4q_avg": 31.35,
            "net_income": 34675,
            "revenue": 337771,
            "common_shares": 495340,
            "book_valuer_per_share": 26.05,
            "book_valuer_per_share_4q_avg": 27.37,
            "equity": 1290568,
            "current_ratio": 136.32,
            "debt_ratio": 48.98,
            "inventory_turnover_ratio": 0.87,
            "account_receivable_turnover_ratio": 1.37,
            "reinvestment_rate": -12.89,
            "research_to_sale_ratio": 5.96,
            "price_fair": 108.89,
            "eps_avg_yearly": 3.11,
            "eps_latest_yearly": 2.8,
            "eps_growth_yearly": 75.36
        },
        "20203": {
            "year_quarter": 20203,
            "year": 2020,
            "quarter": 3,
            "eps": 0.12,
            "eps_growth_year": -92.68,
            "eps_4q": 1.41,
            "eps_4q_growth_year": -51.93,
            "roe": 0.45,
            "roe_4q": 5.180000000000001,
            "gross_profit": 106528,
            "gross_margin": 36.73,
            "gross_margin_4q_avg": 32.07,
            "net_income": 5940,
            "revenue": 290054,
            "common_shares": 495340,
            "book_valuer_per_share": 27.21,
            "book_valuer_per_share_4q_avg": 27.26,
            "equity": 1347650,
            "current_ratio": 223.69,
            "debt_ratio": 42.15,
            "inventory_turnover_ratio": 0.75,
            "account_receivable_turnover_ratio": 1.13,
            "reinvestment_rate": -12.61,
            "research_to_sale_ratio": 7.77,
            "price_fair": 101.27,
            "eps_avg_yearly": 2.89,
            "eps_latest_yearly": 0.48,
            "eps_growth_yearly": 40.62
        },
        "20204": {
            "year_quarter": 20204,
            "year": 2020,
            "quarter": 4,
            "eps": -0.69,
            "eps_growth_year": -379.73,
            "eps_4q": 0.48,
            "eps_4q_growth_year": -82.04,
            "roe": -2.52,
            "roe_4q": 1.7800000000000002,
            "gross_profit": 43444,
            "gross_margin": 23.6,
            "gross_margin_4q_avg": 30.14,
            "net_income": -34116,
            "revenue": 184076,
            "common_shares": 495340,
            "book_valuer_per_share": 27.4,
            "book_valuer_per_share_4q_avg": 27.11,
            "equity": 1357508,
            "current_ratio": 193.16,
            "debt_ratio": 43.46,
            "inventory_turnover_ratio": 0.57,
            "account_receivable_turnover_ratio": 1.28,
            "reinvestment_rate": 0.61,
            "research_to_sale_ratio": 2.02,
            "price_fair": 104.13,
            "eps_avg_yearly": 2.98,
            "eps_latest_yearly": 0.48,
            "eps_growth_yearly": 49.8
        },
        "20211": {
            "year_quarter": 20211,
            "year": 2021,
            "quarter": 1,
            "eps": 0.31,
            "eps_growth_year": -11.43,
            "eps_4q": 0.44,
            "eps_4q_growth_year": -87.06,
            "roe": 1.13,
            "roe_4q": 1.66,
            "gross_profit": 81720,
            "gross_margin": 26.31,
            "gross_margin_4q_avg": 30,
            "net_income": 15418,
            "revenue": 310563,
            "common_shares": 495340,
            "book_valuer_per_share": 27.62,
            "book_valuer_per_share_4q_avg": 27.07,
            "equity": 1368530,
            "current_ratio": 174.19,
            "debt_ratio": 45.86,
            "inventory_turnover_ratio": 0.91,
            "account_receivable_turnover_ratio": 1.57,
            "reinvestment_rate": 5.44,
            "research_to_sale_ratio": 5.58,
            "price_fair": 104.13,
            "eps_avg_yearly": 2.98,
            "eps_latest_yearly": 0.48,
            "eps_growth_yearly": 49.8
        },
        "20212": {
            "year_quarter": 20212,
            "year": 2021,
            "quarter": 2,
            "eps": 0.04,
            "eps_growth_year": -94.29,
            "eps_4q": -0.22,
            "eps_4q_growth_year": -107.39,
            "roe": 0.14,
            "roe_4q": -0.8,
            "gross_profit": 95769,
            "gross_margin": 33.32,
            "gross_margin_4q_avg": 29.99,
            "net_income": 1896,
            "revenue": 287429,
            "common_shares": 495340,
            "book_valuer_per_share": 27.11,
            "book_valuer_per_share_4q_avg": 27.34,
            "equity": 1343289,
            "current_ratio": 154.67,
            "debt_ratio": 49.71,
            "inventory_turnover_ratio": 0.72,
            "account_receivable_turnover_ratio": 1.11,
            "reinvestment_rate": -1.86,
            "research_to_sale_ratio": 7.22,
            "price_fair": 41.4,
            "eps_avg_yearly": 2.66,
            "eps_latest_yearly": 0.16,
            "eps_growth_yearly": 5.55
        },
        "20213": {
            "year_quarter": 20213,
            "year": 2021,
            "quarter": 3,
            "eps": 1.78,
            "eps_growth_year": 1383.33,
            "eps_4q": 1.44,
            "eps_4q_growth_year": 2.06,
            "roe": 6.34,
            "roe_4q": 5.09,
            "gross_profit": 181547,
            "gross_margin": 37.9,
            "gross_margin_4q_avg": 30.28,
            "net_income": 88083,
            "revenue": 479079,
            "common_shares": 495340,
            "book_valuer_per_share": 28.97,
            "book_valuer_per_share_4q_avg": 27.78,
            "equity": 1435681,
            "current_ratio": 157.65,
            "debt_ratio": 48.54,
            "inventory_turnover_ratio": 1.19,
            "account_receivable_turnover_ratio": 1.74,
            "reinvestment_rate": -4.78,
            "research_to_sale_ratio": 4.44,
            "price_fair": 108.27,
            "eps_avg_yearly": 3.09,
            "eps_latest_yearly": 7.12,
            "eps_growth_yearly": 1883.33
        },
        "20214": {
            "year_quarter": 20214,
            "year": 2021,
            "quarter": 4,
            "eps": -0.15,
            "eps_growth_year": null,
            "eps_4q": 1.98,
            "eps_4q_growth_year": 312.57,
            "roe": -0.55,
            "roe_4q": 7.06,
            "gross_profit": 107307,
            "gross_margin": 32.15,
            "gross_margin_4q_avg": 32.42,
            "net_income": -7875,
            "revenue": 333750,
            "common_shares": 495340,
            "book_valuer_per_share": 29.16,
            "book_valuer_per_share_4q_avg": 28.22,
            "equity": 1445532,
            "current_ratio": 151.81,
            "debt_ratio": 48.31,
            "inventory_turnover_ratio": 0.98,
            "account_receivable_turnover_ratio": 1.22,
            "reinvestment_rate": -4.81,
            "research_to_sale_ratio": 6.86,
            "price_fair": 108.27,
            "eps_avg_yearly": 3.09,
            "eps_latest_yearly": 7.12,
            "eps_growth_yearly": 1883.33
        },
        "20221": {
            "year_quarter": 20221,
            "year": 2022,
            "quarter": 1,
            "eps": 0.8,
            "eps_growth_year": 158.06,
            "eps_4q": 2.46,
            "eps_4q_growth_year": 455.19,
            "roe": 2.63,
            "roe_4q": 8.56,
            "gross_profit": 137710,
            "gross_margin": 38.1,
            "gross_margin_4q_avg": 35.37,
            "net_income": 39437,
            "revenue": 361411,
            "common_shares": 495340,
            "book_valuer_per_share": 31.25,
            "book_valuer_per_share_4q_avg": 29.12,
            "equity": 1548868,
            "current_ratio": 147.39,
            "debt_ratio": 48.84,
            "inventory_turnover_ratio": 0.72,
            "account_receivable_turnover_ratio": 1.57,
            "reinvestment_rate": 10.57,
            "research_to_sale_ratio": 6.61,
            "price_fair": 108.27,
            "eps_avg_yearly": 3.09,
            "eps_latest_yearly": 7.12,
            "eps_growth_yearly": 1883.33
        },
        "20222": {
            "year_quarter": 20222,
            "year": 2022,
            "quarter": 2,
            "eps": 3.77,
            "eps_growth_year": 9325,
            "eps_4q": 6.2,
            "eps_4q_growth_year": null,
            "roe": 11.9,
            "roe_4q": 20.32,
            "gross_profit": 243263,
            "gross_margin": 38.43,
            "gross_margin_4q_avg": 36.65,
            "net_income": 186476,
            "revenue": 632990,
            "common_shares": 495340,
            "book_valuer_per_share": 31.97,
            "book_valuer_per_share_4q_avg": 30.34,
            "equity": 1584283,
            "current_ratio": 153.52,
            "debt_ratio": 48.01,
            "inventory_turnover_ratio": 1.15,
            "account_receivable_turnover_ratio": 2.04,
            "reinvestment_rate": 9.94,
            "research_to_sale_ratio": 3.78,
            "price_fair": 150.22,
            "eps_avg_yearly": 4.29,
            "eps_latest_yearly": 15.08,
            "eps_growth_yearly": 1843.5
        },
        "20223": {
            "year_quarter": 20223,
            "year": 2022,
            "quarter": 3,
            "eps": 3.58,
            "eps_growth_year": 101.12,
            "eps_4q": 8,
            "eps_4q_growth_year": 454.29,
            "roe": 10.56,
            "roe_4q": 24.54,
            "gross_profit": 229645,
            "gross_margin": 40.26,
            "gross_margin_4q_avg": 37.24,
            "net_income": 177070,
            "revenue": 570392,
            "common_shares": 495340,
            "book_valuer_per_share": 35.69,
            "book_valuer_per_share_4q_avg": 32.02,
            "equity": 1768170,
            "current_ratio": 144.79,
            "debt_ratio": 43.21,
            "inventory_turnover_ratio": 1.19,
            "account_receivable_turnover_ratio": 1.47,
            "reinvestment_rate": 11.92,
            "research_to_sale_ratio": 4.16,
            "price_fair": 178.5,
            "eps_avg_yearly": 5.1,
            "eps_latest_yearly": 14.32,
            "eps_growth_yearly": 1828.6
        },
        "20224": {
            "year_quarter": 20224,
            "year": 2022,
            "quarter": 4,
            "eps": 0.06,
            "eps_growth_year": null,
            "eps_4q": 8.21,
            "eps_4q_growth_year": 315.45,
            "roe": 0.16,
            "roe_4q": 25.25,
            "gross_profit": 126123,
            "gross_margin": 32.27,
            "gross_margin_4q_avg": 37.27,
            "net_income": 2632,
            "revenue": 390785,
            "common_shares": 495340,
            "book_valuer_per_share": 32.52,
            "book_valuer_per_share_4q_avg": 32.86,
            "equity": 1610745,
            "current_ratio": 134.49,
            "debt_ratio": 49.94,
            "inventory_turnover_ratio": 0.94,
            "account_receivable_turnover_ratio": 1.23,
            "reinvestment_rate": 10.7,
            "research_to_sale_ratio": 6.17,
            "price_fair": 172.06,
            "eps_avg_yearly": 4.92,
            "eps_latest_yearly": 0.24,
            "eps_growth_yearly": 1815.94
        },
        "20231": {
            "year_quarter": 20231,
            "year": 2023,
            "quarter": 1,
            "eps": 0.64,
            "eps_growth_year": -20,
            "eps_4q": 8.05,
            "eps_4q_growth_year": 226.65,
            "roe": 1.91,
            "roe_4q": 24.53,
            "gross_profit": 141556,
            "gross_margin": 34.13,
            "gross_margin_4q_avg": 36.27,
            "net_income": 31148,
            "revenue": 414754,
            "common_shares": 495340,
            "book_valuer_per_share": 33.19,
            "book_valuer_per_share_4q_avg": 33.34,
            "equity": 1643436,
            "current_ratio": 137.37,
            "debt_ratio": 48.45,
            "inventory_turnover_ratio": 0.82,
            "account_receivable_turnover_ratio": 1.44,
            "reinvestment_rate": 6.44,
            "research_to_sale_ratio": 6.84,
            "price_fair": 164.56,
            "eps_avg_yearly": 4.7,
            "eps_latest_yearly": 2.56,
            "eps_growth_yearly": 2002.37
        }
    },
    "months": {
        "2015-12": {
            "month": "2015-12",
            "price": "67.46",
            "revenue": 163125
        },
        "2016-01": {
            "month": "2016-01",
            "price": "66.39",
            "revenue": 96557
        },
        "2016-02": {
            "month": "2016-02",
            "price": "66.14",
            "revenue": 107084
        },
        "2016-03": {
            "month": "2016-03",
            "price": "66.87",
            "revenue": 116992
        },
        "2016-04": {
            "month": "2016-04",
            "price": "60.13",
            "revenue": 164079
        },
        "2016-05": {
            "month": "2016-05",
            "price": "53.87",
            "revenue": 156964
        },
        "2016-06": {
            "month": "2016-06",
            "price": "55.38",
            "revenue": 127440
        },
        "2016-07": {
            "month": "2016-07",
            "price": "49.88",
            "revenue": 116876
        },
        "2016-08": {
            "month": "2016-08",
            "price": "41.08",
            "revenue": 116345
        },
        "2016-09": {
            "month": "2016-09",
            "price": "37.59",
            "revenue": 174216
        },
        "2016-10": {
            "month": "2016-10",
            "price": "37.45",
            "revenue": 131715
        },
        "2016-11": {
            "month": "2016-11",
            "price": "35.19",
            "revenue": 93366
        },
        "2016-12": {
            "month": "2016-12",
            "price": "34.10",
            "revenue": 111095
        },
        "2017-01": {
            "month": "2017-01",
            "price": "32.80",
            "revenue": 74962
        },
        "2017-02": {
            "month": "2017-02",
            "price": "34.84",
            "revenue": 99555
        },
        "2017-03": {
            "month": "2017-03",
            "price": "40.00",
            "revenue": 105930
        },
        "2017-04": {
            "month": "2017-04",
            "price": "37.06",
            "revenue": 92255
        },
        "2017-05": {
            "month": "2017-05",
            "price": "35.25",
            "revenue": 140484
        },
        "2017-06": {
            "month": "2017-06",
            "price": "34.16",
            "revenue": 168932
        },
        "2017-07": {
            "month": "2017-07",
            "price": "33.16",
            "revenue": 191849
        },
        "2017-08": {
            "month": "2017-08",
            "price": "33.44",
            "revenue": 190036
        },
        "2017-09": {
            "month": "2017-09",
            "price": "35.41",
            "revenue": 145148
        },
        "2017-10": {
            "month": "2017-10",
            "price": "34.48",
            "revenue": 111984
        },
        "2017-11": {
            "month": "2017-11",
            "price": "34.64",
            "revenue": 125226
        },
        "2017-12": {
            "month": "2017-12",
            "price": "32.78",
            "revenue": 118329
        },
        "2018-01": {
            "month": "2018-01",
            "price": "32.28",
            "revenue": 145191
        },
        "2018-02": {
            "month": "2018-02",
            "price": "31.95",
            "revenue": 69885
        },
        "2018-03": {
            "month": "2018-03",
            "price": "32.03",
            "revenue": 134532
        },
        "2018-04": {
            "month": "2018-04",
            "price": "32.14",
            "revenue": 105802
        },
        "2018-05": {
            "month": "2018-05",
            "price": "32.45",
            "revenue": 145692
        },
        "2018-06": {
            "month": "2018-06",
            "price": "32.03",
            "revenue": 181172
        },
        "2018-07": {
            "month": "2018-07",
            "price": "31.50",
            "revenue": 196966
        },
        "2018-08": {
            "month": "2018-08",
            "price": "31.13",
            "revenue": 160080
        },
        "2018-09": {
            "month": "2018-09",
            "price": "29.76",
            "revenue": 97765
        },
        "2018-10": {
            "month": "2018-10",
            "price": "28.64",
            "revenue": 80535
        },
        "2018-11": {
            "month": "2018-11",
            "price": "24.76",
            "revenue": 107130
        },
        "2018-12": {
            "month": "2018-12",
            "price": "31.38",
            "revenue": 61150
        },
        "2019-01": {
            "month": "2019-01",
            "price": "32.14",
            "revenue": 88159
        },
        "2019-02": {
            "month": "2019-02",
            "price": "32.03",
            "revenue": 60823
        },
        "2019-03": {
            "month": "2019-03",
            "price": "34.56",
            "revenue": 145519
        },
        "2019-04": {
            "month": "2019-04",
            "price": "42.08",
            "revenue": 147160
        },
        "2019-05": {
            "month": "2019-05",
            "price": "42.67",
            "revenue": 96000
        },
        "2019-06": {
            "month": "2019-06",
            "price": "42.43",
            "revenue": 227578
        },
        "2019-07": {
            "month": "2019-07",
            "price": "46.76",
            "revenue": 125631
        },
        "2019-08": {
            "month": "2019-08",
            "price": "49.60",
            "revenue": 122791
        },
        "2019-09": {
            "month": "2019-09",
            "price": "56.32",
            "revenue": 135738
        },
        "2019-10": {
            "month": "2019-10",
            "price": "56.22",
            "revenue": 95925
        },
        "2019-11": {
            "month": "2019-11",
            "price": "61.12",
            "revenue": 100516
        },
        "2019-12": {
            "month": "2019-12",
            "price": "68.06",
            "revenue": 92038
        },
        "2020-01": {
            "month": "2020-01",
            "price": "65.19",
            "revenue": 85730
        },
        "2020-02": {
            "month": "2020-02",
            "price": "52.99",
            "revenue": 33227
        },
        "2020-03": {
            "month": "2020-03",
            "price": "43.63",
            "revenue": 104732
        },
        "2020-04": {
            "month": "2020-04",
            "price": "43.75",
            "revenue": 77022
        },
        "2020-05": {
            "month": "2020-05",
            "price": "49.92",
            "revenue": 154239
        },
        "2020-06": {
            "month": "2020-06",
            "price": "52.56",
            "revenue": 106510
        },
        "2020-07": {
            "month": "2020-07",
            "price": "52.43",
            "revenue": 134279
        },
        "2020-08": {
            "month": "2020-08",
            "price": "53.10",
            "revenue": 74389
        },
        "2020-09": {
            "month": "2020-09",
            "price": "49.58",
            "revenue": 81386
        },
        "2020-10": {
            "month": "2020-10",
            "price": "50.00",
            "revenue": 51037
        },
        "2020-11": {
            "month": "2020-11",
            "price": "49.06",
            "revenue": 58916
        },
        "2020-12": {
            "month": "2020-12",
            "price": "47.96",
            "revenue": 74123
        },
        "2021-01": {
            "month": "2021-01",
            "price": "46.84",
            "revenue": 55603
        },
        "2021-02": {
            "month": "2021-02",
            "price": "46.13",
            "revenue": 114231
        },
        "2021-03": {
            "month": "2021-03",
            "price": "46.61",
            "revenue": 140729
        },
        "2021-04": {
            "month": "2021-04",
            "price": "47.01",
            "revenue": 91879
        },
        "2021-05": {
            "month": "2021-05",
            "price": "41.64",
            "revenue": 91145
        },
        "2021-06": {
            "month": "2021-06",
            "price": "41.90",
            "revenue": 104405
        },
        "2021-07": {
            "month": "2021-07",
            "price": "39.71",
            "revenue": 174964
        },
        "2021-08": {
            "month": "2021-08",
            "price": "39.09",
            "revenue": 182980
        },
        "2021-09": {
            "month": "2021-09",
            "price": "39.80",
            "revenue": 121135
        },
        "2021-10": {
            "month": "2021-10",
            "price": "40.37",
            "revenue": 109712
        },
        "2021-11": {
            "month": "2021-11",
            "price": "40.85",
            "revenue": 138561
        },
        "2021-12": {
            "month": "2021-12",
            "price": "39.53",
            "revenue": 85477
        },
        "2022-01": {
            "month": "2022-01",
            "price": "39.51",
            "revenue": 179381
        },
        "2022-02": {
            "month": "2022-02",
            "price": "39.07",
            "revenue": 87291
        },
        "2022-03": {
            "month": "2022-03",
            "price": "38.53",
            "revenue": 94739
        },
        "2022-04": {
            "month": "2022-04",
            "price": "37.35",
            "revenue": 216154
        },
        "2022-05": {
            "month": "2022-05",
            "price": "39.03",
            "revenue": 163590
        },
        "2022-06": {
            "month": "2022-06",
            "price": "51.52",
            "revenue": 253246
        },
        "2022-07": {
            "month": "2022-07",
            "price": "66.56",
            "revenue": 182053
        },
        "2022-08": {
            "month": "2022-08",
            "price": "63.66",
            "revenue": 249059
        },
        "2022-09": {
            "month": "2022-09",
            "price": "60.82",
            "revenue": 139280
        },
        "2022-10": {
            "month": "2022-10",
            "price": "51.76",
            "revenue": 111481
        },
        "2022-11": {
            "month": "2022-11",
            "price": "55.49",
            "revenue": 146896
        },
        "2022-12": {
            "month": "2022-12",
            "price": "59.56",
            "revenue": 132408
        },
        "2023-01": {
            "month": "2023-01",
            "price": "57.28",
            "revenue": 97919
        },
        "2023-02": {
            "month": "2023-02",
            "price": "56.99",
            "revenue": 144614
        },
        "2023-03": {
            "month": "2023-03",
            "price": "58.35",
            "revenue": 172221
        },
        "2023-04": {
            "month": "2023-04",
            "price": "61.01",
            "revenue": 90389
        }
    }
}
