{
    "summary": {
        "stock_name": "夠麻吉",
        "stock_id": "8472",
        "category": "數位雲端",
        "main_business": "經營服務業電子商務",
        "website_url": "http://www.gomaji.com/",
        "ceo": "施凱文",
        "pe_ratio": -10,
        "report_year_from": 2013,
        "report_year_to": 2023,
        "age": 11,
        "eps_negative_percentage": 22,
        "eps_growth_avg": {
            "last_all": -24.46,
            "last_2y": -88.45,
            "last_4y": -8.55,
            "last_8y": null,
            "last_12y": null,
            "last_16y": null,
            "last_20y": null,
            "at_2006_last_3y": null,
            "at_2007_last_3y": null,
            "at_2008_last_3y": null,
            "at_2009_last_3y": null,
            "at_2010_last_3y": null,
            "at_2011_last_3y": null,
            "at_2012_last_3y": null,
            "at_2013_last_3y": null,
            "at_2014_last_3y": null,
            "at_2015_last_3y": null,
            "at_2016_last_3y": null,
            "at_2017_last_3y": null,
            "at_2018_last_3y": null,
            "at_2019_last_3y": -9.26,
            "at_2020_last_3y": 6.09,
            "at_2021_last_3y": -5.93,
            "at_2022_last_3y": -8.55,
            "at_2023_last_3y": -44.73,
            "at_2024_last_3y": -44.73,
            "at_2006_last_all": null,
            "at_2007_last_all": null,
            "at_2008_last_all": null,
            "at_2009_last_all": null,
            "at_2010_last_all": null,
            "at_2011_last_all": null,
            "at_2012_last_all": null,
            "at_2013_last_all": null,
            "at_2014_last_all": null,
            "at_2015_last_all": null,
            "at_2016_last_all": null,
            "at_2017_last_all": -23.74,
            "at_2018_last_all": -45.68,
            "at_2019_last_all": -9.26,
            "at_2020_last_all": 1.13,
            "at_2021_last_all": -11.87,
            "at_2022_last_all": -24.46,
            "at_2023_last_all": -24.46,
            "at_2024_last_all": -24.46
        },
        "latest_eps": -2.92,
        "latest_price": 29.3,
        "latest_roe": -13.31,
        "latest_gross_margin": 72.69,
        "latest_equity": 363531,
        "latest_revenue": 116530,
        "latest_gross_profit": 84707,
        "latest_net_income": 1852,
        "latest_debt_ratio": 69.26,
        "latest_current_ratio": 58.8,
        "latest_account_receivable_turnover_ratio": 1.68,
        "latest_inventory_turnover_ratio": 1.35,
        "latest_reinvestment_rate": null,
        "latest_research_to_sale_ratio": 8.03
    },
    "eps_dividends": {
        "2001": {
            "cash": 0,
            "stock": 0,
            "eps": 0
        },
        "2002": {
            "cash": 0,
            "stock": 0,
            "eps": 0
        },
        "2003": {
            "cash": 0,
            "stock": 0,
            "eps": 0
        },
        "2004": {
            "cash": 0,
            "stock": 0,
            "eps": 0
        },
        "2005": {
            "cash": 0,
            "stock": 0,
            "eps": 0
        },
        "2006": {
            "cash": 0,
            "stock": 0,
            "eps": 0
        },
        "2007": {
            "cash": 0,
            "stock": 0,
            "eps": 0
        },
        "2008": {
            "cash": 0,
            "stock": 0,
            "eps": 0
        },
        "2009": {
            "cash": 0,
            "stock": 0,
            "eps": 0
        },
        "2010": {
            "cash": 0,
            "stock": 0,
            "eps": 0
        },
        "2011": {
            "cash": 0,
            "stock": 0,
            "eps": 0
        },
        "2012": {
            "cash": 0,
            "stock": 0,
            "eps": 0
        },
        "2013": {
            "cash": 0,
            "stock": 0,
            "eps": 0
        },
        "2014": {
            "cash": 0,
            "stock": 0,
            "eps": 0
        },
        "2015": {
            "cash": 4.2,
            "stock": 0,
            "eps": 3.8
        },
        "2016": {
            "cash": 3.95,
            "stock": 0,
            "eps": 3.09
        },
        "2017": {
            "cash": 2.77,
            "stock": 0,
            "eps": 2.2
        },
        "2018": {
            "cash": 1,
            "stock": 0,
            "eps": 0.23
        },
        "2019": {
            "cash": 0.5,
            "stock": 0,
            "eps": 1.85
        },
        "2020": {
            "cash": 1.73,
            "stock": 0,
            "eps": 2.64
        },
        "2021": {
            "cash": 2.5,
            "stock": 0,
            "eps": 0.61
        },
        "2022": {
            "cash": 1.5,
            "stock": 0,
            "eps": -4.65
        },
        "2023": {
            "cash": 0,
            "stock": 0,
            "eps": -2.93
        }
    },
    "dividends": {
        "2015-08-14": {
            "cash": 4.2,
            "stock": 0
        },
        "2016-08-03": {
            "cash": 3.95,
            "stock": 0
        },
        "2017-08-16": {
            "cash": 2.77,
            "stock": 0
        },
        "2018-08-17": {
            "cash": 1,
            "stock": 0
        },
        "2019-08-16": {
            "cash": 0.5,
            "stock": 0
        },
        "2020-07-23": {
            "cash": 1.73,
            "stock": 0
        },
        "2021-09-17": {
            "cash": 2.5,
            "stock": 0
        },
        "2022-08-15": {
            "cash": 1.5,
            "stock": 0
        }
    },
    "prices": {
        "200101": "無",
        "200102": "無",
        "200103": "無",
        "200104": "無",
        "200105": "無",
        "200106": "無",
        "200107": "無",
        "200108": "無",
        "200109": "無",
        "200110": "無",
        "200111": "無",
        "200112": "無",
        "200201": "無",
        "200202": "無",
        "200203": "無",
        "200204": "無",
        "200205": "無",
        "200206": "無",
        "200207": "無",
        "200208": "無",
        "200209": "無",
        "200210": "無",
        "200211": "無",
        "200212": "無",
        "200301": "無",
        "200302": "無",
        "200303": "無",
        "200304": "無",
        "200305": "無",
        "200306": "無",
        "200307": "無",
        "200308": "無",
        "200309": "無",
        "200310": "無",
        "200311": "無",
        "200312": "無",
        "200401": "無",
        "200402": "無",
        "200403": "無",
        "200404": "無",
        "200405": "無",
        "200406": "無",
        "200407": "無",
        "200408": "無",
        "200409": "無",
        "200410": "無",
        "200411": "無",
        "200412": "無",
        "200501": "無",
        "200502": "無",
        "200503": "無",
        "200504": "無",
        "200505": "無",
        "200506": "無",
        "200507": "無",
        "200508": "無",
        "200509": "無",
        "200510": "無",
        "200511": "無",
        "200512": "無",
        "200601": "無",
        "200602": "無",
        "200603": "無",
        "200604": "無",
        "200605": "無",
        "200606": "無",
        "200607": "無",
        "200608": "無",
        "200609": "無",
        "200610": "無",
        "200611": "無",
        "200612": "無",
        "200701": "無",
        "200702": "無",
        "200703": "無",
        "200704": "無",
        "200705": "無",
        "200706": "無",
        "200707": "無",
        "200708": "無",
        "200709": "無",
        "200710": "無",
        "200711": "無",
        "200712": "無",
        "200801": "無",
        "200802": "無",
        "200803": "無",
        "200804": "無",
        "200805": "無",
        "200806": "無",
        "200807": "無",
        "200808": "無",
        "200809": "無",
        "200810": "無",
        "200811": "無",
        "200812": "無",
        "200901": "無",
        "200902": "無",
        "200903": "無",
        "200904": "無",
        "200905": "無",
        "200906": "無",
        "200907": "無",
        "200908": "無",
        "200909": "無",
        "200910": "無",
        "200911": "無",
        "200912": "無",
        "201001": "無",
        "201002": "無",
        "201003": "無",
        "201004": "無",
        "201005": "無",
        "201006": "無",
        "201007": "無",
        "201008": "無",
        "201009": "無",
        "201010": "無",
        "201011": "無",
        "201012": "無",
        "201101": "無",
        "201102": "無",
        "201103": "無",
        "201104": "無",
        "201105": "無",
        "201106": "無",
        "201107": "無",
        "201108": "無",
        "201109": "無",
        "201110": "無",
        "201111": "無",
        "201112": "無",
        "201201": "無",
        "201202": "無",
        "201203": "無",
        "201204": "無",
        "201205": "無",
        "201206": "無",
        "201207": "無",
        "201208": "無",
        "201209": "無",
        "201210": "無",
        "201211": "無",
        "201212": "無",
        "201301": "無",
        "201302": "無",
        "201303": "無",
        "201304": "無",
        "201305": "無",
        "201306": "無",
        "201307": "無",
        "201308": "無",
        "201309": "無",
        "201310": "無",
        "201311": "無",
        "201312": "無",
        "201401": "無",
        "201402": "無",
        "201403": "無",
        "201404": "無",
        "201405": "無",
        "201406": "無",
        "201407": "無",
        "201408": "無",
        "201409": "無",
        "201410": "無",
        "201411": "無",
        "201412": "無",
        "201501": "189.66",
        "201502": "179.02",
        "201503": "179.95",
        "201504": "166.40",
        "201505": "161.62",
        "201506": "166.14",
        "201507": "133.43",
        "201508": "107.65",
        "201509": "126.17",
        "201510": "137.65",
        "201511": "134.96",
        "201512": "163.15",
        "201601": "110.09",
        "201602": "109.23",
        "201603": "95.59",
        "201604": "76.80",
        "201605": "66.30",
        "201606": "65.41",
        "201607": "60.68",
        "201608": "60.79",
        "201609": "59.57",
        "201610": "48.10",
        "201611": "42.83",
        "201612": "46.87",
        "201701": "44.60",
        "201702": "42.21",
        "201703": "42.31",
        "201704": "43.58",
        "201705": "41.47",
        "201706": "40.48",
        "201707": "39.52",
        "201708": "38.61",
        "201709": "39.22",
        "201710": "38.43",
        "201711": "38.66",
        "201712": "38.14",
        "201801": "38.00",
        "201802": "32.15",
        "201803": "32.79",
        "201804": "31.71",
        "201805": "30.86",
        "201806": "29.45",
        "201807": "26.67",
        "201808": "27.27",
        "201809": "26.92",
        "201810": "23.23",
        "201811": "20.08",
        "201812": "20.00",
        "201901": "20.85",
        "201902": "21.53",
        "201903": "24.14",
        "201904": "26.50",
        "201905": "27.52",
        "201906": "26.04",
        "201907": "26.45",
        "201908": "29.38",
        "201909": "32.11",
        "201910": "30.54",
        "201911": "27.79",
        "201912": "27.62",
        "202001": "27.55",
        "202002": "26.81",
        "202003": "24.38",
        "202004": "26.51",
        "202005": "29.54",
        "202006": "31.12",
        "202007": "38.62",
        "202008": "38.91",
        "202009": "41.34",
        "202010": "41.22",
        "202011": "44.07",
        "202012": "64.31",
        "202101": "67.84",
        "202102": "66.93",
        "202103": "69.00",
        "202104": "68.42",
        "202105": "65.06",
        "202106": "62.29",
        "202107": "60.36",
        "202108": "60.04",
        "202109": "58.44",
        "202110": "58.46",
        "202111": "53.66",
        "202112": "50.45",
        "202201": "50.22",
        "202202": "47.49",
        "202203": "48.91",
        "202204": "48.31",
        "202205": "44.68",
        "202206": "43.53",
        "202207": "42.80",
        "202208": "42.94",
        "202209": "42.58",
        "202210": "42.07",
        "202211": "43.30",
        "202212": "43.09",
        "202301": "42.86",
        "202302": "42.83",
        "202303": "43.70",
        "202304": "45.77",
        "202305": "39.75",
        "202306": "39.54",
        "202307": "38.36",
        "202308": "34.18",
        "202309": "31.98",
        "202310": "28.92",
        "202311": "29.32",
        "202312": "35.25"
    },
    "quarters": {
        "20011": {
            "year_quarter": 20011,
            "year": 2001,
            "quarter": 1,
            "eps": null,
            "eps_growth_year": null,
            "eps_4q": null,
            "eps_4q_growth_year": null,
            "roe": null,
            "roe_4q": 0,
            "gross_profit": null,
            "gross_margin": null,
            "gross_margin_4q_avg": 0,
            "net_income": null,
            "net_income_4q": null,
            "revenue": null,
            "revenue_4q": null,
            "common_shares": null,
            "book_valuer_per_share": null,
            "book_valuer_per_share_4q_avg": 0,
            "equity": null,
            "current_ratio": null,
            "debt_ratio": null,
            "inventory_turnover_ratio": null,
            "account_receivable_turnover_ratio": null,
            "reinvestment_rate": null,
            "research_to_sale_ratio": null,
            "price_fair": 0,
            "eps_avg_yearly": 0,
            "eps_latest_yearly": 0,
            "eps_growth_yearly": 0
        },
        "20012": {
            "year_quarter": 20012,
            "year": 2001,
            "quarter": 2,
            "eps": null,
            "eps_growth_year": null,
            "eps_4q": null,
            "eps_4q_growth_year": null,
            "roe": null,
            "roe_4q": 0,
            "gross_profit": null,
            "gross_margin": null,
            "gross_margin_4q_avg": 0,
            "net_income": null,
            "net_income_4q": null,
            "revenue": null,
            "revenue_4q": null,
            "common_shares": null,
            "book_valuer_per_share": null,
            "book_valuer_per_share_4q_avg": 0,
            "equity": null,
            "current_ratio": null,
            "debt_ratio": null,
            "inventory_turnover_ratio": null,
            "account_receivable_turnover_ratio": null,
            "reinvestment_rate": null,
            "research_to_sale_ratio": null,
            "price_fair": 0,
            "eps_avg_yearly": 0,
            "eps_latest_yearly": 0,
            "eps_growth_yearly": 0
        },
        "20013": {
            "year_quarter": 20013,
            "year": 2001,
            "quarter": 3,
            "eps": null,
            "eps_growth_year": null,
            "eps_4q": null,
            "eps_4q_growth_year": null,
            "roe": null,
            "roe_4q": 0,
            "gross_profit": null,
            "gross_margin": null,
            "gross_margin_4q_avg": 0,
            "net_income": null,
            "net_income_4q": null,
            "revenue": null,
            "revenue_4q": null,
            "common_shares": null,
            "book_valuer_per_share": null,
            "book_valuer_per_share_4q_avg": 0,
            "equity": null,
            "current_ratio": null,
            "debt_ratio": null,
            "inventory_turnover_ratio": null,
            "account_receivable_turnover_ratio": null,
            "reinvestment_rate": null,
            "research_to_sale_ratio": null,
            "price_fair": 0,
            "eps_avg_yearly": 0,
            "eps_latest_yearly": 0,
            "eps_growth_yearly": 0
        },
        "20014": {
            "year_quarter": 20014,
            "year": 2001,
            "quarter": 4,
            "eps": null,
            "eps_growth_year": null,
            "eps_4q": null,
            "eps_4q_growth_year": null,
            "roe": null,
            "roe_4q": 0,
            "gross_profit": null,
            "gross_margin": null,
            "gross_margin_4q_avg": 0,
            "net_income": null,
            "net_income_4q": null,
            "revenue": null,
            "revenue_4q": null,
            "common_shares": null,
            "book_valuer_per_share": null,
            "book_valuer_per_share_4q_avg": 0,
            "equity": null,
            "current_ratio": null,
            "debt_ratio": null,
            "inventory_turnover_ratio": null,
            "account_receivable_turnover_ratio": null,
            "reinvestment_rate": null,
            "research_to_sale_ratio": null,
            "price_fair": 0,
            "eps_avg_yearly": 0,
            "eps_latest_yearly": 0,
            "eps_growth_yearly": 0
        },
        "20021": {
            "year_quarter": 20021,
            "year": 2002,
            "quarter": 1,
            "eps": null,
            "eps_growth_year": null,
            "eps_4q": null,
            "eps_4q_growth_year": null,
            "roe": null,
            "roe_4q": 0,
            "gross_profit": null,
            "gross_margin": null,
            "gross_margin_4q_avg": 0,
            "net_income": null,
            "net_income_4q": null,
            "revenue": null,
            "revenue_4q": null,
            "common_shares": null,
            "book_valuer_per_share": null,
            "book_valuer_per_share_4q_avg": 0,
            "equity": null,
            "current_ratio": null,
            "debt_ratio": null,
            "inventory_turnover_ratio": null,
            "account_receivable_turnover_ratio": null,
            "reinvestment_rate": null,
            "research_to_sale_ratio": null,
            "price_fair": 0,
            "eps_avg_yearly": 0,
            "eps_latest_yearly": 0,
            "eps_growth_yearly": 0
        },
        "20022": {
            "year_quarter": 20022,
            "year": 2002,
            "quarter": 2,
            "eps": null,
            "eps_growth_year": null,
            "eps_4q": null,
            "eps_4q_growth_year": null,
            "roe": null,
            "roe_4q": 0,
            "gross_profit": null,
            "gross_margin": null,
            "gross_margin_4q_avg": 0,
            "net_income": null,
            "net_income_4q": null,
            "revenue": null,
            "revenue_4q": null,
            "common_shares": null,
            "book_valuer_per_share": null,
            "book_valuer_per_share_4q_avg": 0,
            "equity": null,
            "current_ratio": null,
            "debt_ratio": null,
            "inventory_turnover_ratio": null,
            "account_receivable_turnover_ratio": null,
            "reinvestment_rate": null,
            "research_to_sale_ratio": null,
            "price_fair": 0,
            "eps_avg_yearly": 0,
            "eps_latest_yearly": 0,
            "eps_growth_yearly": 0
        },
        "20023": {
            "year_quarter": 20023,
            "year": 2002,
            "quarter": 3,
            "eps": null,
            "eps_growth_year": null,
            "eps_4q": null,
            "eps_4q_growth_year": null,
            "roe": null,
            "roe_4q": 0,
            "gross_profit": null,
            "gross_margin": null,
            "gross_margin_4q_avg": 0,
            "net_income": null,
            "net_income_4q": null,
            "revenue": null,
            "revenue_4q": null,
            "common_shares": null,
            "book_valuer_per_share": null,
            "book_valuer_per_share_4q_avg": 0,
            "equity": null,
            "current_ratio": null,
            "debt_ratio": null,
            "inventory_turnover_ratio": null,
            "account_receivable_turnover_ratio": null,
            "reinvestment_rate": null,
            "research_to_sale_ratio": null,
            "price_fair": 0,
            "eps_avg_yearly": 0,
            "eps_latest_yearly": 0,
            "eps_growth_yearly": 0
        },
        "20024": {
            "year_quarter": 20024,
            "year": 2002,
            "quarter": 4,
            "eps": null,
            "eps_growth_year": null,
            "eps_4q": null,
            "eps_4q_growth_year": null,
            "roe": null,
            "roe_4q": 0,
            "gross_profit": null,
            "gross_margin": null,
            "gross_margin_4q_avg": 0,
            "net_income": null,
            "net_income_4q": null,
            "revenue": null,
            "revenue_4q": null,
            "common_shares": null,
            "book_valuer_per_share": null,
            "book_valuer_per_share_4q_avg": 0,
            "equity": null,
            "current_ratio": null,
            "debt_ratio": null,
            "inventory_turnover_ratio": null,
            "account_receivable_turnover_ratio": null,
            "reinvestment_rate": null,
            "research_to_sale_ratio": null,
            "price_fair": 0,
            "eps_avg_yearly": 0,
            "eps_latest_yearly": 0,
            "eps_growth_yearly": 0
        },
        "20031": {
            "year_quarter": 20031,
            "year": 2003,
            "quarter": 1,
            "eps": null,
            "eps_growth_year": null,
            "eps_4q": null,
            "eps_4q_growth_year": null,
            "roe": null,
            "roe_4q": 0,
            "gross_profit": null,
            "gross_margin": null,
            "gross_margin_4q_avg": 0,
            "net_income": null,
            "net_income_4q": null,
            "revenue": null,
            "revenue_4q": null,
            "common_shares": null,
            "book_valuer_per_share": null,
            "book_valuer_per_share_4q_avg": 0,
            "equity": null,
            "current_ratio": null,
            "debt_ratio": null,
            "inventory_turnover_ratio": null,
            "account_receivable_turnover_ratio": null,
            "reinvestment_rate": null,
            "research_to_sale_ratio": null,
            "price_fair": 0,
            "eps_avg_yearly": 0,
            "eps_latest_yearly": 0,
            "eps_growth_yearly": 0
        },
        "20032": {
            "year_quarter": 20032,
            "year": 2003,
            "quarter": 2,
            "eps": null,
            "eps_growth_year": null,
            "eps_4q": null,
            "eps_4q_growth_year": null,
            "roe": null,
            "roe_4q": 0,
            "gross_profit": null,
            "gross_margin": null,
            "gross_margin_4q_avg": 0,
            "net_income": null,
            "net_income_4q": null,
            "revenue": null,
            "revenue_4q": null,
            "common_shares": null,
            "book_valuer_per_share": null,
            "book_valuer_per_share_4q_avg": 0,
            "equity": null,
            "current_ratio": null,
            "debt_ratio": null,
            "inventory_turnover_ratio": null,
            "account_receivable_turnover_ratio": null,
            "reinvestment_rate": null,
            "research_to_sale_ratio": null,
            "price_fair": 0,
            "eps_avg_yearly": 0,
            "eps_latest_yearly": 0,
            "eps_growth_yearly": 0
        },
        "20033": {
            "year_quarter": 20033,
            "year": 2003,
            "quarter": 3,
            "eps": null,
            "eps_growth_year": null,
            "eps_4q": null,
            "eps_4q_growth_year": null,
            "roe": null,
            "roe_4q": 0,
            "gross_profit": null,
            "gross_margin": null,
            "gross_margin_4q_avg": 0,
            "net_income": null,
            "net_income_4q": null,
            "revenue": null,
            "revenue_4q": null,
            "common_shares": null,
            "book_valuer_per_share": null,
            "book_valuer_per_share_4q_avg": 0,
            "equity": null,
            "current_ratio": null,
            "debt_ratio": null,
            "inventory_turnover_ratio": null,
            "account_receivable_turnover_ratio": null,
            "reinvestment_rate": null,
            "research_to_sale_ratio": null,
            "price_fair": 0,
            "eps_avg_yearly": 0,
            "eps_latest_yearly": 0,
            "eps_growth_yearly": 0
        },
        "20034": {
            "year_quarter": 20034,
            "year": 2003,
            "quarter": 4,
            "eps": null,
            "eps_growth_year": null,
            "eps_4q": null,
            "eps_4q_growth_year": null,
            "roe": null,
            "roe_4q": 0,
            "gross_profit": null,
            "gross_margin": null,
            "gross_margin_4q_avg": 0,
            "net_income": null,
            "net_income_4q": null,
            "revenue": null,
            "revenue_4q": null,
            "common_shares": null,
            "book_valuer_per_share": null,
            "book_valuer_per_share_4q_avg": 0,
            "equity": null,
            "current_ratio": null,
            "debt_ratio": null,
            "inventory_turnover_ratio": null,
            "account_receivable_turnover_ratio": null,
            "reinvestment_rate": null,
            "research_to_sale_ratio": null,
            "price_fair": 0,
            "eps_avg_yearly": 0,
            "eps_latest_yearly": 0,
            "eps_growth_yearly": 0
        },
        "20041": {
            "year_quarter": 20041,
            "year": 2004,
            "quarter": 1,
            "eps": null,
            "eps_growth_year": null,
            "eps_4q": null,
            "eps_4q_growth_year": null,
            "roe": null,
            "roe_4q": 0,
            "gross_profit": null,
            "gross_margin": null,
            "gross_margin_4q_avg": 0,
            "net_income": null,
            "net_income_4q": null,
            "revenue": null,
            "revenue_4q": null,
            "common_shares": null,
            "book_valuer_per_share": null,
            "book_valuer_per_share_4q_avg": 0,
            "equity": null,
            "current_ratio": null,
            "debt_ratio": null,
            "inventory_turnover_ratio": null,
            "account_receivable_turnover_ratio": null,
            "reinvestment_rate": null,
            "research_to_sale_ratio": null,
            "price_fair": 0,
            "eps_avg_yearly": 0,
            "eps_latest_yearly": 0,
            "eps_growth_yearly": 0
        },
        "20042": {
            "year_quarter": 20042,
            "year": 2004,
            "quarter": 2,
            "eps": null,
            "eps_growth_year": null,
            "eps_4q": null,
            "eps_4q_growth_year": null,
            "roe": null,
            "roe_4q": 0,
            "gross_profit": null,
            "gross_margin": null,
            "gross_margin_4q_avg": 0,
            "net_income": null,
            "net_income_4q": null,
            "revenue": null,
            "revenue_4q": null,
            "common_shares": null,
            "book_valuer_per_share": null,
            "book_valuer_per_share_4q_avg": 0,
            "equity": null,
            "current_ratio": null,
            "debt_ratio": null,
            "inventory_turnover_ratio": null,
            "account_receivable_turnover_ratio": null,
            "reinvestment_rate": null,
            "research_to_sale_ratio": null,
            "price_fair": 0,
            "eps_avg_yearly": 0,
            "eps_latest_yearly": 0,
            "eps_growth_yearly": 0
        },
        "20043": {
            "year_quarter": 20043,
            "year": 2004,
            "quarter": 3,
            "eps": null,
            "eps_growth_year": null,
            "eps_4q": null,
            "eps_4q_growth_year": null,
            "roe": null,
            "roe_4q": 0,
            "gross_profit": null,
            "gross_margin": null,
            "gross_margin_4q_avg": 0,
            "net_income": null,
            "net_income_4q": null,
            "revenue": null,
            "revenue_4q": null,
            "common_shares": null,
            "book_valuer_per_share": null,
            "book_valuer_per_share_4q_avg": 0,
            "equity": null,
            "current_ratio": null,
            "debt_ratio": null,
            "inventory_turnover_ratio": null,
            "account_receivable_turnover_ratio": null,
            "reinvestment_rate": null,
            "research_to_sale_ratio": null,
            "price_fair": 0,
            "eps_avg_yearly": 0,
            "eps_latest_yearly": 0,
            "eps_growth_yearly": 0
        },
        "20044": {
            "year_quarter": 20044,
            "year": 2004,
            "quarter": 4,
            "eps": null,
            "eps_growth_year": null,
            "eps_4q": null,
            "eps_4q_growth_year": null,
            "roe": null,
            "roe_4q": 0,
            "gross_profit": null,
            "gross_margin": null,
            "gross_margin_4q_avg": 0,
            "net_income": null,
            "net_income_4q": null,
            "revenue": null,
            "revenue_4q": null,
            "common_shares": null,
            "book_valuer_per_share": null,
            "book_valuer_per_share_4q_avg": 0,
            "equity": null,
            "current_ratio": null,
            "debt_ratio": null,
            "inventory_turnover_ratio": null,
            "account_receivable_turnover_ratio": null,
            "reinvestment_rate": null,
            "research_to_sale_ratio": null,
            "price_fair": 0,
            "eps_avg_yearly": 0,
            "eps_latest_yearly": 0,
            "eps_growth_yearly": 0
        },
        "20051": {
            "year_quarter": 20051,
            "year": 2005,
            "quarter": 1,
            "eps": null,
            "eps_growth_year": null,
            "eps_4q": null,
            "eps_4q_growth_year": null,
            "roe": null,
            "roe_4q": 0,
            "gross_profit": null,
            "gross_margin": null,
            "gross_margin_4q_avg": 0,
            "net_income": null,
            "net_income_4q": null,
            "revenue": null,
            "revenue_4q": null,
            "common_shares": null,
            "book_valuer_per_share": null,
            "book_valuer_per_share_4q_avg": 0,
            "equity": null,
            "current_ratio": null,
            "debt_ratio": null,
            "inventory_turnover_ratio": null,
            "account_receivable_turnover_ratio": null,
            "reinvestment_rate": null,
            "research_to_sale_ratio": null,
            "price_fair": 0,
            "eps_avg_yearly": 0,
            "eps_latest_yearly": 0,
            "eps_growth_yearly": 0
        },
        "20052": {
            "year_quarter": 20052,
            "year": 2005,
            "quarter": 2,
            "eps": null,
            "eps_growth_year": null,
            "eps_4q": null,
            "eps_4q_growth_year": null,
            "roe": null,
            "roe_4q": 0,
            "gross_profit": null,
            "gross_margin": null,
            "gross_margin_4q_avg": 0,
            "net_income": null,
            "net_income_4q": null,
            "revenue": null,
            "revenue_4q": null,
            "common_shares": null,
            "book_valuer_per_share": null,
            "book_valuer_per_share_4q_avg": 0,
            "equity": null,
            "current_ratio": null,
            "debt_ratio": null,
            "inventory_turnover_ratio": null,
            "account_receivable_turnover_ratio": null,
            "reinvestment_rate": null,
            "research_to_sale_ratio": null,
            "price_fair": 0,
            "eps_avg_yearly": 0,
            "eps_latest_yearly": 0,
            "eps_growth_yearly": 0
        },
        "20053": {
            "year_quarter": 20053,
            "year": 2005,
            "quarter": 3,
            "eps": null,
            "eps_growth_year": null,
            "eps_4q": null,
            "eps_4q_growth_year": null,
            "roe": null,
            "roe_4q": 0,
            "gross_profit": null,
            "gross_margin": null,
            "gross_margin_4q_avg": 0,
            "net_income": null,
            "net_income_4q": null,
            "revenue": null,
            "revenue_4q": null,
            "common_shares": null,
            "book_valuer_per_share": null,
            "book_valuer_per_share_4q_avg": 0,
            "equity": null,
            "current_ratio": null,
            "debt_ratio": null,
            "inventory_turnover_ratio": null,
            "account_receivable_turnover_ratio": null,
            "reinvestment_rate": null,
            "research_to_sale_ratio": null,
            "price_fair": 0,
            "eps_avg_yearly": 0,
            "eps_latest_yearly": 0,
            "eps_growth_yearly": 0
        },
        "20054": {
            "year_quarter": 20054,
            "year": 2005,
            "quarter": 4,
            "eps": null,
            "eps_growth_year": null,
            "eps_4q": null,
            "eps_4q_growth_year": null,
            "roe": null,
            "roe_4q": 0,
            "gross_profit": null,
            "gross_margin": null,
            "gross_margin_4q_avg": 0,
            "net_income": null,
            "net_income_4q": null,
            "revenue": null,
            "revenue_4q": null,
            "common_shares": null,
            "book_valuer_per_share": null,
            "book_valuer_per_share_4q_avg": 0,
            "equity": null,
            "current_ratio": null,
            "debt_ratio": null,
            "inventory_turnover_ratio": null,
            "account_receivable_turnover_ratio": null,
            "reinvestment_rate": null,
            "research_to_sale_ratio": null,
            "price_fair": 0,
            "eps_avg_yearly": 0,
            "eps_latest_yearly": 0,
            "eps_growth_yearly": 0
        },
        "20061": {
            "year_quarter": 20061,
            "year": 2006,
            "quarter": 1,
            "eps": null,
            "eps_growth_year": null,
            "eps_4q": null,
            "eps_4q_growth_year": null,
            "roe": null,
            "roe_4q": 0,
            "gross_profit": null,
            "gross_margin": null,
            "gross_margin_4q_avg": 0,
            "net_income": null,
            "net_income_4q": null,
            "revenue": null,
            "revenue_4q": null,
            "common_shares": null,
            "book_valuer_per_share": null,
            "book_valuer_per_share_4q_avg": 0,
            "equity": null,
            "current_ratio": null,
            "debt_ratio": null,
            "inventory_turnover_ratio": null,
            "account_receivable_turnover_ratio": null,
            "reinvestment_rate": null,
            "research_to_sale_ratio": null,
            "price_fair": 0,
            "eps_avg_yearly": 0,
            "eps_latest_yearly": 0,
            "eps_growth_yearly": 0
        },
        "20062": {
            "year_quarter": 20062,
            "year": 2006,
            "quarter": 2,
            "eps": null,
            "eps_growth_year": null,
            "eps_4q": null,
            "eps_4q_growth_year": null,
            "roe": null,
            "roe_4q": 0,
            "gross_profit": null,
            "gross_margin": null,
            "gross_margin_4q_avg": 0,
            "net_income": null,
            "net_income_4q": null,
            "revenue": null,
            "revenue_4q": null,
            "common_shares": null,
            "book_valuer_per_share": null,
            "book_valuer_per_share_4q_avg": 0,
            "equity": null,
            "current_ratio": null,
            "debt_ratio": null,
            "inventory_turnover_ratio": null,
            "account_receivable_turnover_ratio": null,
            "reinvestment_rate": null,
            "research_to_sale_ratio": null,
            "price_fair": 0,
            "eps_avg_yearly": 0,
            "eps_latest_yearly": 0,
            "eps_growth_yearly": 0
        },
        "20063": {
            "year_quarter": 20063,
            "year": 2006,
            "quarter": 3,
            "eps": null,
            "eps_growth_year": null,
            "eps_4q": null,
            "eps_4q_growth_year": null,
            "roe": null,
            "roe_4q": 0,
            "gross_profit": null,
            "gross_margin": null,
            "gross_margin_4q_avg": 0,
            "net_income": null,
            "net_income_4q": null,
            "revenue": null,
            "revenue_4q": null,
            "common_shares": null,
            "book_valuer_per_share": null,
            "book_valuer_per_share_4q_avg": 0,
            "equity": null,
            "current_ratio": null,
            "debt_ratio": null,
            "inventory_turnover_ratio": null,
            "account_receivable_turnover_ratio": null,
            "reinvestment_rate": null,
            "research_to_sale_ratio": null,
            "price_fair": 0,
            "eps_avg_yearly": 0,
            "eps_latest_yearly": 0,
            "eps_growth_yearly": 0
        },
        "20064": {
            "year_quarter": 20064,
            "year": 2006,
            "quarter": 4,
            "eps": null,
            "eps_growth_year": null,
            "eps_4q": null,
            "eps_4q_growth_year": null,
            "roe": null,
            "roe_4q": 0,
            "gross_profit": null,
            "gross_margin": null,
            "gross_margin_4q_avg": 0,
            "net_income": null,
            "net_income_4q": null,
            "revenue": null,
            "revenue_4q": null,
            "common_shares": null,
            "book_valuer_per_share": null,
            "book_valuer_per_share_4q_avg": 0,
            "equity": null,
            "current_ratio": null,
            "debt_ratio": null,
            "inventory_turnover_ratio": null,
            "account_receivable_turnover_ratio": null,
            "reinvestment_rate": null,
            "research_to_sale_ratio": null,
            "price_fair": 0,
            "eps_avg_yearly": 0,
            "eps_latest_yearly": 0,
            "eps_growth_yearly": 0
        },
        "20071": {
            "year_quarter": 20071,
            "year": 2007,
            "quarter": 1,
            "eps": null,
            "eps_growth_year": null,
            "eps_4q": null,
            "eps_4q_growth_year": null,
            "roe": null,
            "roe_4q": 0,
            "gross_profit": null,
            "gross_margin": null,
            "gross_margin_4q_avg": 0,
            "net_income": null,
            "net_income_4q": null,
            "revenue": null,
            "revenue_4q": null,
            "common_shares": null,
            "book_valuer_per_share": null,
            "book_valuer_per_share_4q_avg": 0,
            "equity": null,
            "current_ratio": null,
            "debt_ratio": null,
            "inventory_turnover_ratio": null,
            "account_receivable_turnover_ratio": null,
            "reinvestment_rate": null,
            "research_to_sale_ratio": null,
            "price_fair": 0,
            "eps_avg_yearly": 0,
            "eps_latest_yearly": 0,
            "eps_growth_yearly": 0
        },
        "20072": {
            "year_quarter": 20072,
            "year": 2007,
            "quarter": 2,
            "eps": null,
            "eps_growth_year": null,
            "eps_4q": null,
            "eps_4q_growth_year": null,
            "roe": null,
            "roe_4q": 0,
            "gross_profit": null,
            "gross_margin": null,
            "gross_margin_4q_avg": 0,
            "net_income": null,
            "net_income_4q": null,
            "revenue": null,
            "revenue_4q": null,
            "common_shares": null,
            "book_valuer_per_share": null,
            "book_valuer_per_share_4q_avg": 0,
            "equity": null,
            "current_ratio": null,
            "debt_ratio": null,
            "inventory_turnover_ratio": null,
            "account_receivable_turnover_ratio": null,
            "reinvestment_rate": null,
            "research_to_sale_ratio": null,
            "price_fair": 0,
            "eps_avg_yearly": 0,
            "eps_latest_yearly": 0,
            "eps_growth_yearly": 0
        },
        "20073": {
            "year_quarter": 20073,
            "year": 2007,
            "quarter": 3,
            "eps": null,
            "eps_growth_year": null,
            "eps_4q": null,
            "eps_4q_growth_year": null,
            "roe": null,
            "roe_4q": 0,
            "gross_profit": null,
            "gross_margin": null,
            "gross_margin_4q_avg": 0,
            "net_income": null,
            "net_income_4q": null,
            "revenue": null,
            "revenue_4q": null,
            "common_shares": null,
            "book_valuer_per_share": null,
            "book_valuer_per_share_4q_avg": 0,
            "equity": null,
            "current_ratio": null,
            "debt_ratio": null,
            "inventory_turnover_ratio": null,
            "account_receivable_turnover_ratio": null,
            "reinvestment_rate": null,
            "research_to_sale_ratio": null,
            "price_fair": 0,
            "eps_avg_yearly": 0,
            "eps_latest_yearly": 0,
            "eps_growth_yearly": 0
        },
        "20074": {
            "year_quarter": 20074,
            "year": 2007,
            "quarter": 4,
            "eps": null,
            "eps_growth_year": null,
            "eps_4q": null,
            "eps_4q_growth_year": null,
            "roe": null,
            "roe_4q": 0,
            "gross_profit": null,
            "gross_margin": null,
            "gross_margin_4q_avg": 0,
            "net_income": null,
            "net_income_4q": null,
            "revenue": null,
            "revenue_4q": null,
            "common_shares": null,
            "book_valuer_per_share": null,
            "book_valuer_per_share_4q_avg": 0,
            "equity": null,
            "current_ratio": null,
            "debt_ratio": null,
            "inventory_turnover_ratio": null,
            "account_receivable_turnover_ratio": null,
            "reinvestment_rate": null,
            "research_to_sale_ratio": null,
            "price_fair": 0,
            "eps_avg_yearly": 0,
            "eps_latest_yearly": 0,
            "eps_growth_yearly": 0
        },
        "20081": {
            "year_quarter": 20081,
            "year": 2008,
            "quarter": 1,
            "eps": null,
            "eps_growth_year": null,
            "eps_4q": null,
            "eps_4q_growth_year": null,
            "roe": null,
            "roe_4q": 0,
            "gross_profit": null,
            "gross_margin": null,
            "gross_margin_4q_avg": 0,
            "net_income": null,
            "net_income_4q": null,
            "revenue": null,
            "revenue_4q": null,
            "common_shares": null,
            "book_valuer_per_share": null,
            "book_valuer_per_share_4q_avg": 0,
            "equity": null,
            "current_ratio": null,
            "debt_ratio": null,
            "inventory_turnover_ratio": null,
            "account_receivable_turnover_ratio": null,
            "reinvestment_rate": null,
            "research_to_sale_ratio": null,
            "price_fair": 0,
            "eps_avg_yearly": 0,
            "eps_latest_yearly": 0,
            "eps_growth_yearly": 0
        },
        "20082": {
            "year_quarter": 20082,
            "year": 2008,
            "quarter": 2,
            "eps": null,
            "eps_growth_year": null,
            "eps_4q": null,
            "eps_4q_growth_year": null,
            "roe": null,
            "roe_4q": 0,
            "gross_profit": null,
            "gross_margin": null,
            "gross_margin_4q_avg": 0,
            "net_income": null,
            "net_income_4q": null,
            "revenue": null,
            "revenue_4q": null,
            "common_shares": null,
            "book_valuer_per_share": null,
            "book_valuer_per_share_4q_avg": 0,
            "equity": null,
            "current_ratio": null,
            "debt_ratio": null,
            "inventory_turnover_ratio": null,
            "account_receivable_turnover_ratio": null,
            "reinvestment_rate": null,
            "research_to_sale_ratio": null,
            "price_fair": 0,
            "eps_avg_yearly": 0,
            "eps_latest_yearly": 0,
            "eps_growth_yearly": 0
        },
        "20083": {
            "year_quarter": 20083,
            "year": 2008,
            "quarter": 3,
            "eps": null,
            "eps_growth_year": null,
            "eps_4q": null,
            "eps_4q_growth_year": null,
            "roe": null,
            "roe_4q": 0,
            "gross_profit": null,
            "gross_margin": null,
            "gross_margin_4q_avg": 0,
            "net_income": null,
            "net_income_4q": null,
            "revenue": null,
            "revenue_4q": null,
            "common_shares": null,
            "book_valuer_per_share": null,
            "book_valuer_per_share_4q_avg": 0,
            "equity": null,
            "current_ratio": null,
            "debt_ratio": null,
            "inventory_turnover_ratio": null,
            "account_receivable_turnover_ratio": null,
            "reinvestment_rate": null,
            "research_to_sale_ratio": null,
            "price_fair": 0,
            "eps_avg_yearly": 0,
            "eps_latest_yearly": 0,
            "eps_growth_yearly": 0
        },
        "20084": {
            "year_quarter": 20084,
            "year": 2008,
            "quarter": 4,
            "eps": null,
            "eps_growth_year": null,
            "eps_4q": null,
            "eps_4q_growth_year": null,
            "roe": null,
            "roe_4q": 0,
            "gross_profit": null,
            "gross_margin": null,
            "gross_margin_4q_avg": 0,
            "net_income": null,
            "net_income_4q": null,
            "revenue": null,
            "revenue_4q": null,
            "common_shares": null,
            "book_valuer_per_share": null,
            "book_valuer_per_share_4q_avg": 0,
            "equity": null,
            "current_ratio": null,
            "debt_ratio": null,
            "inventory_turnover_ratio": null,
            "account_receivable_turnover_ratio": null,
            "reinvestment_rate": null,
            "research_to_sale_ratio": null,
            "price_fair": 0,
            "eps_avg_yearly": 0,
            "eps_latest_yearly": 0,
            "eps_growth_yearly": 0
        },
        "20091": {
            "year_quarter": 20091,
            "year": 2009,
            "quarter": 1,
            "eps": null,
            "eps_growth_year": null,
            "eps_4q": null,
            "eps_4q_growth_year": null,
            "roe": null,
            "roe_4q": 0,
            "gross_profit": null,
            "gross_margin": null,
            "gross_margin_4q_avg": 0,
            "net_income": null,
            "net_income_4q": null,
            "revenue": null,
            "revenue_4q": null,
            "common_shares": null,
            "book_valuer_per_share": null,
            "book_valuer_per_share_4q_avg": 0,
            "equity": null,
            "current_ratio": null,
            "debt_ratio": null,
            "inventory_turnover_ratio": null,
            "account_receivable_turnover_ratio": null,
            "reinvestment_rate": null,
            "research_to_sale_ratio": null,
            "price_fair": 0,
            "eps_avg_yearly": 0,
            "eps_latest_yearly": 0,
            "eps_growth_yearly": 0
        },
        "20092": {
            "year_quarter": 20092,
            "year": 2009,
            "quarter": 2,
            "eps": null,
            "eps_growth_year": null,
            "eps_4q": null,
            "eps_4q_growth_year": null,
            "roe": null,
            "roe_4q": 0,
            "gross_profit": null,
            "gross_margin": null,
            "gross_margin_4q_avg": 0,
            "net_income": null,
            "net_income_4q": null,
            "revenue": null,
            "revenue_4q": null,
            "common_shares": null,
            "book_valuer_per_share": null,
            "book_valuer_per_share_4q_avg": 0,
            "equity": null,
            "current_ratio": null,
            "debt_ratio": null,
            "inventory_turnover_ratio": null,
            "account_receivable_turnover_ratio": null,
            "reinvestment_rate": null,
            "research_to_sale_ratio": null,
            "price_fair": 0,
            "eps_avg_yearly": 0,
            "eps_latest_yearly": 0,
            "eps_growth_yearly": 0
        },
        "20093": {
            "year_quarter": 20093,
            "year": 2009,
            "quarter": 3,
            "eps": null,
            "eps_growth_year": null,
            "eps_4q": null,
            "eps_4q_growth_year": null,
            "roe": null,
            "roe_4q": 0,
            "gross_profit": null,
            "gross_margin": null,
            "gross_margin_4q_avg": 0,
            "net_income": null,
            "net_income_4q": null,
            "revenue": null,
            "revenue_4q": null,
            "common_shares": null,
            "book_valuer_per_share": null,
            "book_valuer_per_share_4q_avg": 0,
            "equity": null,
            "current_ratio": null,
            "debt_ratio": null,
            "inventory_turnover_ratio": null,
            "account_receivable_turnover_ratio": null,
            "reinvestment_rate": null,
            "research_to_sale_ratio": null,
            "price_fair": 0,
            "eps_avg_yearly": 0,
            "eps_latest_yearly": 0,
            "eps_growth_yearly": 0
        },
        "20094": {
            "year_quarter": 20094,
            "year": 2009,
            "quarter": 4,
            "eps": null,
            "eps_growth_year": null,
            "eps_4q": null,
            "eps_4q_growth_year": null,
            "roe": null,
            "roe_4q": 0,
            "gross_profit": null,
            "gross_margin": null,
            "gross_margin_4q_avg": 0,
            "net_income": null,
            "net_income_4q": null,
            "revenue": null,
            "revenue_4q": null,
            "common_shares": null,
            "book_valuer_per_share": null,
            "book_valuer_per_share_4q_avg": 0,
            "equity": null,
            "current_ratio": null,
            "debt_ratio": null,
            "inventory_turnover_ratio": null,
            "account_receivable_turnover_ratio": null,
            "reinvestment_rate": null,
            "research_to_sale_ratio": null,
            "price_fair": 0,
            "eps_avg_yearly": 0,
            "eps_latest_yearly": 0,
            "eps_growth_yearly": 0
        },
        "20101": {
            "year_quarter": 20101,
            "year": 2010,
            "quarter": 1,
            "eps": null,
            "eps_growth_year": null,
            "eps_4q": null,
            "eps_4q_growth_year": null,
            "roe": null,
            "roe_4q": 0,
            "gross_profit": null,
            "gross_margin": null,
            "gross_margin_4q_avg": 0,
            "net_income": null,
            "net_income_4q": null,
            "revenue": null,
            "revenue_4q": null,
            "common_shares": null,
            "book_valuer_per_share": null,
            "book_valuer_per_share_4q_avg": 0,
            "equity": null,
            "current_ratio": null,
            "debt_ratio": null,
            "inventory_turnover_ratio": null,
            "account_receivable_turnover_ratio": null,
            "reinvestment_rate": null,
            "research_to_sale_ratio": null,
            "price_fair": 0,
            "eps_avg_yearly": 0,
            "eps_latest_yearly": 0,
            "eps_growth_yearly": 0
        },
        "20102": {
            "year_quarter": 20102,
            "year": 2010,
            "quarter": 2,
            "eps": null,
            "eps_growth_year": null,
            "eps_4q": null,
            "eps_4q_growth_year": null,
            "roe": null,
            "roe_4q": 0,
            "gross_profit": null,
            "gross_margin": null,
            "gross_margin_4q_avg": 0,
            "net_income": null,
            "net_income_4q": null,
            "revenue": null,
            "revenue_4q": null,
            "common_shares": null,
            "book_valuer_per_share": null,
            "book_valuer_per_share_4q_avg": 0,
            "equity": null,
            "current_ratio": null,
            "debt_ratio": null,
            "inventory_turnover_ratio": null,
            "account_receivable_turnover_ratio": null,
            "reinvestment_rate": null,
            "research_to_sale_ratio": null,
            "price_fair": 0,
            "eps_avg_yearly": 0,
            "eps_latest_yearly": 0,
            "eps_growth_yearly": 0
        },
        "20103": {
            "year_quarter": 20103,
            "year": 2010,
            "quarter": 3,
            "eps": null,
            "eps_growth_year": null,
            "eps_4q": null,
            "eps_4q_growth_year": null,
            "roe": null,
            "roe_4q": 0,
            "gross_profit": null,
            "gross_margin": null,
            "gross_margin_4q_avg": 0,
            "net_income": null,
            "net_income_4q": null,
            "revenue": null,
            "revenue_4q": null,
            "common_shares": null,
            "book_valuer_per_share": null,
            "book_valuer_per_share_4q_avg": 0,
            "equity": null,
            "current_ratio": null,
            "debt_ratio": null,
            "inventory_turnover_ratio": null,
            "account_receivable_turnover_ratio": null,
            "reinvestment_rate": null,
            "research_to_sale_ratio": null,
            "price_fair": 0,
            "eps_avg_yearly": 0,
            "eps_latest_yearly": 0,
            "eps_growth_yearly": 0
        },
        "20104": {
            "year_quarter": 20104,
            "year": 2010,
            "quarter": 4,
            "eps": null,
            "eps_growth_year": null,
            "eps_4q": null,
            "eps_4q_growth_year": null,
            "roe": null,
            "roe_4q": 0,
            "gross_profit": null,
            "gross_margin": null,
            "gross_margin_4q_avg": 0,
            "net_income": null,
            "net_income_4q": null,
            "revenue": null,
            "revenue_4q": null,
            "common_shares": null,
            "book_valuer_per_share": null,
            "book_valuer_per_share_4q_avg": 0,
            "equity": null,
            "current_ratio": null,
            "debt_ratio": null,
            "inventory_turnover_ratio": null,
            "account_receivable_turnover_ratio": null,
            "reinvestment_rate": null,
            "research_to_sale_ratio": null,
            "price_fair": 0,
            "eps_avg_yearly": 0,
            "eps_latest_yearly": 0,
            "eps_growth_yearly": 0
        },
        "20111": {
            "year_quarter": 20111,
            "year": 2011,
            "quarter": 1,
            "eps": null,
            "eps_growth_year": null,
            "eps_4q": null,
            "eps_4q_growth_year": null,
            "roe": null,
            "roe_4q": 0,
            "gross_profit": null,
            "gross_margin": null,
            "gross_margin_4q_avg": 0,
            "net_income": null,
            "net_income_4q": null,
            "revenue": null,
            "revenue_4q": null,
            "common_shares": null,
            "book_valuer_per_share": null,
            "book_valuer_per_share_4q_avg": 0,
            "equity": null,
            "current_ratio": null,
            "debt_ratio": null,
            "inventory_turnover_ratio": null,
            "account_receivable_turnover_ratio": null,
            "reinvestment_rate": null,
            "research_to_sale_ratio": null,
            "price_fair": 0,
            "eps_avg_yearly": 0,
            "eps_latest_yearly": 0,
            "eps_growth_yearly": 0
        },
        "20112": {
            "year_quarter": 20112,
            "year": 2011,
            "quarter": 2,
            "eps": null,
            "eps_growth_year": null,
            "eps_4q": null,
            "eps_4q_growth_year": null,
            "roe": null,
            "roe_4q": 0,
            "gross_profit": null,
            "gross_margin": null,
            "gross_margin_4q_avg": 0,
            "net_income": null,
            "net_income_4q": null,
            "revenue": null,
            "revenue_4q": null,
            "common_shares": null,
            "book_valuer_per_share": null,
            "book_valuer_per_share_4q_avg": 0,
            "equity": null,
            "current_ratio": null,
            "debt_ratio": null,
            "inventory_turnover_ratio": null,
            "account_receivable_turnover_ratio": null,
            "reinvestment_rate": null,
            "research_to_sale_ratio": null,
            "price_fair": 0,
            "eps_avg_yearly": 0,
            "eps_latest_yearly": 0,
            "eps_growth_yearly": 0
        },
        "20113": {
            "year_quarter": 20113,
            "year": 2011,
            "quarter": 3,
            "eps": null,
            "eps_growth_year": null,
            "eps_4q": null,
            "eps_4q_growth_year": null,
            "roe": null,
            "roe_4q": 0,
            "gross_profit": null,
            "gross_margin": null,
            "gross_margin_4q_avg": 0,
            "net_income": null,
            "net_income_4q": null,
            "revenue": null,
            "revenue_4q": null,
            "common_shares": null,
            "book_valuer_per_share": null,
            "book_valuer_per_share_4q_avg": 0,
            "equity": null,
            "current_ratio": null,
            "debt_ratio": null,
            "inventory_turnover_ratio": null,
            "account_receivable_turnover_ratio": null,
            "reinvestment_rate": null,
            "research_to_sale_ratio": null,
            "price_fair": 0,
            "eps_avg_yearly": 0,
            "eps_latest_yearly": 0,
            "eps_growth_yearly": 0
        },
        "20114": {
            "year_quarter": 20114,
            "year": 2011,
            "quarter": 4,
            "eps": null,
            "eps_growth_year": null,
            "eps_4q": null,
            "eps_4q_growth_year": null,
            "roe": null,
            "roe_4q": 0,
            "gross_profit": null,
            "gross_margin": null,
            "gross_margin_4q_avg": 0,
            "net_income": null,
            "net_income_4q": null,
            "revenue": null,
            "revenue_4q": null,
            "common_shares": 30794,
            "book_valuer_per_share": -7.82,
            "book_valuer_per_share_4q_avg": -1.96,
            "equity": -24091,
            "current_ratio": 28.37,
            "debt_ratio": 114.09,
            "inventory_turnover_ratio": null,
            "account_receivable_turnover_ratio": null,
            "reinvestment_rate": null,
            "research_to_sale_ratio": null,
            "price_fair": 0,
            "eps_avg_yearly": 0,
            "eps_latest_yearly": 0,
            "eps_growth_yearly": 0
        },
        "20121": {
            "year_quarter": 20121,
            "year": 2012,
            "quarter": 1,
            "eps": null,
            "eps_growth_year": null,
            "eps_4q": null,
            "eps_4q_growth_year": null,
            "roe": null,
            "roe_4q": 0,
            "gross_profit": null,
            "gross_margin": null,
            "gross_margin_4q_avg": 0,
            "net_income": null,
            "net_income_4q": null,
            "revenue": null,
            "revenue_4q": null,
            "common_shares": null,
            "book_valuer_per_share": null,
            "book_valuer_per_share_4q_avg": -1.96,
            "equity": null,
            "current_ratio": null,
            "debt_ratio": null,
            "inventory_turnover_ratio": null,
            "account_receivable_turnover_ratio": null,
            "reinvestment_rate": null,
            "research_to_sale_ratio": null,
            "price_fair": 0,
            "eps_avg_yearly": 0,
            "eps_latest_yearly": 0,
            "eps_growth_yearly": 0
        },
        "20122": {
            "year_quarter": 20122,
            "year": 2012,
            "quarter": 2,
            "eps": null,
            "eps_growth_year": null,
            "eps_4q": null,
            "eps_4q_growth_year": null,
            "roe": null,
            "roe_4q": 0,
            "gross_profit": null,
            "gross_margin": null,
            "gross_margin_4q_avg": 0,
            "net_income": null,
            "net_income_4q": null,
            "revenue": null,
            "revenue_4q": null,
            "common_shares": null,
            "book_valuer_per_share": null,
            "book_valuer_per_share_4q_avg": -1.96,
            "equity": null,
            "current_ratio": null,
            "debt_ratio": null,
            "inventory_turnover_ratio": null,
            "account_receivable_turnover_ratio": null,
            "reinvestment_rate": null,
            "research_to_sale_ratio": null,
            "price_fair": 0,
            "eps_avg_yearly": 0,
            "eps_latest_yearly": 0,
            "eps_growth_yearly": 0
        },
        "20123": {
            "year_quarter": 20123,
            "year": 2012,
            "quarter": 3,
            "eps": null,
            "eps_growth_year": null,
            "eps_4q": null,
            "eps_4q_growth_year": null,
            "roe": null,
            "roe_4q": 0,
            "gross_profit": null,
            "gross_margin": null,
            "gross_margin_4q_avg": 0,
            "net_income": null,
            "net_income_4q": null,
            "revenue": null,
            "revenue_4q": null,
            "common_shares": null,
            "book_valuer_per_share": null,
            "book_valuer_per_share_4q_avg": -1.96,
            "equity": null,
            "current_ratio": null,
            "debt_ratio": null,
            "inventory_turnover_ratio": null,
            "account_receivable_turnover_ratio": null,
            "reinvestment_rate": null,
            "research_to_sale_ratio": null,
            "price_fair": 0,
            "eps_avg_yearly": 0,
            "eps_latest_yearly": 0,
            "eps_growth_yearly": 0
        },
        "20124": {
            "year_quarter": 20124,
            "year": 2012,
            "quarter": 4,
            "eps": null,
            "eps_growth_year": null,
            "eps_4q": null,
            "eps_4q_growth_year": null,
            "roe": null,
            "roe_4q": 0,
            "gross_profit": null,
            "gross_margin": null,
            "gross_margin_4q_avg": 0,
            "net_income": null,
            "net_income_4q": null,
            "revenue": null,
            "revenue_4q": null,
            "common_shares": 250794,
            "book_valuer_per_share": 6.78,
            "book_valuer_per_share_4q_avg": 1.7,
            "equity": 170123,
            "current_ratio": 113.05,
            "debt_ratio": 71.5,
            "inventory_turnover_ratio": null,
            "account_receivable_turnover_ratio": null,
            "reinvestment_rate": null,
            "research_to_sale_ratio": null,
            "price_fair": 0,
            "eps_avg_yearly": 0,
            "eps_latest_yearly": 0,
            "eps_growth_yearly": 0
        },
        "20131": {
            "year_quarter": 20131,
            "year": 2013,
            "quarter": 1,
            "eps": null,
            "eps_growth_year": null,
            "eps_4q": null,
            "eps_4q_growth_year": null,
            "roe": null,
            "roe_4q": 0,
            "gross_profit": null,
            "gross_margin": null,
            "gross_margin_4q_avg": 0,
            "net_income": null,
            "net_income_4q": null,
            "revenue": null,
            "revenue_4q": null,
            "common_shares": null,
            "book_valuer_per_share": null,
            "book_valuer_per_share_4q_avg": 1.7,
            "equity": null,
            "current_ratio": null,
            "debt_ratio": null,
            "inventory_turnover_ratio": null,
            "account_receivable_turnover_ratio": null,
            "reinvestment_rate": null,
            "research_to_sale_ratio": null,
            "price_fair": 0,
            "eps_avg_yearly": 0,
            "eps_latest_yearly": 0,
            "eps_growth_yearly": 0
        },
        "20132": {
            "year_quarter": 20132,
            "year": 2013,
            "quarter": 2,
            "eps": null,
            "eps_growth_year": null,
            "eps_4q": null,
            "eps_4q_growth_year": null,
            "roe": null,
            "roe_4q": 0,
            "gross_profit": null,
            "gross_margin": null,
            "gross_margin_4q_avg": 0,
            "net_income": null,
            "net_income_4q": null,
            "revenue": null,
            "revenue_4q": null,
            "common_shares": 250794,
            "book_valuer_per_share": null,
            "book_valuer_per_share_4q_avg": 1.7,
            "equity": 188320,
            "current_ratio": null,
            "debt_ratio": null,
            "inventory_turnover_ratio": null,
            "account_receivable_turnover_ratio": null,
            "reinvestment_rate": null,
            "research_to_sale_ratio": null,
            "price_fair": 0,
            "eps_avg_yearly": 0,
            "eps_latest_yearly": 0,
            "eps_growth_yearly": 0
        },
        "20133": {
            "year_quarter": 20133,
            "year": 2013,
            "quarter": 3,
            "eps": null,
            "eps_growth_year": null,
            "eps_4q": null,
            "eps_4q_growth_year": null,
            "roe": null,
            "roe_4q": 0,
            "gross_profit": null,
            "gross_margin": null,
            "gross_margin_4q_avg": 0,
            "net_income": null,
            "net_income_4q": null,
            "revenue": null,
            "revenue_4q": null,
            "common_shares": null,
            "book_valuer_per_share": null,
            "book_valuer_per_share_4q_avg": 1.7,
            "equity": null,
            "current_ratio": null,
            "debt_ratio": null,
            "inventory_turnover_ratio": null,
            "account_receivable_turnover_ratio": null,
            "reinvestment_rate": null,
            "research_to_sale_ratio": null,
            "price_fair": 0,
            "eps_avg_yearly": 0,
            "eps_latest_yearly": 0,
            "eps_growth_yearly": 0
        },
        "20134": {
            "year_quarter": 20134,
            "year": 2013,
            "quarter": 4,
            "eps": null,
            "eps_growth_year": null,
            "eps_4q": null,
            "eps_4q_growth_year": null,
            "roe": null,
            "roe_4q": 0,
            "gross_profit": null,
            "gross_margin": null,
            "gross_margin_4q_avg": 0,
            "net_income": null,
            "net_income_4q": null,
            "revenue": null,
            "revenue_4q": null,
            "common_shares": 169479,
            "book_valuer_per_share": null,
            "book_valuer_per_share_4q_avg": 0,
            "equity": 233819,
            "current_ratio": null,
            "debt_ratio": null,
            "inventory_turnover_ratio": null,
            "account_receivable_turnover_ratio": null,
            "reinvestment_rate": null,
            "research_to_sale_ratio": null,
            "price_fair": 0,
            "eps_avg_yearly": 0,
            "eps_latest_yearly": 0,
            "eps_growth_yearly": 0
        },
        "20141": {
            "year_quarter": 20141,
            "year": 2014,
            "quarter": 1,
            "eps": null,
            "eps_growth_year": null,
            "eps_4q": null,
            "eps_4q_growth_year": null,
            "roe": null,
            "roe_4q": 0,
            "gross_profit": null,
            "gross_margin": null,
            "gross_margin_4q_avg": 0,
            "net_income": null,
            "net_income_4q": null,
            "revenue": null,
            "revenue_4q": null,
            "common_shares": null,
            "book_valuer_per_share": null,
            "book_valuer_per_share_4q_avg": 0,
            "equity": null,
            "current_ratio": null,
            "debt_ratio": null,
            "inventory_turnover_ratio": null,
            "account_receivable_turnover_ratio": null,
            "reinvestment_rate": null,
            "research_to_sale_ratio": null,
            "price_fair": 0,
            "eps_avg_yearly": 0,
            "eps_latest_yearly": 0,
            "eps_growth_yearly": 0
        },
        "20142": {
            "year_quarter": 20142,
            "year": 2014,
            "quarter": 2,
            "eps": null,
            "eps_growth_year": null,
            "eps_4q": null,
            "eps_4q_growth_year": null,
            "roe": null,
            "roe_4q": 0,
            "gross_profit": null,
            "gross_margin": null,
            "gross_margin_4q_avg": 0,
            "net_income": null,
            "net_income_4q": null,
            "revenue": null,
            "revenue_4q": null,
            "common_shares": 169479,
            "book_valuer_per_share": 13.03,
            "book_valuer_per_share_4q_avg": 3.26,
            "equity": 220755,
            "current_ratio": 88.52,
            "debt_ratio": 75.16,
            "inventory_turnover_ratio": null,
            "account_receivable_turnover_ratio": null,
            "reinvestment_rate": null,
            "research_to_sale_ratio": null,
            "price_fair": 0,
            "eps_avg_yearly": 0,
            "eps_latest_yearly": 0,
            "eps_growth_yearly": 0
        },
        "20143": {
            "year_quarter": 20143,
            "year": 2014,
            "quarter": 3,
            "eps": null,
            "eps_growth_year": null,
            "eps_4q": null,
            "eps_4q_growth_year": null,
            "roe": null,
            "roe_4q": 0,
            "gross_profit": 145915,
            "gross_margin": null,
            "gross_margin_4q_avg": 0,
            "net_income": 16183,
            "net_income_4q": null,
            "revenue": 155042,
            "revenue_4q": null,
            "common_shares": 169479,
            "book_valuer_per_share": 16.63,
            "book_valuer_per_share_4q_avg": 7.42,
            "equity": 281878,
            "current_ratio": 100.92,
            "debt_ratio": 69.74,
            "inventory_turnover_ratio": null,
            "account_receivable_turnover_ratio": null,
            "reinvestment_rate": null,
            "research_to_sale_ratio": null,
            "price_fair": 0,
            "eps_avg_yearly": 0,
            "eps_latest_yearly": 0,
            "eps_growth_yearly": 0
        },
        "20144": {
            "year_quarter": 20144,
            "year": 2014,
            "quarter": 4,
            "eps": null,
            "eps_growth_year": null,
            "eps_4q": null,
            "eps_4q_growth_year": null,
            "roe": null,
            "roe_4q": 0,
            "gross_profit": 143143,
            "gross_margin": null,
            "gross_margin_4q_avg": 0,
            "net_income": 22655,
            "net_income_4q": null,
            "revenue": 155012,
            "revenue_4q": null,
            "common_shares": 177979,
            "book_valuer_per_share": 17.47,
            "book_valuer_per_share_4q_avg": 11.78,
            "equity": 310861,
            "current_ratio": 103.9,
            "debt_ratio": 68.28,
            "inventory_turnover_ratio": null,
            "account_receivable_turnover_ratio": null,
            "reinvestment_rate": null,
            "research_to_sale_ratio": null,
            "price_fair": 0,
            "eps_avg_yearly": 0,
            "eps_latest_yearly": 0,
            "eps_growth_yearly": 0
        },
        "20151": {
            "year_quarter": 20151,
            "year": 2015,
            "quarter": 1,
            "eps": null,
            "eps_growth_year": null,
            "eps_4q": null,
            "eps_4q_growth_year": null,
            "roe": null,
            "roe_4q": 0,
            "gross_profit": 141605,
            "gross_margin": null,
            "gross_margin_4q_avg": 0,
            "net_income": 21497,
            "net_income_4q": null,
            "revenue": 151082,
            "revenue_4q": null,
            "common_shares": 177979,
            "book_valuer_per_share": 18.69,
            "book_valuer_per_share_4q_avg": 16.46,
            "equity": 332679,
            "current_ratio": 108.81,
            "debt_ratio": 67.89,
            "inventory_turnover_ratio": null,
            "account_receivable_turnover_ratio": null,
            "reinvestment_rate": null,
            "research_to_sale_ratio": null,
            "price_fair": 0,
            "eps_avg_yearly": 0,
            "eps_latest_yearly": 0,
            "eps_growth_yearly": 0
        },
        "20152": {
            "year_quarter": 20152,
            "year": 2015,
            "quarter": 2,
            "eps": 1.36,
            "eps_growth_year": null,
            "eps_4q": 1.36,
            "eps_4q_growth_year": null,
            "roe": 7.89,
            "roe_4q": 7.89,
            "gross_profit": 146973,
            "gross_margin": 93.54,
            "gross_margin_4q_avg": 23.39,
            "net_income": 24262,
            "net_income_4q": null,
            "revenue": 157128,
            "revenue_4q": null,
            "common_shares": 177979,
            "book_valuer_per_share": 15.87,
            "book_valuer_per_share_4q_avg": 17.17,
            "equity": 282510,
            "current_ratio": 95.9,
            "debt_ratio": 74.08,
            "inventory_turnover_ratio": null,
            "account_receivable_turnover_ratio": 15.11,
            "reinvestment_rate": null,
            "research_to_sale_ratio": null,
            "price_fair": 0,
            "eps_avg_yearly": 0,
            "eps_latest_yearly": 0,
            "eps_growth_yearly": 0
        },
        "20153": {
            "year_quarter": 20153,
            "year": 2015,
            "quarter": 3,
            "eps": 1.53,
            "eps_growth_year": null,
            "eps_4q": 2.89,
            "eps_4q_growth_year": null,
            "roe": 9.19,
            "roe_4q": 17.08,
            "gross_profit": 147553,
            "gross_margin": 93.94,
            "gross_margin_4q_avg": 46.87,
            "net_income": 27214,
            "net_income_4q": null,
            "revenue": 157071,
            "revenue_4q": null,
            "common_shares": 177979,
            "book_valuer_per_share": 17.41,
            "book_valuer_per_share_4q_avg": 17.36,
            "equity": 309902,
            "current_ratio": 107.46,
            "debt_ratio": 69.82,
            "inventory_turnover_ratio": null,
            "account_receivable_turnover_ratio": 8.07,
            "reinvestment_rate": null,
            "research_to_sale_ratio": 2.48,
            "price_fair": 214.2,
            "eps_avg_yearly": 6.12,
            "eps_latest_yearly": 6.12,
            "eps_growth_yearly": 50
        },
        "20154": {
            "year_quarter": 20154,
            "year": 2015,
            "quarter": 4,
            "eps": 0.91,
            "eps_growth_year": null,
            "eps_4q": 3.8,
            "eps_4q_growth_year": null,
            "roe": 5.09,
            "roe_4q": 22.169999999999998,
            "gross_profit": 134058,
            "gross_margin": 92.76,
            "gross_margin_4q_avg": 70.06,
            "net_income": 16205,
            "net_income_4q": null,
            "revenue": 144524,
            "revenue_4q": null,
            "common_shares": 177979,
            "book_valuer_per_share": 18.34,
            "book_valuer_per_share_4q_avg": 17.58,
            "equity": 326381,
            "current_ratio": 108.9,
            "debt_ratio": 68.67,
            "inventory_turnover_ratio": null,
            "account_receivable_turnover_ratio": 8.2,
            "reinvestment_rate": null,
            "research_to_sale_ratio": 3.79,
            "price_fair": 14.64,
            "eps_avg_yearly": 4.88,
            "eps_latest_yearly": 3.64,
            "eps_growth_yearly": -56.05
        },
        "20161": {
            "year_quarter": 20161,
            "year": 2016,
            "quarter": 1,
            "eps": 0.56,
            "eps_growth_year": null,
            "eps_4q": 3.88,
            "eps_4q_growth_year": null,
            "roe": 2.3,
            "roe_4q": 24.47,
            "gross_profit": 130928,
            "gross_margin": 94.25,
            "gross_margin_4q_avg": 93.62,
            "net_income": 11168,
            "net_income_4q": null,
            "revenue": 138920,
            "revenue_4q": null,
            "common_shares": 203118,
            "book_valuer_per_share": 31.81,
            "book_valuer_per_share_4q_avg": 20.86,
            "equity": 646080,
            "current_ratio": 156.85,
            "debt_ratio": 52.25,
            "inventory_turnover_ratio": null,
            "account_receivable_turnover_ratio": 7.65,
            "reinvestment_rate": null,
            "research_to_sale_ratio": 2.66,
            "price_fair": 12,
            "eps_avg_yearly": 4,
            "eps_latest_yearly": 2.24,
            "eps_growth_yearly": -88.65
        },
        "20162": {
            "year_quarter": 20162,
            "year": 2016,
            "quarter": 2,
            "eps": 0.76,
            "eps_growth_year": -44.25,
            "eps_4q": 3.44,
            "eps_4q_growth_year": 152.64,
            "roe": 2.5,
            "roe_4q": 19.08,
            "gross_profit": 132512,
            "gross_margin": 94.05,
            "gross_margin_4q_avg": 93.75,
            "net_income": 15366,
            "net_income_4q": null,
            "revenue": 140889,
            "revenue_4q": null,
            "common_shares": 203118,
            "book_valuer_per_share": 28.62,
            "book_valuer_per_share_4q_avg": 24.05,
            "equity": 581340,
            "current_ratio": 139.99,
            "debt_ratio": 58.11,
            "inventory_turnover_ratio": null,
            "account_receivable_turnover_ratio": 6.15,
            "reinvestment_rate": null,
            "research_to_sale_ratio": 3.8,
            "price_fair": 11.28,
            "eps_avg_yearly": 3.76,
            "eps_latest_yearly": 3.04,
            "eps_growth_yearly": -30.77
        },
        "20163": {
            "year_quarter": 20163,
            "year": 2016,
            "quarter": 3,
            "eps": 0.86,
            "eps_growth_year": -43.79,
            "eps_4q": 2.96,
            "eps_4q_growth_year": 2.44,
            "roe": 2.96,
            "roe_4q": 12.85,
            "gross_profit": 139057,
            "gross_margin": 95.02,
            "gross_margin_4q_avg": 94.02,
            "net_income": 17442,
            "net_income_4q": null,
            "revenue": 146348,
            "revenue_4q": null,
            "common_shares": 203118,
            "book_valuer_per_share": 29.49,
            "book_valuer_per_share_4q_avg": 27.07,
            "equity": 598908,
            "current_ratio": 147.4,
            "debt_ratio": 53.49,
            "inventory_turnover_ratio": null,
            "account_receivable_turnover_ratio": 6.26,
            "reinvestment_rate": null,
            "research_to_sale_ratio": 4.88,
            "price_fair": 11.09,
            "eps_avg_yearly": 3.7,
            "eps_latest_yearly": 3.44,
            "eps_growth_yearly": -14.09
        },
        "20164": {
            "year_quarter": 20164,
            "year": 2016,
            "quarter": 4,
            "eps": 0.91,
            "eps_growth_year": 0.14,
            "eps_4q": 3.08,
            "eps_4q_growth_year": -19.09,
            "roe": 3.04,
            "roe_4q": 10.8,
            "gross_profit": 133971,
            "gross_margin": 95.01,
            "gross_margin_4q_avg": 94.58,
            "net_income": 18519,
            "net_income_4q": null,
            "revenue": 141001,
            "revenue_4q": null,
            "common_shares": 203118,
            "book_valuer_per_share": 30.4,
            "book_valuer_per_share_4q_avg": 30.08,
            "equity": 617552,
            "current_ratio": 153.91,
            "debt_ratio": 53.23,
            "inventory_turnover_ratio": null,
            "account_receivable_turnover_ratio": 6.09,
            "reinvestment_rate": null,
            "research_to_sale_ratio": 7.14,
            "price_fair": 11.06,
            "eps_avg_yearly": 3.69,
            "eps_latest_yearly": 3.64,
            "eps_growth_yearly": -7.87
        },
        "20171": {
            "year_quarter": 20171,
            "year": 2017,
            "quarter": 1,
            "eps": 0.4,
            "eps_growth_year": -28.57,
            "eps_4q": 2.93,
            "eps_4q_growth_year": -24.53,
            "roe": 1.32,
            "roe_4q": 9.82,
            "gross_profit": 125006,
            "gross_margin": 95.83,
            "gross_margin_4q_avg": 94.98,
            "net_income": 8182,
            "net_income_4q": null,
            "revenue": 130442,
            "revenue_4q": null,
            "common_shares": 203118,
            "book_valuer_per_share": 30.81,
            "book_valuer_per_share_4q_avg": 29.83,
            "equity": 625801,
            "current_ratio": 165.72,
            "debt_ratio": 50.76,
            "inventory_turnover_ratio": null,
            "account_receivable_turnover_ratio": 6.11,
            "reinvestment_rate": null,
            "research_to_sale_ratio": 5.8,
            "price_fair": 10.17,
            "eps_avg_yearly": 3.39,
            "eps_latest_yearly": 1.6,
            "eps_growth_yearly": -38.77
        },
        "20172": {
            "year_quarter": 20172,
            "year": 2017,
            "quarter": 2,
            "eps": 0.72,
            "eps_growth_year": -5.26,
            "eps_4q": 2.9,
            "eps_4q_growth_year": -15.93,
            "roe": 2.42,
            "roe_4q": 9.74,
            "gross_profit": 127694,
            "gross_margin": 95.83,
            "gross_margin_4q_avg": 95.42,
            "net_income": 14669,
            "net_income_4q": null,
            "revenue": 133251,
            "revenue_4q": null,
            "common_shares": 203118,
            "book_valuer_per_share": 28.76,
            "book_valuer_per_share_4q_avg": 29.87,
            "equity": 584265,
            "current_ratio": 151.48,
            "debt_ratio": 55.12,
            "inventory_turnover_ratio": null,
            "account_receivable_turnover_ratio": 8.04,
            "reinvestment_rate": null,
            "research_to_sale_ratio": 6.06,
            "price_fair": 53.46,
            "eps_avg_yearly": 3.33,
            "eps_latest_yearly": 2.88,
            "eps_growth_yearly": 6.08
        },
        "20173": {
            "year_quarter": 20173,
            "year": 2017,
            "quarter": 3,
            "eps": 0.74,
            "eps_growth_year": -13.95,
            "eps_4q": 2.78,
            "eps_4q_growth_year": -6.31,
            "roe": 2.54,
            "roe_4q": 9.32,
            "gross_profit": 131639,
            "gross_margin": 95.82,
            "gross_margin_4q_avg": 95.62,
            "net_income": 15015,
            "net_income_4q": null,
            "revenue": 137386,
            "revenue_4q": null,
            "common_shares": 203118,
            "book_valuer_per_share": 29.51,
            "book_valuer_per_share_4q_avg": 29.87,
            "equity": 599338,
            "current_ratio": 162.04,
            "debt_ratio": 51.57,
            "inventory_turnover_ratio": null,
            "account_receivable_turnover_ratio": 8.53,
            "reinvestment_rate": null,
            "research_to_sale_ratio": 5.8,
            "price_fair": 54.65,
            "eps_avg_yearly": 3.28,
            "eps_latest_yearly": 2.96,
            "eps_growth_yearly": 6.64
        },
        "20174": {
            "year_quarter": 20174,
            "year": 2017,
            "quarter": 4,
            "eps": 0.34,
            "eps_growth_year": -63.12,
            "eps_4q": 2.2,
            "eps_4q_growth_year": -28.48,
            "roe": 1.13,
            "roe_4q": 7.41,
            "gross_profit": 128562,
            "gross_margin": 94.2,
            "gross_margin_4q_avg": 95.42,
            "net_income": 6829,
            "net_income_4q": null,
            "revenue": 136477,
            "revenue_4q": null,
            "common_shares": 203118,
            "book_valuer_per_share": 29.85,
            "book_valuer_per_share_4q_avg": 29.73,
            "equity": 606226,
            "current_ratio": 156.21,
            "debt_ratio": 53.12,
            "inventory_turnover_ratio": null,
            "account_receivable_turnover_ratio": 5.13,
            "reinvestment_rate": null,
            "research_to_sale_ratio": 7.92,
            "price_fair": 9.28,
            "eps_avg_yearly": 3.09,
            "eps_latest_yearly": 1.36,
            "eps_growth_yearly": -15.65
        },
        "20181": {
            "year_quarter": 20181,
            "year": 2018,
            "quarter": 1,
            "eps": 0.36,
            "eps_growth_year": -10,
            "eps_4q": 2.16,
            "eps_4q_growth_year": -26.19,
            "roe": 1.22,
            "roe_4q": 7.31,
            "gross_profit": 105866,
            "gross_margin": 93.62,
            "gross_margin_4q_avg": 94.87,
            "net_income": 7411,
            "net_income_4q": null,
            "revenue": 113085,
            "revenue_4q": null,
            "common_shares": 203118,
            "book_valuer_per_share": 30.21,
            "book_valuer_per_share_4q_avg": 29.58,
            "equity": 613637,
            "current_ratio": 168.24,
            "debt_ratio": 50.76,
            "inventory_turnover_ratio": null,
            "account_receivable_turnover_ratio": 3.32,
            "reinvestment_rate": null,
            "research_to_sale_ratio": 7.46,
            "price_fair": 8.83,
            "eps_avg_yearly": 2.94,
            "eps_latest_yearly": 1.44,
            "eps_growth_yearly": -12.09
        },
        "20182": {
            "year_quarter": 20182,
            "year": 2018,
            "quarter": 2,
            "eps": -0.19,
            "eps_growth_year": -126.39,
            "eps_4q": 1.25,
            "eps_4q_growth_year": -56.94,
            "roe": -0.65,
            "roe_4q": 4.24,
            "gross_profit": 93610,
            "gross_margin": 92.84,
            "gross_margin_4q_avg": 94.12,
            "net_income": -3933,
            "net_income_4q": null,
            "revenue": 100826,
            "revenue_4q": null,
            "common_shares": 203118,
            "book_valuer_per_share": 29.02,
            "book_valuer_per_share_4q_avg": 29.65,
            "equity": 589392,
            "current_ratio": 161.67,
            "debt_ratio": 50.88,
            "inventory_turnover_ratio": null,
            "account_receivable_turnover_ratio": 2.92,
            "reinvestment_rate": -115.85,
            "research_to_sale_ratio": 6.58,
            "price_fair": 8.83,
            "eps_avg_yearly": 2.94,
            "eps_latest_yearly": 1.44,
            "eps_growth_yearly": -12.09
        },
        "20183": {
            "year_quarter": 20183,
            "year": 2018,
            "quarter": 3,
            "eps": -0.26,
            "eps_growth_year": -135.14,
            "eps_4q": 0.25,
            "eps_4q_growth_year": -91.17,
            "roe": -0.91,
            "roe_4q": 0.7899999999999998,
            "gross_profit": 102452,
            "gross_margin": 94.26,
            "gross_margin_4q_avg": 93.73,
            "net_income": -5327,
            "net_income_4q": null,
            "revenue": 108695,
            "revenue_4q": null,
            "common_shares": 203118,
            "book_valuer_per_share": 28.75,
            "book_valuer_per_share_4q_avg": 29.46,
            "equity": 584065,
            "current_ratio": 165.54,
            "debt_ratio": 49.8,
            "inventory_turnover_ratio": null,
            "account_receivable_turnover_ratio": 2.65,
            "reinvestment_rate": -0.4,
            "research_to_sale_ratio": 5.79,
            "price_fair": 8.83,
            "eps_avg_yearly": 2.94,
            "eps_latest_yearly": 1.44,
            "eps_growth_yearly": -12.09
        },
        "20184": {
            "year_quarter": 20184,
            "year": 2018,
            "quarter": 4,
            "eps": 0.32,
            "eps_growth_year": -3.34,
            "eps_4q": 0.23,
            "eps_4q_growth_year": -89.37,
            "roe": 1.12,
            "roe_4q": 0.78,
            "gross_profit": 109004,
            "gross_margin": 94.43,
            "gross_margin_4q_avg": 93.79,
            "net_income": 6601,
            "net_income_4q": null,
            "revenue": 115432,
            "revenue_4q": null,
            "common_shares": 203118,
            "book_valuer_per_share": 29.08,
            "book_valuer_per_share_4q_avg": 29.27,
            "equity": 590666,
            "current_ratio": 159.9,
            "debt_ratio": 51.38,
            "inventory_turnover_ratio": null,
            "account_receivable_turnover_ratio": 2.46,
            "reinvestment_rate": -132.34,
            "research_to_sale_ratio": 5.68,
            "price_fair": 8.83,
            "eps_avg_yearly": 2.94,
            "eps_latest_yearly": 1.44,
            "eps_growth_yearly": -12.09
        },
        "20191": {
            "year_quarter": 20191,
            "year": 2019,
            "quarter": 1,
            "eps": 0.44,
            "eps_growth_year": 22.22,
            "eps_4q": 0.31,
            "eps_4q_growth_year": -85.75,
            "roe": 1.5,
            "roe_4q": 1.06,
            "gross_profit": 103103,
            "gross_margin": 94.94,
            "gross_margin_4q_avg": 94.12,
            "net_income": 8912,
            "net_income_4q": null,
            "revenue": 108602,
            "revenue_4q": null,
            "common_shares": 203118,
            "book_valuer_per_share": 29.52,
            "book_valuer_per_share_4q_avg": 29.09,
            "equity": 599207,
            "current_ratio": 164.62,
            "debt_ratio": 49.58,
            "inventory_turnover_ratio": null,
            "account_receivable_turnover_ratio": 2.21,
            "reinvestment_rate": -5.12,
            "research_to_sale_ratio": 4.16,
            "price_fair": 32.47,
            "eps_avg_yearly": 2.84,
            "eps_latest_yearly": 1.76,
            "eps_growth_yearly": 1.42
        },
        "20192": {
            "year_quarter": 20192,
            "year": 2019,
            "quarter": 2,
            "eps": 0.45,
            "eps_growth_year": null,
            "eps_4q": 1.02,
            "eps_4q_growth_year": -17.93,
            "roe": 1.5,
            "roe_4q": 3.21,
            "gross_profit": 105448,
            "gross_margin": 94.45,
            "gross_margin_4q_avg": 94.52,
            "net_income": 8577,
            "net_income_4q": null,
            "revenue": 111643,
            "revenue_4q": null,
            "common_shares": 203118,
            "book_valuer_per_share": 29.59,
            "book_valuer_per_share_4q_avg": 29.24,
            "equity": 542574,
            "current_ratio": 151.53,
            "debt_ratio": 53.7,
            "inventory_turnover_ratio": null,
            "account_receivable_turnover_ratio": 2.35,
            "reinvestment_rate": -171.82,
            "research_to_sale_ratio": 3.57,
            "price_fair": 33.19,
            "eps_avg_yearly": 2.76,
            "eps_latest_yearly": 1.8,
            "eps_growth_yearly": 2.01
        },
        "20193": {
            "year_quarter": 20193,
            "year": 2019,
            "quarter": 3,
            "eps": 0.49,
            "eps_growth_year": null,
            "eps_4q": 1.8,
            "eps_4q_growth_year": 634.16,
            "roe": 1.63,
            "roe_4q": 5.75,
            "gross_profit": 106248,
            "gross_margin": 94.45,
            "gross_margin_4q_avg": 94.57,
            "net_income": 8920,
            "net_income_4q": null,
            "revenue": 112486,
            "revenue_4q": null,
            "common_shares": 183388,
            "book_valuer_per_share": 30.07,
            "book_valuer_per_share_4q_avg": 29.57,
            "equity": 551494,
            "current_ratio": 157.67,
            "debt_ratio": 51.71,
            "inventory_turnover_ratio": null,
            "account_receivable_turnover_ratio": 2.48,
            "reinvestment_rate": -155.46,
            "research_to_sale_ratio": 4.27,
            "price_fair": 24.43,
            "eps_avg_yearly": 2.44,
            "eps_latest_yearly": 1.96,
            "eps_growth_yearly": 0.9
        },
        "20194": {
            "year_quarter": 20194,
            "year": 2019,
            "quarter": 4,
            "eps": 0.47,
            "eps_growth_year": 45.91,
            "eps_4q": 1.91,
            "eps_4q_growth_year": 718.22,
            "roe": 1.56,
            "roe_4q": 6.1899999999999995,
            "gross_profit": 104011,
            "gross_margin": 92.85,
            "gross_margin_4q_avg": 94.17,
            "net_income": 8696,
            "net_income_4q": null,
            "revenue": 112019,
            "revenue_4q": null,
            "common_shares": 183388,
            "book_valuer_per_share": 30.55,
            "book_valuer_per_share_4q_avg": 29.93,
            "equity": 560189,
            "current_ratio": 153.53,
            "debt_ratio": 52.22,
            "inventory_turnover_ratio": null,
            "account_receivable_turnover_ratio": 2.91,
            "reinvestment_rate": -169.26,
            "research_to_sale_ratio": 7.38,
            "price_fair": 51.03,
            "eps_avg_yearly": 2.31,
            "eps_latest_yearly": 1.88,
            "eps_growth_yearly": 12.11
        },
        "20201": {
            "year_quarter": 20201,
            "year": 2020,
            "quarter": 1,
            "eps": 0.09,
            "eps_growth_year": -79.55,
            "eps_4q": 1.51,
            "eps_4q_growth_year": 391.67,
            "roe": 0.28,
            "roe_4q": 4.97,
            "gross_profit": 79795,
            "gross_margin": 92.84,
            "gross_margin_4q_avg": 93.65,
            "net_income": 1584,
            "net_income_4q": null,
            "revenue": 85953,
            "revenue_4q": null,
            "common_shares": 183388,
            "book_valuer_per_share": 30.63,
            "book_valuer_per_share_4q_avg": 30.21,
            "equity": 561773,
            "current_ratio": 166.73,
            "debt_ratio": 48.8,
            "inventory_turnover_ratio": null,
            "account_receivable_turnover_ratio": 3.08,
            "reinvestment_rate": -170.64,
            "research_to_sale_ratio": 6.37,
            "price_fair": 6.49,
            "eps_avg_yearly": 2.16,
            "eps_latest_yearly": 0.36,
            "eps_growth_yearly": -0.93
        },
        "20202": {
            "year_quarter": 20202,
            "year": 2020,
            "quarter": 2,
            "eps": 0.8,
            "eps_growth_year": 77.78,
            "eps_4q": 1.9,
            "eps_4q_growth_year": 85.38,
            "roe": 2.65,
            "roe_4q": 6.12,
            "gross_profit": 101034,
            "gross_margin": 94.42,
            "gross_margin_4q_avg": 93.64,
            "net_income": 14440,
            "net_income_4q": null,
            "revenue": 107003,
            "revenue_4q": null,
            "common_shares": 183388,
            "book_valuer_per_share": 29.72,
            "book_valuer_per_share_4q_avg": 30.24,
            "equity": 527068,
            "current_ratio": 141.48,
            "debt_ratio": 55.6,
            "inventory_turnover_ratio": null,
            "account_receivable_turnover_ratio": 3.19,
            "reinvestment_rate": -181.74,
            "research_to_sale_ratio": 5.26,
            "price_fair": 76.14,
            "eps_avg_yearly": 2.18,
            "eps_latest_yearly": 3.2,
            "eps_growth_yearly": 230.82
        },
        "20203": {
            "year_quarter": 20203,
            "year": 2020,
            "quarter": 3,
            "eps": 0.9,
            "eps_growth_year": 83.67,
            "eps_4q": 2.29,
            "eps_4q_growth_year": 27.34,
            "roe": 2.98,
            "roe_4q": 7.470000000000001,
            "gross_profit": 104688,
            "gross_margin": 94.66,
            "gross_margin_4q_avg": 93.69,
            "net_income": 15932,
            "net_income_4q": null,
            "revenue": 110592,
            "revenue_4q": null,
            "common_shares": 177358,
            "book_valuer_per_share": 30.62,
            "book_valuer_per_share_4q_avg": 30.38,
            "equity": 543000,
            "current_ratio": 150.86,
            "debt_ratio": 52.08,
            "inventory_turnover_ratio": null,
            "account_receivable_turnover_ratio": 2.51,
            "reinvestment_rate": -195.1,
            "research_to_sale_ratio": 4.8,
            "price_fair": 76.57,
            "eps_avg_yearly": 2.19,
            "eps_latest_yearly": 3.6,
            "eps_growth_yearly": 230.61
        },
        "20204": {
            "year_quarter": 20204,
            "year": 2020,
            "quarter": 4,
            "eps": 0.85,
            "eps_growth_year": 78.29,
            "eps_4q": 2.65,
            "eps_4q_growth_year": 38.29,
            "roe": 2.72,
            "roe_4q": 8.629999999999999,
            "gross_profit": 103662,
            "gross_margin": 93.5,
            "gross_margin_4q_avg": 93.86,
            "net_income": 14994,
            "net_income_4q": null,
            "revenue": 110872,
            "revenue_4q": null,
            "common_shares": 177358,
            "book_valuer_per_share": 31.46,
            "book_valuer_per_share_4q_avg": 30.61,
            "equity": 557994,
            "current_ratio": 150.53,
            "debt_ratio": 51.96,
            "inventory_turnover_ratio": null,
            "account_receivable_turnover_ratio": 2.67,
            "reinvestment_rate": -174.87,
            "research_to_sale_ratio": 7.65,
            "price_fair": 75.92,
            "eps_avg_yearly": 2.17,
            "eps_latest_yearly": 3.4,
            "eps_growth_yearly": 227.12
        },
        "20211": {
            "year_quarter": 20211,
            "year": 2021,
            "quarter": 1,
            "eps": 0.72,
            "eps_growth_year": 700,
            "eps_4q": 3.28,
            "eps_4q_growth_year": 116.33,
            "roe": 2.26,
            "roe_4q": 10.610000000000001,
            "gross_profit": 94226,
            "gross_margin": 94.82,
            "gross_margin_4q_avg": 94.35,
            "net_income": 12748,
            "net_income_4q": null,
            "revenue": 99373,
            "revenue_4q": null,
            "common_shares": 177358,
            "book_valuer_per_share": 32.18,
            "book_valuer_per_share_4q_avg": 31,
            "equity": 570742,
            "current_ratio": 156.65,
            "debt_ratio": 50.65,
            "inventory_turnover_ratio": null,
            "account_receivable_turnover_ratio": 2.86,
            "reinvestment_rate": -143.48,
            "research_to_sale_ratio": 7.65,
            "price_fair": 79.37,
            "eps_avg_yearly": 2.27,
            "eps_latest_yearly": 2.88,
            "eps_growth_yearly": 239.65
        },
        "20212": {
            "year_quarter": 20212,
            "year": 2021,
            "quarter": 2,
            "eps": 0.38,
            "eps_growth_year": -52.5,
            "eps_4q": 2.84,
            "eps_4q_growth_year": 49.77,
            "roe": 1.22,
            "roe_4q": 9.18,
            "gross_profit": 60513,
            "gross_margin": 92.06,
            "gross_margin_4q_avg": 93.76,
            "net_income": 6707,
            "net_income_4q": null,
            "revenue": 65732,
            "revenue_4q": null,
            "common_shares": 177358,
            "book_valuer_per_share": 30.06,
            "book_valuer_per_share_4q_avg": 31.08,
            "equity": 533110,
            "current_ratio": 153.3,
            "debt_ratio": 48.88,
            "inventory_turnover_ratio": null,
            "account_receivable_turnover_ratio": 2.91,
            "reinvestment_rate": -162.67,
            "research_to_sale_ratio": 8.92,
            "price_fair": 75.71,
            "eps_avg_yearly": 2.16,
            "eps_latest_yearly": 1.52,
            "eps_growth_yearly": 200.51
        },
        "20213": {
            "year_quarter": 20213,
            "year": 2021,
            "quarter": 3,
            "eps": -0.69,
            "eps_growth_year": -176.67,
            "eps_4q": 1.25,
            "eps_4q_growth_year": -45.54,
            "roe": -2.34,
            "roe_4q": 3.8600000000000003,
            "gross_profit": 44161,
            "gross_margin": 88.68,
            "gross_margin_4q_avg": 92.27,
            "net_income": -12310,
            "net_income_4q": null,
            "revenue": 49796,
            "revenue_4q": null,
            "common_shares": 177358,
            "book_valuer_per_share": 29.36,
            "book_valuer_per_share_4q_avg": 30.77,
            "equity": 520800,
            "current_ratio": 168.69,
            "debt_ratio": 47.39,
            "inventory_turnover_ratio": null,
            "account_receivable_turnover_ratio": 2.97,
            "reinvestment_rate": -196.97,
            "research_to_sale_ratio": 13.1,
            "price_fair": 73.38,
            "eps_avg_yearly": 2.1,
            "eps_latest_yearly": 1.52,
            "eps_growth_yearly": 216.29
        },
        "20214": {
            "year_quarter": 20214,
            "year": 2021,
            "quarter": 4,
            "eps": 0.2,
            "eps_growth_year": -75.8,
            "eps_4q": 0.61,
            "eps_4q_growth_year": -77.05,
            "roe": 0.69,
            "roe_4q": 1.8299999999999998,
            "gross_profit": 84602,
            "gross_margin": 93.69,
            "gross_margin_4q_avg": 92.31,
            "net_income": 3628,
            "net_income_4q": null,
            "revenue": 90296,
            "revenue_4q": null,
            "common_shares": 177358,
            "book_valuer_per_share": 29.57,
            "book_valuer_per_share_4q_avg": 30.29,
            "equity": 524428,
            "current_ratio": 158.9,
            "debt_ratio": 49.85,
            "inventory_turnover_ratio": null,
            "account_receivable_turnover_ratio": 3.65,
            "reinvestment_rate": -220.69,
            "research_to_sale_ratio": 10.26,
            "price_fair": 75.73,
            "eps_avg_yearly": 2.16,
            "eps_latest_yearly": 1.52,
            "eps_growth_yearly": 255.61
        },
        "20221": {
            "year_quarter": 20221,
            "year": 2022,
            "quarter": 1,
            "eps": -0.91,
            "eps_growth_year": -226.39,
            "eps_4q": -1.03,
            "eps_4q_growth_year": -131.3,
            "roe": -3.14,
            "roe_4q": -3.5700000000000003,
            "gross_profit": 66262,
            "gross_margin": 92.77,
            "gross_margin_4q_avg": 91.8,
            "net_income": -16213,
            "net_income_4q": null,
            "revenue": 71427,
            "revenue_4q": null,
            "common_shares": 177358,
            "book_valuer_per_share": 28.65,
            "book_valuer_per_share_4q_avg": 29.41,
            "equity": 508215,
            "current_ratio": 146.85,
            "debt_ratio": 51.95,
            "inventory_turnover_ratio": null,
            "account_receivable_turnover_ratio": 2.5,
            "reinvestment_rate": 141.85,
            "research_to_sale_ratio": 10.35,
            "price_fair": 78.26,
            "eps_avg_yearly": 2.24,
            "eps_latest_yearly": 1.52,
            "eps_growth_yearly": 278.82
        },
        "20222": {
            "year_quarter": 20222,
            "year": 2022,
            "quarter": 2,
            "eps": -2.26,
            "eps_growth_year": -694.74,
            "eps_4q": -3.67,
            "eps_4q_growth_year": -229.14,
            "roe": -8.46,
            "roe_4q": -13.250000000000002,
            "gross_profit": 56954,
            "gross_margin": 90.79,
            "gross_margin_4q_avg": 91.48,
            "net_income": -40169,
            "net_income_4q": null,
            "revenue": 62732,
            "revenue_4q": null,
            "common_shares": 177358,
            "book_valuer_per_share": 24.89,
            "book_valuer_per_share_4q_avg": 28.12,
            "equity": 441442,
            "current_ratio": 107.91,
            "debt_ratio": 56.31,
            "inventory_turnover_ratio": null,
            "account_receivable_turnover_ratio": 2.64,
            "reinvestment_rate": 280.6,
            "research_to_sale_ratio": 11.48,
            "price_fair": 78.26,
            "eps_avg_yearly": 2.24,
            "eps_latest_yearly": 1.52,
            "eps_growth_yearly": 278.82
        },
        "20223": {
            "year_quarter": 20223,
            "year": 2022,
            "quarter": 3,
            "eps": -1.33,
            "eps_growth_year": null,
            "eps_4q": -4.3,
            "eps_4q_growth_year": -444.79,
            "roe": -5.49,
            "roe_4q": -16.4,
            "gross_profit": 69978,
            "gross_margin": 82.68,
            "gross_margin_4q_avg": 89.98,
            "net_income": -23578,
            "net_income_4q": null,
            "revenue": 84639,
            "revenue_4q": null,
            "common_shares": 177358,
            "book_valuer_per_share": 23.57,
            "book_valuer_per_share_4q_avg": 26.67,
            "equity": 418077,
            "current_ratio": 69.65,
            "debt_ratio": 60.77,
            "inventory_turnover_ratio": 236.47,
            "account_receivable_turnover_ratio": 3.5,
            "reinvestment_rate": 1175.12,
            "research_to_sale_ratio": 7.81,
            "price_fair": 78.26,
            "eps_avg_yearly": 2.24,
            "eps_latest_yearly": 1.52,
            "eps_growth_yearly": 278.82
        },
        "20224": {
            "year_quarter": 20224,
            "year": 2022,
            "quarter": 4,
            "eps": -0.15,
            "eps_growth_year": -174.94,
            "eps_4q": -4.66,
            "eps_4q_growth_year": -867.46,
            "roe": -0.65,
            "roe_4q": -17.740000000000002,
            "gross_profit": 84862,
            "gross_margin": 81.81,
            "gross_margin_4q_avg": 87.01,
            "net_income": -2719,
            "net_income_4q": null,
            "revenue": 103731,
            "revenue_4q": null,
            "common_shares": 177358,
            "book_valuer_per_share": 23.42,
            "book_valuer_per_share_4q_avg": 25.13,
            "equity": 415358,
            "current_ratio": 71.59,
            "debt_ratio": 65.72,
            "inventory_turnover_ratio": 2.06,
            "account_receivable_turnover_ratio": 3.24,
            "reinvestment_rate": 2258.95,
            "research_to_sale_ratio": 8.03,
            "price_fair": 78.26,
            "eps_avg_yearly": 2.24,
            "eps_latest_yearly": 1.52,
            "eps_growth_yearly": 278.82
        },
        "20231": {
            "year_quarter": 20231,
            "year": 2023,
            "quarter": 1,
            "eps": -0.24,
            "eps_growth_year": null,
            "eps_4q": -3.99,
            "eps_4q_growth_year": null,
            "roe": -1.02,
            "roe_4q": -15.620000000000001,
            "gross_profit": 65454,
            "gross_margin": 76.79,
            "gross_margin_4q_avg": 83.02,
            "net_income": -4233,
            "net_income_4q": null,
            "revenue": 85241,
            "revenue_4q": null,
            "common_shares": 177358,
            "book_valuer_per_share": 23.18,
            "book_valuer_per_share_4q_avg": 23.77,
            "equity": 411125,
            "current_ratio": 66.23,
            "debt_ratio": 63.92,
            "inventory_turnover_ratio": 1.06,
            "account_receivable_turnover_ratio": 2.71,
            "reinvestment_rate": null,
            "research_to_sale_ratio": 6.97,
            "price_fair": 80.11,
            "eps_avg_yearly": 2.29,
            "eps_latest_yearly": 1.52,
            "eps_growth_yearly": 293.13
        },
        "20232": {
            "year_quarter": 20232,
            "year": 2023,
            "quarter": 2,
            "eps": -1.27,
            "eps_growth_year": null,
            "eps_4q": -3,
            "eps_4q_growth_year": null,
            "roe": -5.66,
            "roe_4q": -12.82,
            "gross_profit": 67606,
            "gross_margin": 76.06,
            "gross_margin_4q_avg": 79.34,
            "net_income": -22631,
            "net_income_4q": null,
            "revenue": 88888,
            "revenue_4q": null,
            "common_shares": 177358,
            "book_valuer_per_share": 21.9,
            "book_valuer_per_share_4q_avg": 23.02,
            "equity": 388494,
            "current_ratio": 65.77,
            "debt_ratio": 66.41,
            "inventory_turnover_ratio": 1.05,
            "account_receivable_turnover_ratio": 3.76,
            "reinvestment_rate": null,
            "research_to_sale_ratio": 6.87,
            "price_fair": 82.25,
            "eps_avg_yearly": 2.35,
            "eps_latest_yearly": 1.52,
            "eps_growth_yearly": 328.64
        },
        "20233": {
            "year_quarter": 20233,
            "year": 2023,
            "quarter": 3,
            "eps": -1.52,
            "eps_growth_year": null,
            "eps_4q": -3.18,
            "eps_4q_growth_year": null,
            "roe": -7.15,
            "roe_4q": -14.48,
            "gross_profit": 64050,
            "gross_margin": 65.46,
            "gross_margin_4q_avg": 75.03,
            "net_income": -26815,
            "net_income_4q": null,
            "revenue": 97843,
            "revenue_4q": null,
            "common_shares": 177358,
            "book_valuer_per_share": 20.39,
            "book_valuer_per_share_4q_avg": 22.22,
            "equity": 361679,
            "current_ratio": 54.15,
            "debt_ratio": 65.92,
            "inventory_turnover_ratio": 1.6,
            "account_receivable_turnover_ratio": 3.78,
            "reinvestment_rate": null,
            "research_to_sale_ratio": 5.77,
            "price_fair": 84.2,
            "eps_avg_yearly": 2.41,
            "eps_latest_yearly": 1.52,
            "eps_growth_yearly": 370.51
        },
        "20234": {
            "year_quarter": 20234,
            "year": 2023,
            "quarter": 4,
            "eps": 0.1,
            "eps_growth_year": null,
            "eps_4q": -2.92,
            "eps_4q_growth_year": null,
            "roe": 0.51,
            "roe_4q": -13.32,
            "gross_profit": 84707,
            "gross_margin": 72.69,
            "gross_margin_4q_avg": 72.75,
            "net_income": 1852,
            "net_income_4q": null,
            "revenue": 116530,
            "revenue_4q": null,
            "common_shares": 177358,
            "book_valuer_per_share": 20.5,
            "book_valuer_per_share_4q_avg": 21.49,
            "equity": 363531,
            "current_ratio": 58.8,
            "debt_ratio": 69.26,
            "inventory_turnover_ratio": 1.35,
            "account_receivable_turnover_ratio": 1.68,
            "reinvestment_rate": null,
            "research_to_sale_ratio": 8.03,
            "price_fair": 87.27,
            "eps_avg_yearly": 2.49,
            "eps_latest_yearly": 1.52,
            "eps_growth_yearly": 434.98
        }
    },
    "months": {
        "2015-01": {
            "month": "2015-01",
            "price": "189.66",
            "revenue": 54704
        },
        "2015-02": {
            "month": "2015-02",
            "price": "179.02",
            "revenue": 41237
        },
        "2015-03": {
            "month": "2015-03",
            "price": "179.95",
            "revenue": 55141
        },
        "2015-04": {
            "month": "2015-04",
            "price": "166.40",
            "revenue": 52102
        },
        "2015-05": {
            "month": "2015-05",
            "price": "161.62",
            "revenue": 52655
        },
        "2015-06": {
            "month": "2015-06",
            "price": "166.14",
            "revenue": 52370
        },
        "2015-07": {
            "month": "2015-07",
            "price": "133.43",
            "revenue": 57554
        },
        "2015-08": {
            "month": "2015-08",
            "price": "107.65",
            "revenue": 51408
        },
        "2015-09": {
            "month": "2015-09",
            "price": "126.17",
            "revenue": 48110
        },
        "2015-10": {
            "month": "2015-10",
            "price": "137.65",
            "revenue": 48577
        },
        "2015-11": {
            "month": "2015-11",
            "price": "134.96",
            "revenue": 47972
        },
        "2015-12": {
            "month": "2015-12",
            "price": "163.15",
            "revenue": 47975
        },
        "2016-01": {
            "month": "2016-01",
            "price": "110.09",
            "revenue": 54351
        },
        "2016-02": {
            "month": "2016-02",
            "price": "109.23",
            "revenue": 37264
        },
        "2016-03": {
            "month": "2016-03",
            "price": "95.59",
            "revenue": 47305
        },
        "2016-04": {
            "month": "2016-04",
            "price": "76.80",
            "revenue": 47146
        },
        "2016-05": {
            "month": "2016-05",
            "price": "66.30",
            "revenue": 49005
        },
        "2016-06": {
            "month": "2016-06",
            "price": "65.41",
            "revenue": 44738
        },
        "2016-07": {
            "month": "2016-07",
            "price": "60.68",
            "revenue": 52442
        },
        "2016-08": {
            "month": "2016-08",
            "price": "60.79",
            "revenue": 50350
        },
        "2016-09": {
            "month": "2016-09",
            "price": "59.57",
            "revenue": 43556
        },
        "2016-10": {
            "month": "2016-10",
            "price": "48.10",
            "revenue": 47237
        },
        "2016-11": {
            "month": "2016-11",
            "price": "42.83",
            "revenue": 46455
        },
        "2016-12": {
            "month": "2016-12",
            "price": "46.87",
            "revenue": 47309
        },
        "2017-01": {
            "month": "2017-01",
            "price": "44.60",
            "revenue": 45701
        },
        "2017-02": {
            "month": "2017-02",
            "price": "42.21",
            "revenue": 39685
        },
        "2017-03": {
            "month": "2017-03",
            "price": "42.31",
            "revenue": 45056
        },
        "2017-04": {
            "month": "2017-04",
            "price": "43.58",
            "revenue": 43160
        },
        "2017-05": {
            "month": "2017-05",
            "price": "41.47",
            "revenue": 43969
        },
        "2017-06": {
            "month": "2017-06",
            "price": "40.48",
            "revenue": 46122
        },
        "2017-07": {
            "month": "2017-07",
            "price": "39.52",
            "revenue": 47218
        },
        "2017-08": {
            "month": "2017-08",
            "price": "38.61",
            "revenue": 45510
        },
        "2017-09": {
            "month": "2017-09",
            "price": "39.22",
            "revenue": 44658
        },
        "2017-10": {
            "month": "2017-10",
            "price": "38.43",
            "revenue": 46068
        },
        "2017-11": {
            "month": "2017-11",
            "price": "38.66",
            "revenue": 46768
        },
        "2017-12": {
            "month": "2017-12",
            "price": "38.14",
            "revenue": 43641
        },
        "2018-01": {
            "month": "2018-01",
            "price": "38.00",
            "revenue": 43554
        },
        "2018-02": {
            "month": "2018-02",
            "price": "32.15",
            "revenue": 32094
        },
        "2018-03": {
            "month": "2018-03",
            "price": "32.79",
            "revenue": 37437
        },
        "2018-04": {
            "month": "2018-04",
            "price": "31.71",
            "revenue": 33621
        },
        "2018-05": {
            "month": "2018-05",
            "price": "30.86",
            "revenue": 34358
        },
        "2018-06": {
            "month": "2018-06",
            "price": "29.45",
            "revenue": 32847
        },
        "2018-07": {
            "month": "2018-07",
            "price": "26.67",
            "revenue": 35800
        },
        "2018-08": {
            "month": "2018-08",
            "price": "27.27",
            "revenue": 38042
        },
        "2018-09": {
            "month": "2018-09",
            "price": "26.92",
            "revenue": 34853
        },
        "2018-10": {
            "month": "2018-10",
            "price": "23.23",
            "revenue": 35433
        },
        "2018-11": {
            "month": "2018-11",
            "price": "20.08",
            "revenue": 39655
        },
        "2018-12": {
            "month": "2018-12",
            "price": "20.00",
            "revenue": 40402
        },
        "2019-01": {
            "month": "2019-01",
            "price": "20.85",
            "revenue": 39416
        },
        "2019-02": {
            "month": "2019-02",
            "price": "21.53",
            "revenue": 29744
        },
        "2019-03": {
            "month": "2019-03",
            "price": "24.14",
            "revenue": 39405
        },
        "2019-04": {
            "month": "2019-04",
            "price": "26.50",
            "revenue": 34870
        },
        "2019-05": {
            "month": "2019-05",
            "price": "27.52",
            "revenue": 38240
        },
        "2019-06": {
            "month": "2019-06",
            "price": "26.04",
            "revenue": 38570
        },
        "2019-07": {
            "month": "2019-07",
            "price": "26.45",
            "revenue": 40899
        },
        "2019-08": {
            "month": "2019-08",
            "price": "29.38",
            "revenue": 37908
        },
        "2019-09": {
            "month": "2019-09",
            "price": "32.11",
            "revenue": 33679
        },
        "2019-10": {
            "month": "2019-10",
            "price": "30.54",
            "revenue": 34531
        },
        "2019-11": {
            "month": "2019-11",
            "price": "27.79",
            "revenue": 37191
        },
        "2019-12": {
            "month": "2019-12",
            "price": "27.62",
            "revenue": 40397
        },
        "2020-01": {
            "month": "2020-01",
            "price": "27.55",
            "revenue": 29328
        },
        "2020-02": {
            "month": "2020-02",
            "price": "26.81",
            "revenue": 29004
        },
        "2020-03": {
            "month": "2020-03",
            "price": "24.38",
            "revenue": 27622
        },
        "2020-04": {
            "month": "2020-04",
            "price": "26.51",
            "revenue": 27803
        },
        "2020-05": {
            "month": "2020-05",
            "price": "29.54",
            "revenue": 39381
        },
        "2020-06": {
            "month": "2020-06",
            "price": "31.12",
            "revenue": 39819
        },
        "2020-07": {
            "month": "2020-07",
            "price": "38.62",
            "revenue": 40960
        },
        "2020-08": {
            "month": "2020-08",
            "price": "38.91",
            "revenue": 35614
        },
        "2020-09": {
            "month": "2020-09",
            "price": "41.34",
            "revenue": 34018
        },
        "2020-10": {
            "month": "2020-10",
            "price": "41.22",
            "revenue": 36529
        },
        "2020-11": {
            "month": "2020-11",
            "price": "44.07",
            "revenue": 37632
        },
        "2020-12": {
            "month": "2020-12",
            "price": "64.31",
            "revenue": 36710
        },
        "2021-01": {
            "month": "2021-01",
            "price": "67.84",
            "revenue": 35378
        },
        "2021-02": {
            "month": "2021-02",
            "price": "66.93",
            "revenue": 28239
        },
        "2021-03": {
            "month": "2021-03",
            "price": "69.00",
            "revenue": 35756
        },
        "2021-04": {
            "month": "2021-04",
            "price": "68.42",
            "revenue": 35243
        },
        "2021-05": {
            "month": "2021-05",
            "price": "65.06",
            "revenue": 20525
        },
        "2021-06": {
            "month": "2021-06",
            "price": "62.29",
            "revenue": 9964
        },
        "2021-07": {
            "month": "2021-07",
            "price": "60.36",
            "revenue": 12073
        },
        "2021-08": {
            "month": "2021-08",
            "price": "60.04",
            "revenue": 17017
        },
        "2021-09": {
            "month": "2021-09",
            "price": "58.44",
            "revenue": 20706
        },
        "2021-10": {
            "month": "2021-10",
            "price": "58.46",
            "revenue": 27507
        },
        "2021-11": {
            "month": "2021-11",
            "price": "53.66",
            "revenue": 29537
        },
        "2021-12": {
            "month": "2021-12",
            "price": "50.45",
            "revenue": 33252
        },
        "2022-01": {
            "month": "2022-01",
            "price": "50.22",
            "revenue": 22674
        },
        "2022-02": {
            "month": "2022-02",
            "price": "47.49",
            "revenue": 20231
        },
        "2022-03": {
            "month": "2022-03",
            "price": "48.91",
            "revenue": 28522
        },
        "2022-04": {
            "month": "2022-04",
            "price": "48.31",
            "revenue": 20347
        },
        "2022-05": {
            "month": "2022-05",
            "price": "44.68",
            "revenue": 18937
        },
        "2022-06": {
            "month": "2022-06",
            "price": "43.53",
            "revenue": 23448
        },
        "2022-07": {
            "month": "2022-07",
            "price": "42.80",
            "revenue": 28037
        },
        "2022-08": {
            "month": "2022-08",
            "price": "42.94",
            "revenue": 28646
        },
        "2022-09": {
            "month": "2022-09",
            "price": "42.58",
            "revenue": 27956
        },
        "2022-10": {
            "month": "2022-10",
            "price": "42.07",
            "revenue": 30615
        },
        "2022-11": {
            "month": "2022-11",
            "price": "43.30",
            "revenue": 35749
        },
        "2022-12": {
            "month": "2022-12",
            "price": "43.09",
            "revenue": 37367
        },
        "2023-01": {
            "month": "2023-01",
            "price": "42.86",
            "revenue": 27681
        },
        "2023-02": {
            "month": "2023-02",
            "price": "42.83",
            "revenue": 26779
        },
        "2023-03": {
            "month": "2023-03",
            "price": "43.70",
            "revenue": 30781
        },
        "2023-04": {
            "month": "2023-04",
            "price": "45.77",
            "revenue": 27645
        },
        "2023-05": {
            "month": "2023-05",
            "price": "39.75",
            "revenue": 31678
        },
        "2023-06": {
            "month": "2023-06",
            "price": "39.54",
            "revenue": 29585
        },
        "2023-07": {
            "month": "2023-07",
            "price": "38.36",
            "revenue": 29850
        },
        "2023-08": {
            "month": "2023-08",
            "price": "34.18",
            "revenue": 33893
        },
        "2023-09": {
            "month": "2023-09",
            "price": "31.98",
            "revenue": 34109
        },
        "2023-10": {
            "month": "2023-10",
            "price": "28.92",
            "revenue": 33061
        },
        "2023-11": {
            "month": "2023-11",
            "price": "29.32",
            "revenue": 43660
        },
        "2023-12": {
            "month": "2023-12",
            "price": "35.25",
            "revenue": 39800
        }
    }
}
