{
    "summary": {
        "stock_name": "山林水",
        "stock_id": "8473",
        "category": "綠能環保",
        "main_business": "環境保護工程營造業<br>廢(污)水處理業",
        "website_url": "http://www.mfw.com.tw",
        "ceo": "吳人傑",
        "pe_ratio": -58,
        "report_year_from": 2014,
        "report_year_to": 2023,
        "age": 10,
        "eps_negative_percentage": 11,
        "eps_growth_avg": {
            "last_all": -11.04,
            "last_2y": -38.7,
            "last_4y": -36.34,
            "last_8y": null,
            "last_12y": null,
            "last_16y": null,
            "last_20y": null,
            "at_2006_last_3y": null,
            "at_2007_last_3y": null,
            "at_2008_last_3y": null,
            "at_2009_last_3y": null,
            "at_2010_last_3y": null,
            "at_2011_last_3y": null,
            "at_2012_last_3y": null,
            "at_2013_last_3y": null,
            "at_2014_last_3y": null,
            "at_2015_last_3y": null,
            "at_2016_last_3y": null,
            "at_2017_last_3y": null,
            "at_2018_last_3y": null,
            "at_2019_last_3y": 12.26,
            "at_2020_last_3y": -24.97,
            "at_2021_last_3y": -14.06,
            "at_2022_last_3y": -36.34,
            "at_2023_last_3y": -42.09,
            "at_2024_last_3y": -42.09,
            "at_2006_last_all": null,
            "at_2007_last_all": null,
            "at_2008_last_all": null,
            "at_2009_last_all": null,
            "at_2010_last_all": null,
            "at_2011_last_all": null,
            "at_2012_last_all": null,
            "at_2013_last_all": null,
            "at_2014_last_all": null,
            "at_2015_last_all": null,
            "at_2016_last_all": null,
            "at_2017_last_all": 39.49,
            "at_2018_last_all": 22.7,
            "at_2019_last_all": 12.26,
            "at_2020_last_all": 0.03,
            "at_2021_last_all": 3.79,
            "at_2022_last_all": -11.04,
            "at_2023_last_all": -11.04,
            "at_2024_last_all": -11.04
        },
        "latest_eps": -0.66,
        "latest_price": 38.3,
        "latest_roe": 0.29,
        "latest_gross_margin": 24.05,
        "latest_equity": 7057657,
        "latest_revenue": 831688,
        "latest_gross_profit": 200021,
        "latest_net_income": 61553,
        "latest_debt_ratio": 53.31,
        "latest_current_ratio": 100.56,
        "latest_account_receivable_turnover_ratio": 0.56,
        "latest_inventory_turnover_ratio": null,
        "latest_reinvestment_rate": -29.29,
        "latest_research_to_sale_ratio": 0
    },
    "eps_dividends": {
        "2001": {
            "cash": 0,
            "stock": 0,
            "eps": 0
        },
        "2002": {
            "cash": 0,
            "stock": 0,
            "eps": 0
        },
        "2003": {
            "cash": 0,
            "stock": 0,
            "eps": 0
        },
        "2004": {
            "cash": 0,
            "stock": 0,
            "eps": 0
        },
        "2005": {
            "cash": 0,
            "stock": 0,
            "eps": 0
        },
        "2006": {
            "cash": 0,
            "stock": 0,
            "eps": 0
        },
        "2007": {
            "cash": 0,
            "stock": 0,
            "eps": 0
        },
        "2008": {
            "cash": 0,
            "stock": 0,
            "eps": 0
        },
        "2009": {
            "cash": 0,
            "stock": 0,
            "eps": 0
        },
        "2010": {
            "cash": 0,
            "stock": 0,
            "eps": 0
        },
        "2011": {
            "cash": 0,
            "stock": 0,
            "eps": 0
        },
        "2012": {
            "cash": 0,
            "stock": 0,
            "eps": 0
        },
        "2013": {
            "cash": 0,
            "stock": 0,
            "eps": 0
        },
        "2014": {
            "cash": 0,
            "stock": 0,
            "eps": 0
        },
        "2015": {
            "cash": 3.6,
            "stock": 0,
            "eps": 0.82
        },
        "2016": {
            "cash": 3,
            "stock": 0,
            "eps": 3.95
        },
        "2017": {
            "cash": 3.2,
            "stock": 0,
            "eps": 3.12
        },
        "2018": {
            "cash": 3,
            "stock": 0,
            "eps": 2.78
        },
        "2019": {
            "cash": 2.56,
            "stock": 0,
            "eps": 2.25
        },
        "2020": {
            "cash": 2,
            "stock": 0,
            "eps": 1.15
        },
        "2021": {
            "cash": 1,
            "stock": 0.7,
            "eps": 1.41
        },
        "2022": {
            "cash": 0.85,
            "stock": 0,
            "eps": -1.9
        },
        "2023": {
            "cash": 0,
            "stock": 0,
            "eps": 0.02
        }
    },
    "dividends": {
        "2015-07-30": {
            "cash": 3.6,
            "stock": 0
        },
        "2016-07-14": {
            "cash": 3,
            "stock": 0
        },
        "2017-07-14": {
            "cash": 3.2,
            "stock": 0
        },
        "2018-08-10": {
            "cash": 3,
            "stock": 0
        },
        "2019-08-09": {
            "cash": 2.56,
            "stock": 0
        },
        "2020-08-25": {
            "cash": 2,
            "stock": 0
        },
        "2021-09-08": {
            "cash": 1,
            "stock": 0.7
        },
        "2022-08-30": {
            "cash": 0.85,
            "stock": 0
        }
    },
    "prices": {
        "200101": "無",
        "200102": "無",
        "200103": "無",
        "200104": "無",
        "200105": "無",
        "200106": "無",
        "200107": "無",
        "200108": "無",
        "200109": "無",
        "200110": "無",
        "200111": "無",
        "200112": "無",
        "200201": "無",
        "200202": "無",
        "200203": "無",
        "200204": "無",
        "200205": "無",
        "200206": "無",
        "200207": "無",
        "200208": "無",
        "200209": "無",
        "200210": "無",
        "200211": "無",
        "200212": "無",
        "200301": "無",
        "200302": "無",
        "200303": "無",
        "200304": "無",
        "200305": "無",
        "200306": "無",
        "200307": "無",
        "200308": "無",
        "200309": "無",
        "200310": "無",
        "200311": "無",
        "200312": "無",
        "200401": "無",
        "200402": "無",
        "200403": "無",
        "200404": "無",
        "200405": "無",
        "200406": "無",
        "200407": "無",
        "200408": "無",
        "200409": "無",
        "200410": "無",
        "200411": "無",
        "200412": "無",
        "200501": "無",
        "200502": "無",
        "200503": "無",
        "200504": "無",
        "200505": "無",
        "200506": "無",
        "200507": "無",
        "200508": "無",
        "200509": "無",
        "200510": "無",
        "200511": "無",
        "200512": "無",
        "200601": "無",
        "200602": "無",
        "200603": "無",
        "200604": "無",
        "200605": "無",
        "200606": "無",
        "200607": "無",
        "200608": "無",
        "200609": "無",
        "200610": "無",
        "200611": "無",
        "200612": "無",
        "200701": "無",
        "200702": "無",
        "200703": "無",
        "200704": "無",
        "200705": "無",
        "200706": "無",
        "200707": "無",
        "200708": "無",
        "200709": "無",
        "200710": "無",
        "200711": "無",
        "200712": "無",
        "200801": "無",
        "200802": "無",
        "200803": "無",
        "200804": "無",
        "200805": "無",
        "200806": "無",
        "200807": "無",
        "200808": "無",
        "200809": "無",
        "200810": "無",
        "200811": "無",
        "200812": "無",
        "200901": "無",
        "200902": "無",
        "200903": "無",
        "200904": "無",
        "200905": "無",
        "200906": "無",
        "200907": "無",
        "200908": "無",
        "200909": "無",
        "200910": "無",
        "200911": "無",
        "200912": "無",
        "201001": "無",
        "201002": "無",
        "201003": "無",
        "201004": "無",
        "201005": "無",
        "201006": "無",
        "201007": "無",
        "201008": "無",
        "201009": "無",
        "201010": "無",
        "201011": "無",
        "201012": "無",
        "201101": "無",
        "201102": "無",
        "201103": "無",
        "201104": "無",
        "201105": "無",
        "201106": "無",
        "201107": "無",
        "201108": "無",
        "201109": "無",
        "201110": "無",
        "201111": "無",
        "201112": "無",
        "201201": "無",
        "201202": "無",
        "201203": "無",
        "201204": "無",
        "201205": "無",
        "201206": "無",
        "201207": "無",
        "201208": "無",
        "201209": "無",
        "201210": "無",
        "201211": "無",
        "201212": "無",
        "201301": "無",
        "201302": "無",
        "201303": "無",
        "201304": "無",
        "201305": "無",
        "201306": "無",
        "201307": "無",
        "201308": "無",
        "201309": "無",
        "201310": "無",
        "201311": "無",
        "201312": "無",
        "201401": "無",
        "201402": "無",
        "201403": "無",
        "201404": "無",
        "201405": "無",
        "201406": "無",
        "201407": "無",
        "201408": "無",
        "201409": "無",
        "201410": "無",
        "201411": "無",
        "201412": "無",
        "201501": "無",
        "201502": "無",
        "201503": "57.98",
        "201504": "59.65",
        "201505": "60.21",
        "201506": "59.93",
        "201507": "59.38",
        "201508": "58.62",
        "201509": "56.84",
        "201510": "58.74",
        "201511": "58.61",
        "201512": "61.64",
        "201601": "55.21",
        "201602": "55.16",
        "201603": "58.28",
        "201604": "58.70",
        "201605": "58.14",
        "201606": "59.56",
        "201607": "59.54",
        "201608": "60.90",
        "201609": "58.51",
        "201610": "55.56",
        "201611": "52.98",
        "201612": "52.64",
        "201701": "52.99",
        "201702": "55.33",
        "201703": "58.39",
        "201704": "64.64",
        "201705": "64.83",
        "201706": "64.76",
        "201707": "61.50",
        "201708": "58.32",
        "201709": "57.62",
        "201710": "59.30",
        "201711": "58.82",
        "201712": "59.26",
        "201801": "63.20",
        "201802": "63.95",
        "201803": "68.38",
        "201804": "70.37",
        "201805": "67.44",
        "201806": "66.57",
        "201807": "69.20",
        "201808": "66.94",
        "201809": "62.97",
        "201810": "59.45",
        "201811": "57.22",
        "201812": "56.30",
        "201901": "58.12",
        "201902": "58.93",
        "201903": "59.52",
        "201904": "58.34",
        "201905": "54.55",
        "201906": "51.76",
        "201907": "52.04",
        "201908": "50.65",
        "201909": "53.10",
        "201910": "55.80",
        "201911": "51.60",
        "201912": "49.39",
        "202001": "48.94",
        "202002": "46.41",
        "202003": "39.56",
        "202004": "40.16",
        "202005": "42.76",
        "202006": "46.57",
        "202007": "47.56",
        "202008": "44.31",
        "202009": "41.92",
        "202010": "44.05",
        "202011": "42.81",
        "202012": "41.48",
        "202101": "39.42",
        "202102": "39.45",
        "202103": "41.86",
        "202104": "41.10",
        "202105": "41.07",
        "202106": "39.94",
        "202107": "39.72",
        "202108": "38.30",
        "202109": "36.30",
        "202110": "33.77",
        "202111": "33.87",
        "202112": "33.28",
        "202201": "32.85",
        "202202": "32.22",
        "202203": "32.34",
        "202204": "32.20",
        "202205": "30.45",
        "202206": "30.36",
        "202207": "29.87",
        "202208": "30.60",
        "202209": "30.52",
        "202210": "28.90",
        "202211": "27.64",
        "202212": "27.41",
        "202301": "27.46",
        "202302": "28.97",
        "202303": "30.75",
        "202304": "30.04",
        "202305": "29.68",
        "202306": "29.47",
        "202307": "29.96",
        "202308": "28.31",
        "202309": "27.30",
        "202310": "26.94",
        "202311": "28.88",
        "202312": "30.31"
    },
    "quarters": {
        "20011": {
            "year_quarter": 20011,
            "year": 2001,
            "quarter": 1,
            "eps": null,
            "eps_growth_year": null,
            "eps_4q": null,
            "eps_4q_growth_year": null,
            "roe": null,
            "roe_4q": 0,
            "gross_profit": null,
            "gross_margin": null,
            "gross_margin_4q_avg": 0,
            "net_income": null,
            "net_income_4q": null,
            "revenue": null,
            "revenue_4q": null,
            "common_shares": null,
            "book_valuer_per_share": null,
            "book_valuer_per_share_4q_avg": 0,
            "equity": null,
            "current_ratio": null,
            "debt_ratio": null,
            "inventory_turnover_ratio": null,
            "account_receivable_turnover_ratio": null,
            "reinvestment_rate": null,
            "research_to_sale_ratio": null,
            "price_fair": 0,
            "eps_avg_yearly": 0,
            "eps_latest_yearly": 0,
            "eps_growth_yearly": 0
        },
        "20012": {
            "year_quarter": 20012,
            "year": 2001,
            "quarter": 2,
            "eps": null,
            "eps_growth_year": null,
            "eps_4q": null,
            "eps_4q_growth_year": null,
            "roe": null,
            "roe_4q": 0,
            "gross_profit": null,
            "gross_margin": null,
            "gross_margin_4q_avg": 0,
            "net_income": null,
            "net_income_4q": null,
            "revenue": null,
            "revenue_4q": null,
            "common_shares": null,
            "book_valuer_per_share": null,
            "book_valuer_per_share_4q_avg": 0,
            "equity": null,
            "current_ratio": null,
            "debt_ratio": null,
            "inventory_turnover_ratio": null,
            "account_receivable_turnover_ratio": null,
            "reinvestment_rate": null,
            "research_to_sale_ratio": null,
            "price_fair": 0,
            "eps_avg_yearly": 0,
            "eps_latest_yearly": 0,
            "eps_growth_yearly": 0
        },
        "20013": {
            "year_quarter": 20013,
            "year": 2001,
            "quarter": 3,
            "eps": null,
            "eps_growth_year": null,
            "eps_4q": null,
            "eps_4q_growth_year": null,
            "roe": null,
            "roe_4q": 0,
            "gross_profit": null,
            "gross_margin": null,
            "gross_margin_4q_avg": 0,
            "net_income": null,
            "net_income_4q": null,
            "revenue": null,
            "revenue_4q": null,
            "common_shares": null,
            "book_valuer_per_share": null,
            "book_valuer_per_share_4q_avg": 0,
            "equity": null,
            "current_ratio": null,
            "debt_ratio": null,
            "inventory_turnover_ratio": null,
            "account_receivable_turnover_ratio": null,
            "reinvestment_rate": null,
            "research_to_sale_ratio": null,
            "price_fair": 0,
            "eps_avg_yearly": 0,
            "eps_latest_yearly": 0,
            "eps_growth_yearly": 0
        },
        "20014": {
            "year_quarter": 20014,
            "year": 2001,
            "quarter": 4,
            "eps": null,
            "eps_growth_year": null,
            "eps_4q": null,
            "eps_4q_growth_year": null,
            "roe": null,
            "roe_4q": 0,
            "gross_profit": null,
            "gross_margin": null,
            "gross_margin_4q_avg": 0,
            "net_income": null,
            "net_income_4q": null,
            "revenue": null,
            "revenue_4q": null,
            "common_shares": null,
            "book_valuer_per_share": null,
            "book_valuer_per_share_4q_avg": 0,
            "equity": null,
            "current_ratio": null,
            "debt_ratio": null,
            "inventory_turnover_ratio": null,
            "account_receivable_turnover_ratio": null,
            "reinvestment_rate": null,
            "research_to_sale_ratio": null,
            "price_fair": 0,
            "eps_avg_yearly": 0,
            "eps_latest_yearly": 0,
            "eps_growth_yearly": 0
        },
        "20021": {
            "year_quarter": 20021,
            "year": 2002,
            "quarter": 1,
            "eps": null,
            "eps_growth_year": null,
            "eps_4q": null,
            "eps_4q_growth_year": null,
            "roe": null,
            "roe_4q": 0,
            "gross_profit": null,
            "gross_margin": null,
            "gross_margin_4q_avg": 0,
            "net_income": null,
            "net_income_4q": null,
            "revenue": null,
            "revenue_4q": null,
            "common_shares": null,
            "book_valuer_per_share": null,
            "book_valuer_per_share_4q_avg": 0,
            "equity": null,
            "current_ratio": null,
            "debt_ratio": null,
            "inventory_turnover_ratio": null,
            "account_receivable_turnover_ratio": null,
            "reinvestment_rate": null,
            "research_to_sale_ratio": null,
            "price_fair": 0,
            "eps_avg_yearly": 0,
            "eps_latest_yearly": 0,
            "eps_growth_yearly": 0
        },
        "20022": {
            "year_quarter": 20022,
            "year": 2002,
            "quarter": 2,
            "eps": null,
            "eps_growth_year": null,
            "eps_4q": null,
            "eps_4q_growth_year": null,
            "roe": null,
            "roe_4q": 0,
            "gross_profit": null,
            "gross_margin": null,
            "gross_margin_4q_avg": 0,
            "net_income": null,
            "net_income_4q": null,
            "revenue": null,
            "revenue_4q": null,
            "common_shares": null,
            "book_valuer_per_share": null,
            "book_valuer_per_share_4q_avg": 0,
            "equity": null,
            "current_ratio": null,
            "debt_ratio": null,
            "inventory_turnover_ratio": null,
            "account_receivable_turnover_ratio": null,
            "reinvestment_rate": null,
            "research_to_sale_ratio": null,
            "price_fair": 0,
            "eps_avg_yearly": 0,
            "eps_latest_yearly": 0,
            "eps_growth_yearly": 0
        },
        "20023": {
            "year_quarter": 20023,
            "year": 2002,
            "quarter": 3,
            "eps": null,
            "eps_growth_year": null,
            "eps_4q": null,
            "eps_4q_growth_year": null,
            "roe": null,
            "roe_4q": 0,
            "gross_profit": null,
            "gross_margin": null,
            "gross_margin_4q_avg": 0,
            "net_income": null,
            "net_income_4q": null,
            "revenue": null,
            "revenue_4q": null,
            "common_shares": null,
            "book_valuer_per_share": null,
            "book_valuer_per_share_4q_avg": 0,
            "equity": null,
            "current_ratio": null,
            "debt_ratio": null,
            "inventory_turnover_ratio": null,
            "account_receivable_turnover_ratio": null,
            "reinvestment_rate": null,
            "research_to_sale_ratio": null,
            "price_fair": 0,
            "eps_avg_yearly": 0,
            "eps_latest_yearly": 0,
            "eps_growth_yearly": 0
        },
        "20024": {
            "year_quarter": 20024,
            "year": 2002,
            "quarter": 4,
            "eps": null,
            "eps_growth_year": null,
            "eps_4q": null,
            "eps_4q_growth_year": null,
            "roe": null,
            "roe_4q": 0,
            "gross_profit": null,
            "gross_margin": null,
            "gross_margin_4q_avg": 0,
            "net_income": null,
            "net_income_4q": null,
            "revenue": null,
            "revenue_4q": null,
            "common_shares": null,
            "book_valuer_per_share": null,
            "book_valuer_per_share_4q_avg": 0,
            "equity": null,
            "current_ratio": null,
            "debt_ratio": null,
            "inventory_turnover_ratio": null,
            "account_receivable_turnover_ratio": null,
            "reinvestment_rate": null,
            "research_to_sale_ratio": null,
            "price_fair": 0,
            "eps_avg_yearly": 0,
            "eps_latest_yearly": 0,
            "eps_growth_yearly": 0
        },
        "20031": {
            "year_quarter": 20031,
            "year": 2003,
            "quarter": 1,
            "eps": null,
            "eps_growth_year": null,
            "eps_4q": null,
            "eps_4q_growth_year": null,
            "roe": null,
            "roe_4q": 0,
            "gross_profit": null,
            "gross_margin": null,
            "gross_margin_4q_avg": 0,
            "net_income": null,
            "net_income_4q": null,
            "revenue": null,
            "revenue_4q": null,
            "common_shares": null,
            "book_valuer_per_share": null,
            "book_valuer_per_share_4q_avg": 0,
            "equity": null,
            "current_ratio": null,
            "debt_ratio": null,
            "inventory_turnover_ratio": null,
            "account_receivable_turnover_ratio": null,
            "reinvestment_rate": null,
            "research_to_sale_ratio": null,
            "price_fair": 0,
            "eps_avg_yearly": 0,
            "eps_latest_yearly": 0,
            "eps_growth_yearly": 0
        },
        "20032": {
            "year_quarter": 20032,
            "year": 2003,
            "quarter": 2,
            "eps": null,
            "eps_growth_year": null,
            "eps_4q": null,
            "eps_4q_growth_year": null,
            "roe": null,
            "roe_4q": 0,
            "gross_profit": null,
            "gross_margin": null,
            "gross_margin_4q_avg": 0,
            "net_income": null,
            "net_income_4q": null,
            "revenue": null,
            "revenue_4q": null,
            "common_shares": null,
            "book_valuer_per_share": null,
            "book_valuer_per_share_4q_avg": 0,
            "equity": null,
            "current_ratio": null,
            "debt_ratio": null,
            "inventory_turnover_ratio": null,
            "account_receivable_turnover_ratio": null,
            "reinvestment_rate": null,
            "research_to_sale_ratio": null,
            "price_fair": 0,
            "eps_avg_yearly": 0,
            "eps_latest_yearly": 0,
            "eps_growth_yearly": 0
        },
        "20033": {
            "year_quarter": 20033,
            "year": 2003,
            "quarter": 3,
            "eps": null,
            "eps_growth_year": null,
            "eps_4q": null,
            "eps_4q_growth_year": null,
            "roe": null,
            "roe_4q": 0,
            "gross_profit": null,
            "gross_margin": null,
            "gross_margin_4q_avg": 0,
            "net_income": null,
            "net_income_4q": null,
            "revenue": null,
            "revenue_4q": null,
            "common_shares": null,
            "book_valuer_per_share": null,
            "book_valuer_per_share_4q_avg": 0,
            "equity": null,
            "current_ratio": null,
            "debt_ratio": null,
            "inventory_turnover_ratio": null,
            "account_receivable_turnover_ratio": null,
            "reinvestment_rate": null,
            "research_to_sale_ratio": null,
            "price_fair": 0,
            "eps_avg_yearly": 0,
            "eps_latest_yearly": 0,
            "eps_growth_yearly": 0
        },
        "20034": {
            "year_quarter": 20034,
            "year": 2003,
            "quarter": 4,
            "eps": null,
            "eps_growth_year": null,
            "eps_4q": null,
            "eps_4q_growth_year": null,
            "roe": null,
            "roe_4q": 0,
            "gross_profit": null,
            "gross_margin": null,
            "gross_margin_4q_avg": 0,
            "net_income": null,
            "net_income_4q": null,
            "revenue": null,
            "revenue_4q": null,
            "common_shares": null,
            "book_valuer_per_share": null,
            "book_valuer_per_share_4q_avg": 0,
            "equity": null,
            "current_ratio": null,
            "debt_ratio": null,
            "inventory_turnover_ratio": null,
            "account_receivable_turnover_ratio": null,
            "reinvestment_rate": null,
            "research_to_sale_ratio": null,
            "price_fair": 0,
            "eps_avg_yearly": 0,
            "eps_latest_yearly": 0,
            "eps_growth_yearly": 0
        },
        "20041": {
            "year_quarter": 20041,
            "year": 2004,
            "quarter": 1,
            "eps": null,
            "eps_growth_year": null,
            "eps_4q": null,
            "eps_4q_growth_year": null,
            "roe": null,
            "roe_4q": 0,
            "gross_profit": null,
            "gross_margin": null,
            "gross_margin_4q_avg": 0,
            "net_income": null,
            "net_income_4q": null,
            "revenue": null,
            "revenue_4q": null,
            "common_shares": null,
            "book_valuer_per_share": null,
            "book_valuer_per_share_4q_avg": 0,
            "equity": null,
            "current_ratio": null,
            "debt_ratio": null,
            "inventory_turnover_ratio": null,
            "account_receivable_turnover_ratio": null,
            "reinvestment_rate": null,
            "research_to_sale_ratio": null,
            "price_fair": 0,
            "eps_avg_yearly": 0,
            "eps_latest_yearly": 0,
            "eps_growth_yearly": 0
        },
        "20042": {
            "year_quarter": 20042,
            "year": 2004,
            "quarter": 2,
            "eps": null,
            "eps_growth_year": null,
            "eps_4q": null,
            "eps_4q_growth_year": null,
            "roe": null,
            "roe_4q": 0,
            "gross_profit": null,
            "gross_margin": null,
            "gross_margin_4q_avg": 0,
            "net_income": null,
            "net_income_4q": null,
            "revenue": null,
            "revenue_4q": null,
            "common_shares": null,
            "book_valuer_per_share": null,
            "book_valuer_per_share_4q_avg": 0,
            "equity": null,
            "current_ratio": null,
            "debt_ratio": null,
            "inventory_turnover_ratio": null,
            "account_receivable_turnover_ratio": null,
            "reinvestment_rate": null,
            "research_to_sale_ratio": null,
            "price_fair": 0,
            "eps_avg_yearly": 0,
            "eps_latest_yearly": 0,
            "eps_growth_yearly": 0
        },
        "20043": {
            "year_quarter": 20043,
            "year": 2004,
            "quarter": 3,
            "eps": null,
            "eps_growth_year": null,
            "eps_4q": null,
            "eps_4q_growth_year": null,
            "roe": null,
            "roe_4q": 0,
            "gross_profit": null,
            "gross_margin": null,
            "gross_margin_4q_avg": 0,
            "net_income": null,
            "net_income_4q": null,
            "revenue": null,
            "revenue_4q": null,
            "common_shares": null,
            "book_valuer_per_share": null,
            "book_valuer_per_share_4q_avg": 0,
            "equity": null,
            "current_ratio": null,
            "debt_ratio": null,
            "inventory_turnover_ratio": null,
            "account_receivable_turnover_ratio": null,
            "reinvestment_rate": null,
            "research_to_sale_ratio": null,
            "price_fair": 0,
            "eps_avg_yearly": 0,
            "eps_latest_yearly": 0,
            "eps_growth_yearly": 0
        },
        "20044": {
            "year_quarter": 20044,
            "year": 2004,
            "quarter": 4,
            "eps": null,
            "eps_growth_year": null,
            "eps_4q": null,
            "eps_4q_growth_year": null,
            "roe": null,
            "roe_4q": 0,
            "gross_profit": null,
            "gross_margin": null,
            "gross_margin_4q_avg": 0,
            "net_income": null,
            "net_income_4q": null,
            "revenue": null,
            "revenue_4q": null,
            "common_shares": null,
            "book_valuer_per_share": null,
            "book_valuer_per_share_4q_avg": 0,
            "equity": null,
            "current_ratio": null,
            "debt_ratio": null,
            "inventory_turnover_ratio": null,
            "account_receivable_turnover_ratio": null,
            "reinvestment_rate": null,
            "research_to_sale_ratio": null,
            "price_fair": 0,
            "eps_avg_yearly": 0,
            "eps_latest_yearly": 0,
            "eps_growth_yearly": 0
        },
        "20051": {
            "year_quarter": 20051,
            "year": 2005,
            "quarter": 1,
            "eps": null,
            "eps_growth_year": null,
            "eps_4q": null,
            "eps_4q_growth_year": null,
            "roe": null,
            "roe_4q": 0,
            "gross_profit": null,
            "gross_margin": null,
            "gross_margin_4q_avg": 0,
            "net_income": null,
            "net_income_4q": null,
            "revenue": null,
            "revenue_4q": null,
            "common_shares": null,
            "book_valuer_per_share": null,
            "book_valuer_per_share_4q_avg": 0,
            "equity": null,
            "current_ratio": null,
            "debt_ratio": null,
            "inventory_turnover_ratio": null,
            "account_receivable_turnover_ratio": null,
            "reinvestment_rate": null,
            "research_to_sale_ratio": null,
            "price_fair": 0,
            "eps_avg_yearly": 0,
            "eps_latest_yearly": 0,
            "eps_growth_yearly": 0
        },
        "20052": {
            "year_quarter": 20052,
            "year": 2005,
            "quarter": 2,
            "eps": null,
            "eps_growth_year": null,
            "eps_4q": null,
            "eps_4q_growth_year": null,
            "roe": null,
            "roe_4q": 0,
            "gross_profit": null,
            "gross_margin": null,
            "gross_margin_4q_avg": 0,
            "net_income": null,
            "net_income_4q": null,
            "revenue": null,
            "revenue_4q": null,
            "common_shares": null,
            "book_valuer_per_share": null,
            "book_valuer_per_share_4q_avg": 0,
            "equity": null,
            "current_ratio": null,
            "debt_ratio": null,
            "inventory_turnover_ratio": null,
            "account_receivable_turnover_ratio": null,
            "reinvestment_rate": null,
            "research_to_sale_ratio": null,
            "price_fair": 0,
            "eps_avg_yearly": 0,
            "eps_latest_yearly": 0,
            "eps_growth_yearly": 0
        },
        "20053": {
            "year_quarter": 20053,
            "year": 2005,
            "quarter": 3,
            "eps": null,
            "eps_growth_year": null,
            "eps_4q": null,
            "eps_4q_growth_year": null,
            "roe": null,
            "roe_4q": 0,
            "gross_profit": null,
            "gross_margin": null,
            "gross_margin_4q_avg": 0,
            "net_income": null,
            "net_income_4q": null,
            "revenue": null,
            "revenue_4q": null,
            "common_shares": null,
            "book_valuer_per_share": null,
            "book_valuer_per_share_4q_avg": 0,
            "equity": null,
            "current_ratio": null,
            "debt_ratio": null,
            "inventory_turnover_ratio": null,
            "account_receivable_turnover_ratio": null,
            "reinvestment_rate": null,
            "research_to_sale_ratio": null,
            "price_fair": 0,
            "eps_avg_yearly": 0,
            "eps_latest_yearly": 0,
            "eps_growth_yearly": 0
        },
        "20054": {
            "year_quarter": 20054,
            "year": 2005,
            "quarter": 4,
            "eps": null,
            "eps_growth_year": null,
            "eps_4q": null,
            "eps_4q_growth_year": null,
            "roe": null,
            "roe_4q": 0,
            "gross_profit": null,
            "gross_margin": null,
            "gross_margin_4q_avg": 0,
            "net_income": null,
            "net_income_4q": null,
            "revenue": null,
            "revenue_4q": null,
            "common_shares": null,
            "book_valuer_per_share": null,
            "book_valuer_per_share_4q_avg": 0,
            "equity": null,
            "current_ratio": null,
            "debt_ratio": null,
            "inventory_turnover_ratio": null,
            "account_receivable_turnover_ratio": null,
            "reinvestment_rate": null,
            "research_to_sale_ratio": null,
            "price_fair": 0,
            "eps_avg_yearly": 0,
            "eps_latest_yearly": 0,
            "eps_growth_yearly": 0
        },
        "20061": {
            "year_quarter": 20061,
            "year": 2006,
            "quarter": 1,
            "eps": null,
            "eps_growth_year": null,
            "eps_4q": null,
            "eps_4q_growth_year": null,
            "roe": null,
            "roe_4q": 0,
            "gross_profit": null,
            "gross_margin": null,
            "gross_margin_4q_avg": 0,
            "net_income": null,
            "net_income_4q": null,
            "revenue": null,
            "revenue_4q": null,
            "common_shares": null,
            "book_valuer_per_share": null,
            "book_valuer_per_share_4q_avg": 0,
            "equity": null,
            "current_ratio": null,
            "debt_ratio": null,
            "inventory_turnover_ratio": null,
            "account_receivable_turnover_ratio": null,
            "reinvestment_rate": null,
            "research_to_sale_ratio": null,
            "price_fair": 0,
            "eps_avg_yearly": 0,
            "eps_latest_yearly": 0,
            "eps_growth_yearly": 0
        },
        "20062": {
            "year_quarter": 20062,
            "year": 2006,
            "quarter": 2,
            "eps": null,
            "eps_growth_year": null,
            "eps_4q": null,
            "eps_4q_growth_year": null,
            "roe": null,
            "roe_4q": 0,
            "gross_profit": null,
            "gross_margin": null,
            "gross_margin_4q_avg": 0,
            "net_income": null,
            "net_income_4q": null,
            "revenue": null,
            "revenue_4q": null,
            "common_shares": null,
            "book_valuer_per_share": null,
            "book_valuer_per_share_4q_avg": 0,
            "equity": null,
            "current_ratio": null,
            "debt_ratio": null,
            "inventory_turnover_ratio": null,
            "account_receivable_turnover_ratio": null,
            "reinvestment_rate": null,
            "research_to_sale_ratio": null,
            "price_fair": 0,
            "eps_avg_yearly": 0,
            "eps_latest_yearly": 0,
            "eps_growth_yearly": 0
        },
        "20063": {
            "year_quarter": 20063,
            "year": 2006,
            "quarter": 3,
            "eps": null,
            "eps_growth_year": null,
            "eps_4q": null,
            "eps_4q_growth_year": null,
            "roe": null,
            "roe_4q": 0,
            "gross_profit": null,
            "gross_margin": null,
            "gross_margin_4q_avg": 0,
            "net_income": null,
            "net_income_4q": null,
            "revenue": null,
            "revenue_4q": null,
            "common_shares": null,
            "book_valuer_per_share": null,
            "book_valuer_per_share_4q_avg": 0,
            "equity": null,
            "current_ratio": null,
            "debt_ratio": null,
            "inventory_turnover_ratio": null,
            "account_receivable_turnover_ratio": null,
            "reinvestment_rate": null,
            "research_to_sale_ratio": null,
            "price_fair": 0,
            "eps_avg_yearly": 0,
            "eps_latest_yearly": 0,
            "eps_growth_yearly": 0
        },
        "20064": {
            "year_quarter": 20064,
            "year": 2006,
            "quarter": 4,
            "eps": null,
            "eps_growth_year": null,
            "eps_4q": null,
            "eps_4q_growth_year": null,
            "roe": null,
            "roe_4q": 0,
            "gross_profit": null,
            "gross_margin": null,
            "gross_margin_4q_avg": 0,
            "net_income": null,
            "net_income_4q": null,
            "revenue": null,
            "revenue_4q": null,
            "common_shares": null,
            "book_valuer_per_share": null,
            "book_valuer_per_share_4q_avg": 0,
            "equity": null,
            "current_ratio": null,
            "debt_ratio": null,
            "inventory_turnover_ratio": null,
            "account_receivable_turnover_ratio": null,
            "reinvestment_rate": null,
            "research_to_sale_ratio": null,
            "price_fair": 0,
            "eps_avg_yearly": 0,
            "eps_latest_yearly": 0,
            "eps_growth_yearly": 0
        },
        "20071": {
            "year_quarter": 20071,
            "year": 2007,
            "quarter": 1,
            "eps": null,
            "eps_growth_year": null,
            "eps_4q": null,
            "eps_4q_growth_year": null,
            "roe": null,
            "roe_4q": 0,
            "gross_profit": null,
            "gross_margin": null,
            "gross_margin_4q_avg": 0,
            "net_income": null,
            "net_income_4q": null,
            "revenue": null,
            "revenue_4q": null,
            "common_shares": null,
            "book_valuer_per_share": null,
            "book_valuer_per_share_4q_avg": 0,
            "equity": null,
            "current_ratio": null,
            "debt_ratio": null,
            "inventory_turnover_ratio": null,
            "account_receivable_turnover_ratio": null,
            "reinvestment_rate": null,
            "research_to_sale_ratio": null,
            "price_fair": 0,
            "eps_avg_yearly": 0,
            "eps_latest_yearly": 0,
            "eps_growth_yearly": 0
        },
        "20072": {
            "year_quarter": 20072,
            "year": 2007,
            "quarter": 2,
            "eps": null,
            "eps_growth_year": null,
            "eps_4q": null,
            "eps_4q_growth_year": null,
            "roe": null,
            "roe_4q": 0,
            "gross_profit": null,
            "gross_margin": null,
            "gross_margin_4q_avg": 0,
            "net_income": null,
            "net_income_4q": null,
            "revenue": null,
            "revenue_4q": null,
            "common_shares": null,
            "book_valuer_per_share": null,
            "book_valuer_per_share_4q_avg": 0,
            "equity": null,
            "current_ratio": null,
            "debt_ratio": null,
            "inventory_turnover_ratio": null,
            "account_receivable_turnover_ratio": null,
            "reinvestment_rate": null,
            "research_to_sale_ratio": null,
            "price_fair": 0,
            "eps_avg_yearly": 0,
            "eps_latest_yearly": 0,
            "eps_growth_yearly": 0
        },
        "20073": {
            "year_quarter": 20073,
            "year": 2007,
            "quarter": 3,
            "eps": null,
            "eps_growth_year": null,
            "eps_4q": null,
            "eps_4q_growth_year": null,
            "roe": null,
            "roe_4q": 0,
            "gross_profit": null,
            "gross_margin": null,
            "gross_margin_4q_avg": 0,
            "net_income": null,
            "net_income_4q": null,
            "revenue": null,
            "revenue_4q": null,
            "common_shares": null,
            "book_valuer_per_share": null,
            "book_valuer_per_share_4q_avg": 0,
            "equity": null,
            "current_ratio": null,
            "debt_ratio": null,
            "inventory_turnover_ratio": null,
            "account_receivable_turnover_ratio": null,
            "reinvestment_rate": null,
            "research_to_sale_ratio": null,
            "price_fair": 0,
            "eps_avg_yearly": 0,
            "eps_latest_yearly": 0,
            "eps_growth_yearly": 0
        },
        "20074": {
            "year_quarter": 20074,
            "year": 2007,
            "quarter": 4,
            "eps": null,
            "eps_growth_year": null,
            "eps_4q": null,
            "eps_4q_growth_year": null,
            "roe": null,
            "roe_4q": 0,
            "gross_profit": null,
            "gross_margin": null,
            "gross_margin_4q_avg": 0,
            "net_income": null,
            "net_income_4q": null,
            "revenue": null,
            "revenue_4q": null,
            "common_shares": null,
            "book_valuer_per_share": null,
            "book_valuer_per_share_4q_avg": 0,
            "equity": null,
            "current_ratio": null,
            "debt_ratio": null,
            "inventory_turnover_ratio": null,
            "account_receivable_turnover_ratio": null,
            "reinvestment_rate": null,
            "research_to_sale_ratio": null,
            "price_fair": 0,
            "eps_avg_yearly": 0,
            "eps_latest_yearly": 0,
            "eps_growth_yearly": 0
        },
        "20081": {
            "year_quarter": 20081,
            "year": 2008,
            "quarter": 1,
            "eps": null,
            "eps_growth_year": null,
            "eps_4q": null,
            "eps_4q_growth_year": null,
            "roe": null,
            "roe_4q": 0,
            "gross_profit": null,
            "gross_margin": null,
            "gross_margin_4q_avg": 0,
            "net_income": null,
            "net_income_4q": null,
            "revenue": null,
            "revenue_4q": null,
            "common_shares": null,
            "book_valuer_per_share": null,
            "book_valuer_per_share_4q_avg": 0,
            "equity": null,
            "current_ratio": null,
            "debt_ratio": null,
            "inventory_turnover_ratio": null,
            "account_receivable_turnover_ratio": null,
            "reinvestment_rate": null,
            "research_to_sale_ratio": null,
            "price_fair": 0,
            "eps_avg_yearly": 0,
            "eps_latest_yearly": 0,
            "eps_growth_yearly": 0
        },
        "20082": {
            "year_quarter": 20082,
            "year": 2008,
            "quarter": 2,
            "eps": null,
            "eps_growth_year": null,
            "eps_4q": null,
            "eps_4q_growth_year": null,
            "roe": null,
            "roe_4q": 0,
            "gross_profit": null,
            "gross_margin": null,
            "gross_margin_4q_avg": 0,
            "net_income": null,
            "net_income_4q": null,
            "revenue": null,
            "revenue_4q": null,
            "common_shares": null,
            "book_valuer_per_share": null,
            "book_valuer_per_share_4q_avg": 0,
            "equity": null,
            "current_ratio": null,
            "debt_ratio": null,
            "inventory_turnover_ratio": null,
            "account_receivable_turnover_ratio": null,
            "reinvestment_rate": null,
            "research_to_sale_ratio": null,
            "price_fair": 0,
            "eps_avg_yearly": 0,
            "eps_latest_yearly": 0,
            "eps_growth_yearly": 0
        },
        "20083": {
            "year_quarter": 20083,
            "year": 2008,
            "quarter": 3,
            "eps": null,
            "eps_growth_year": null,
            "eps_4q": null,
            "eps_4q_growth_year": null,
            "roe": null,
            "roe_4q": 0,
            "gross_profit": null,
            "gross_margin": null,
            "gross_margin_4q_avg": 0,
            "net_income": null,
            "net_income_4q": null,
            "revenue": null,
            "revenue_4q": null,
            "common_shares": null,
            "book_valuer_per_share": null,
            "book_valuer_per_share_4q_avg": 0,
            "equity": null,
            "current_ratio": null,
            "debt_ratio": null,
            "inventory_turnover_ratio": null,
            "account_receivable_turnover_ratio": null,
            "reinvestment_rate": null,
            "research_to_sale_ratio": null,
            "price_fair": 0,
            "eps_avg_yearly": 0,
            "eps_latest_yearly": 0,
            "eps_growth_yearly": 0
        },
        "20084": {
            "year_quarter": 20084,
            "year": 2008,
            "quarter": 4,
            "eps": null,
            "eps_growth_year": null,
            "eps_4q": null,
            "eps_4q_growth_year": null,
            "roe": null,
            "roe_4q": 0,
            "gross_profit": null,
            "gross_margin": null,
            "gross_margin_4q_avg": 0,
            "net_income": null,
            "net_income_4q": null,
            "revenue": null,
            "revenue_4q": null,
            "common_shares": null,
            "book_valuer_per_share": null,
            "book_valuer_per_share_4q_avg": 0,
            "equity": null,
            "current_ratio": null,
            "debt_ratio": null,
            "inventory_turnover_ratio": null,
            "account_receivable_turnover_ratio": null,
            "reinvestment_rate": null,
            "research_to_sale_ratio": null,
            "price_fair": 0,
            "eps_avg_yearly": 0,
            "eps_latest_yearly": 0,
            "eps_growth_yearly": 0
        },
        "20091": {
            "year_quarter": 20091,
            "year": 2009,
            "quarter": 1,
            "eps": null,
            "eps_growth_year": null,
            "eps_4q": null,
            "eps_4q_growth_year": null,
            "roe": null,
            "roe_4q": 0,
            "gross_profit": null,
            "gross_margin": null,
            "gross_margin_4q_avg": 0,
            "net_income": null,
            "net_income_4q": null,
            "revenue": null,
            "revenue_4q": null,
            "common_shares": null,
            "book_valuer_per_share": null,
            "book_valuer_per_share_4q_avg": 0,
            "equity": null,
            "current_ratio": null,
            "debt_ratio": null,
            "inventory_turnover_ratio": null,
            "account_receivable_turnover_ratio": null,
            "reinvestment_rate": null,
            "research_to_sale_ratio": null,
            "price_fair": 0,
            "eps_avg_yearly": 0,
            "eps_latest_yearly": 0,
            "eps_growth_yearly": 0
        },
        "20092": {
            "year_quarter": 20092,
            "year": 2009,
            "quarter": 2,
            "eps": null,
            "eps_growth_year": null,
            "eps_4q": null,
            "eps_4q_growth_year": null,
            "roe": null,
            "roe_4q": 0,
            "gross_profit": null,
            "gross_margin": null,
            "gross_margin_4q_avg": 0,
            "net_income": null,
            "net_income_4q": null,
            "revenue": null,
            "revenue_4q": null,
            "common_shares": null,
            "book_valuer_per_share": null,
            "book_valuer_per_share_4q_avg": 0,
            "equity": null,
            "current_ratio": null,
            "debt_ratio": null,
            "inventory_turnover_ratio": null,
            "account_receivable_turnover_ratio": null,
            "reinvestment_rate": null,
            "research_to_sale_ratio": null,
            "price_fair": 0,
            "eps_avg_yearly": 0,
            "eps_latest_yearly": 0,
            "eps_growth_yearly": 0
        },
        "20093": {
            "year_quarter": 20093,
            "year": 2009,
            "quarter": 3,
            "eps": null,
            "eps_growth_year": null,
            "eps_4q": null,
            "eps_4q_growth_year": null,
            "roe": null,
            "roe_4q": 0,
            "gross_profit": null,
            "gross_margin": null,
            "gross_margin_4q_avg": 0,
            "net_income": null,
            "net_income_4q": null,
            "revenue": null,
            "revenue_4q": null,
            "common_shares": null,
            "book_valuer_per_share": null,
            "book_valuer_per_share_4q_avg": 0,
            "equity": null,
            "current_ratio": null,
            "debt_ratio": null,
            "inventory_turnover_ratio": null,
            "account_receivable_turnover_ratio": null,
            "reinvestment_rate": null,
            "research_to_sale_ratio": null,
            "price_fair": 0,
            "eps_avg_yearly": 0,
            "eps_latest_yearly": 0,
            "eps_growth_yearly": 0
        },
        "20094": {
            "year_quarter": 20094,
            "year": 2009,
            "quarter": 4,
            "eps": null,
            "eps_growth_year": null,
            "eps_4q": null,
            "eps_4q_growth_year": null,
            "roe": null,
            "roe_4q": 0,
            "gross_profit": null,
            "gross_margin": null,
            "gross_margin_4q_avg": 0,
            "net_income": null,
            "net_income_4q": null,
            "revenue": null,
            "revenue_4q": null,
            "common_shares": null,
            "book_valuer_per_share": null,
            "book_valuer_per_share_4q_avg": 0,
            "equity": null,
            "current_ratio": null,
            "debt_ratio": null,
            "inventory_turnover_ratio": null,
            "account_receivable_turnover_ratio": null,
            "reinvestment_rate": null,
            "research_to_sale_ratio": null,
            "price_fair": 0,
            "eps_avg_yearly": 0,
            "eps_latest_yearly": 0,
            "eps_growth_yearly": 0
        },
        "20101": {
            "year_quarter": 20101,
            "year": 2010,
            "quarter": 1,
            "eps": null,
            "eps_growth_year": null,
            "eps_4q": null,
            "eps_4q_growth_year": null,
            "roe": null,
            "roe_4q": 0,
            "gross_profit": null,
            "gross_margin": null,
            "gross_margin_4q_avg": 0,
            "net_income": null,
            "net_income_4q": null,
            "revenue": null,
            "revenue_4q": null,
            "common_shares": null,
            "book_valuer_per_share": null,
            "book_valuer_per_share_4q_avg": 0,
            "equity": null,
            "current_ratio": null,
            "debt_ratio": null,
            "inventory_turnover_ratio": null,
            "account_receivable_turnover_ratio": null,
            "reinvestment_rate": null,
            "research_to_sale_ratio": null,
            "price_fair": 0,
            "eps_avg_yearly": 0,
            "eps_latest_yearly": 0,
            "eps_growth_yearly": 0
        },
        "20102": {
            "year_quarter": 20102,
            "year": 2010,
            "quarter": 2,
            "eps": null,
            "eps_growth_year": null,
            "eps_4q": null,
            "eps_4q_growth_year": null,
            "roe": null,
            "roe_4q": 0,
            "gross_profit": null,
            "gross_margin": null,
            "gross_margin_4q_avg": 0,
            "net_income": null,
            "net_income_4q": null,
            "revenue": null,
            "revenue_4q": null,
            "common_shares": null,
            "book_valuer_per_share": null,
            "book_valuer_per_share_4q_avg": 0,
            "equity": null,
            "current_ratio": null,
            "debt_ratio": null,
            "inventory_turnover_ratio": null,
            "account_receivable_turnover_ratio": null,
            "reinvestment_rate": null,
            "research_to_sale_ratio": null,
            "price_fair": 0,
            "eps_avg_yearly": 0,
            "eps_latest_yearly": 0,
            "eps_growth_yearly": 0
        },
        "20103": {
            "year_quarter": 20103,
            "year": 2010,
            "quarter": 3,
            "eps": null,
            "eps_growth_year": null,
            "eps_4q": null,
            "eps_4q_growth_year": null,
            "roe": null,
            "roe_4q": 0,
            "gross_profit": null,
            "gross_margin": null,
            "gross_margin_4q_avg": 0,
            "net_income": null,
            "net_income_4q": null,
            "revenue": null,
            "revenue_4q": null,
            "common_shares": null,
            "book_valuer_per_share": null,
            "book_valuer_per_share_4q_avg": 0,
            "equity": null,
            "current_ratio": null,
            "debt_ratio": null,
            "inventory_turnover_ratio": null,
            "account_receivable_turnover_ratio": null,
            "reinvestment_rate": null,
            "research_to_sale_ratio": null,
            "price_fair": 0,
            "eps_avg_yearly": 0,
            "eps_latest_yearly": 0,
            "eps_growth_yearly": 0
        },
        "20104": {
            "year_quarter": 20104,
            "year": 2010,
            "quarter": 4,
            "eps": null,
            "eps_growth_year": null,
            "eps_4q": null,
            "eps_4q_growth_year": null,
            "roe": null,
            "roe_4q": 0,
            "gross_profit": null,
            "gross_margin": null,
            "gross_margin_4q_avg": 0,
            "net_income": null,
            "net_income_4q": null,
            "revenue": null,
            "revenue_4q": null,
            "common_shares": null,
            "book_valuer_per_share": null,
            "book_valuer_per_share_4q_avg": 0,
            "equity": null,
            "current_ratio": null,
            "debt_ratio": null,
            "inventory_turnover_ratio": null,
            "account_receivable_turnover_ratio": null,
            "reinvestment_rate": null,
            "research_to_sale_ratio": null,
            "price_fair": 0,
            "eps_avg_yearly": 0,
            "eps_latest_yearly": 0,
            "eps_growth_yearly": 0
        },
        "20111": {
            "year_quarter": 20111,
            "year": 2011,
            "quarter": 1,
            "eps": null,
            "eps_growth_year": null,
            "eps_4q": null,
            "eps_4q_growth_year": null,
            "roe": null,
            "roe_4q": 0,
            "gross_profit": null,
            "gross_margin": null,
            "gross_margin_4q_avg": 0,
            "net_income": null,
            "net_income_4q": null,
            "revenue": null,
            "revenue_4q": null,
            "common_shares": null,
            "book_valuer_per_share": null,
            "book_valuer_per_share_4q_avg": 0,
            "equity": null,
            "current_ratio": null,
            "debt_ratio": null,
            "inventory_turnover_ratio": null,
            "account_receivable_turnover_ratio": null,
            "reinvestment_rate": null,
            "research_to_sale_ratio": null,
            "price_fair": 0,
            "eps_avg_yearly": 0,
            "eps_latest_yearly": 0,
            "eps_growth_yearly": 0
        },
        "20112": {
            "year_quarter": 20112,
            "year": 2011,
            "quarter": 2,
            "eps": null,
            "eps_growth_year": null,
            "eps_4q": null,
            "eps_4q_growth_year": null,
            "roe": null,
            "roe_4q": 0,
            "gross_profit": null,
            "gross_margin": null,
            "gross_margin_4q_avg": 0,
            "net_income": null,
            "net_income_4q": null,
            "revenue": null,
            "revenue_4q": null,
            "common_shares": null,
            "book_valuer_per_share": null,
            "book_valuer_per_share_4q_avg": 0,
            "equity": null,
            "current_ratio": null,
            "debt_ratio": null,
            "inventory_turnover_ratio": null,
            "account_receivable_turnover_ratio": null,
            "reinvestment_rate": null,
            "research_to_sale_ratio": null,
            "price_fair": 0,
            "eps_avg_yearly": 0,
            "eps_latest_yearly": 0,
            "eps_growth_yearly": 0
        },
        "20113": {
            "year_quarter": 20113,
            "year": 2011,
            "quarter": 3,
            "eps": null,
            "eps_growth_year": null,
            "eps_4q": null,
            "eps_4q_growth_year": null,
            "roe": null,
            "roe_4q": 0,
            "gross_profit": null,
            "gross_margin": null,
            "gross_margin_4q_avg": 0,
            "net_income": null,
            "net_income_4q": null,
            "revenue": null,
            "revenue_4q": null,
            "common_shares": null,
            "book_valuer_per_share": null,
            "book_valuer_per_share_4q_avg": 0,
            "equity": null,
            "current_ratio": null,
            "debt_ratio": null,
            "inventory_turnover_ratio": null,
            "account_receivable_turnover_ratio": null,
            "reinvestment_rate": null,
            "research_to_sale_ratio": null,
            "price_fair": 0,
            "eps_avg_yearly": 0,
            "eps_latest_yearly": 0,
            "eps_growth_yearly": 0
        },
        "20114": {
            "year_quarter": 20114,
            "year": 2011,
            "quarter": 4,
            "eps": null,
            "eps_growth_year": null,
            "eps_4q": null,
            "eps_4q_growth_year": null,
            "roe": null,
            "roe_4q": 0,
            "gross_profit": null,
            "gross_margin": null,
            "gross_margin_4q_avg": 0,
            "net_income": null,
            "net_income_4q": null,
            "revenue": null,
            "revenue_4q": null,
            "common_shares": 88000,
            "book_valuer_per_share": 15.54,
            "book_valuer_per_share_4q_avg": 3.89,
            "equity": 136747,
            "current_ratio": 107.54,
            "debt_ratio": 64.54,
            "inventory_turnover_ratio": null,
            "account_receivable_turnover_ratio": null,
            "reinvestment_rate": null,
            "research_to_sale_ratio": null,
            "price_fair": 0,
            "eps_avg_yearly": 0,
            "eps_latest_yearly": 0,
            "eps_growth_yearly": 0
        },
        "20121": {
            "year_quarter": 20121,
            "year": 2012,
            "quarter": 1,
            "eps": null,
            "eps_growth_year": null,
            "eps_4q": null,
            "eps_4q_growth_year": null,
            "roe": null,
            "roe_4q": 0,
            "gross_profit": null,
            "gross_margin": null,
            "gross_margin_4q_avg": 0,
            "net_income": null,
            "net_income_4q": null,
            "revenue": null,
            "revenue_4q": null,
            "common_shares": null,
            "book_valuer_per_share": null,
            "book_valuer_per_share_4q_avg": 3.89,
            "equity": null,
            "current_ratio": null,
            "debt_ratio": null,
            "inventory_turnover_ratio": null,
            "account_receivable_turnover_ratio": null,
            "reinvestment_rate": null,
            "research_to_sale_ratio": null,
            "price_fair": 0,
            "eps_avg_yearly": 0,
            "eps_latest_yearly": 0,
            "eps_growth_yearly": 0
        },
        "20122": {
            "year_quarter": 20122,
            "year": 2012,
            "quarter": 2,
            "eps": null,
            "eps_growth_year": null,
            "eps_4q": null,
            "eps_4q_growth_year": null,
            "roe": null,
            "roe_4q": 0,
            "gross_profit": null,
            "gross_margin": null,
            "gross_margin_4q_avg": 0,
            "net_income": null,
            "net_income_4q": null,
            "revenue": null,
            "revenue_4q": null,
            "common_shares": null,
            "book_valuer_per_share": null,
            "book_valuer_per_share_4q_avg": 3.89,
            "equity": null,
            "current_ratio": null,
            "debt_ratio": null,
            "inventory_turnover_ratio": null,
            "account_receivable_turnover_ratio": null,
            "reinvestment_rate": null,
            "research_to_sale_ratio": null,
            "price_fair": 0,
            "eps_avg_yearly": 0,
            "eps_latest_yearly": 0,
            "eps_growth_yearly": 0
        },
        "20123": {
            "year_quarter": 20123,
            "year": 2012,
            "quarter": 3,
            "eps": null,
            "eps_growth_year": null,
            "eps_4q": null,
            "eps_4q_growth_year": null,
            "roe": null,
            "roe_4q": 0,
            "gross_profit": null,
            "gross_margin": null,
            "gross_margin_4q_avg": 0,
            "net_income": null,
            "net_income_4q": null,
            "revenue": null,
            "revenue_4q": null,
            "common_shares": null,
            "book_valuer_per_share": null,
            "book_valuer_per_share_4q_avg": 3.89,
            "equity": null,
            "current_ratio": null,
            "debt_ratio": null,
            "inventory_turnover_ratio": null,
            "account_receivable_turnover_ratio": null,
            "reinvestment_rate": null,
            "research_to_sale_ratio": null,
            "price_fair": 0,
            "eps_avg_yearly": 0,
            "eps_latest_yearly": 0,
            "eps_growth_yearly": 0
        },
        "20124": {
            "year_quarter": 20124,
            "year": 2012,
            "quarter": 4,
            "eps": null,
            "eps_growth_year": null,
            "eps_4q": null,
            "eps_4q_growth_year": null,
            "roe": null,
            "roe_4q": 0,
            "gross_profit": null,
            "gross_margin": null,
            "gross_margin_4q_avg": 0,
            "net_income": null,
            "net_income_4q": null,
            "revenue": null,
            "revenue_4q": null,
            "common_shares": 88000,
            "book_valuer_per_share": 371.97,
            "book_valuer_per_share_4q_avg": 92.99,
            "equity": 3968176,
            "current_ratio": 187.63,
            "debt_ratio": 51.55,
            "inventory_turnover_ratio": null,
            "account_receivable_turnover_ratio": null,
            "reinvestment_rate": null,
            "research_to_sale_ratio": null,
            "price_fair": 0,
            "eps_avg_yearly": 0,
            "eps_latest_yearly": 0,
            "eps_growth_yearly": 0
        },
        "20131": {
            "year_quarter": 20131,
            "year": 2013,
            "quarter": 1,
            "eps": null,
            "eps_growth_year": null,
            "eps_4q": null,
            "eps_4q_growth_year": null,
            "roe": null,
            "roe_4q": 0,
            "gross_profit": null,
            "gross_margin": null,
            "gross_margin_4q_avg": 0,
            "net_income": null,
            "net_income_4q": null,
            "revenue": null,
            "revenue_4q": null,
            "common_shares": null,
            "book_valuer_per_share": null,
            "book_valuer_per_share_4q_avg": 92.99,
            "equity": null,
            "current_ratio": null,
            "debt_ratio": null,
            "inventory_turnover_ratio": null,
            "account_receivable_turnover_ratio": null,
            "reinvestment_rate": null,
            "research_to_sale_ratio": null,
            "price_fair": 0,
            "eps_avg_yearly": 0,
            "eps_latest_yearly": 0,
            "eps_growth_yearly": 0
        },
        "20132": {
            "year_quarter": 20132,
            "year": 2013,
            "quarter": 2,
            "eps": null,
            "eps_growth_year": null,
            "eps_4q": null,
            "eps_4q_growth_year": null,
            "roe": null,
            "roe_4q": 0,
            "gross_profit": null,
            "gross_margin": null,
            "gross_margin_4q_avg": 0,
            "net_income": null,
            "net_income_4q": null,
            "revenue": null,
            "revenue_4q": null,
            "common_shares": null,
            "book_valuer_per_share": null,
            "book_valuer_per_share_4q_avg": 92.99,
            "equity": null,
            "current_ratio": null,
            "debt_ratio": null,
            "inventory_turnover_ratio": null,
            "account_receivable_turnover_ratio": null,
            "reinvestment_rate": null,
            "research_to_sale_ratio": null,
            "price_fair": 0,
            "eps_avg_yearly": 0,
            "eps_latest_yearly": 0,
            "eps_growth_yearly": 0
        },
        "20133": {
            "year_quarter": 20133,
            "year": 2013,
            "quarter": 3,
            "eps": null,
            "eps_growth_year": null,
            "eps_4q": null,
            "eps_4q_growth_year": null,
            "roe": null,
            "roe_4q": 0,
            "gross_profit": null,
            "gross_margin": null,
            "gross_margin_4q_avg": 0,
            "net_income": null,
            "net_income_4q": null,
            "revenue": null,
            "revenue_4q": null,
            "common_shares": null,
            "book_valuer_per_share": null,
            "book_valuer_per_share_4q_avg": 92.99,
            "equity": null,
            "current_ratio": null,
            "debt_ratio": null,
            "inventory_turnover_ratio": null,
            "account_receivable_turnover_ratio": null,
            "reinvestment_rate": null,
            "research_to_sale_ratio": null,
            "price_fair": 0,
            "eps_avg_yearly": 0,
            "eps_latest_yearly": 0,
            "eps_growth_yearly": 0
        },
        "20134": {
            "year_quarter": 20134,
            "year": 2013,
            "quarter": 4,
            "eps": null,
            "eps_growth_year": null,
            "eps_4q": null,
            "eps_4q_growth_year": null,
            "roe": null,
            "roe_4q": 0,
            "gross_profit": null,
            "gross_margin": null,
            "gross_margin_4q_avg": 0,
            "net_income": null,
            "net_income_4q": null,
            "revenue": null,
            "revenue_4q": null,
            "common_shares": 1029718,
            "book_valuer_per_share": null,
            "book_valuer_per_share_4q_avg": 0,
            "equity": 4765091,
            "current_ratio": null,
            "debt_ratio": null,
            "inventory_turnover_ratio": null,
            "account_receivable_turnover_ratio": null,
            "reinvestment_rate": null,
            "research_to_sale_ratio": null,
            "price_fair": 0,
            "eps_avg_yearly": 0,
            "eps_latest_yearly": 0,
            "eps_growth_yearly": 0
        },
        "20141": {
            "year_quarter": 20141,
            "year": 2014,
            "quarter": 1,
            "eps": null,
            "eps_growth_year": null,
            "eps_4q": null,
            "eps_4q_growth_year": null,
            "roe": null,
            "roe_4q": 0,
            "gross_profit": null,
            "gross_margin": null,
            "gross_margin_4q_avg": 0,
            "net_income": null,
            "net_income_4q": null,
            "revenue": null,
            "revenue_4q": null,
            "common_shares": null,
            "book_valuer_per_share": null,
            "book_valuer_per_share_4q_avg": 0,
            "equity": null,
            "current_ratio": null,
            "debt_ratio": null,
            "inventory_turnover_ratio": null,
            "account_receivable_turnover_ratio": null,
            "reinvestment_rate": null,
            "research_to_sale_ratio": null,
            "price_fair": 0,
            "eps_avg_yearly": 0,
            "eps_latest_yearly": 0,
            "eps_growth_yearly": 0
        },
        "20142": {
            "year_quarter": 20142,
            "year": 2014,
            "quarter": 2,
            "eps": null,
            "eps_growth_year": null,
            "eps_4q": null,
            "eps_4q_growth_year": null,
            "roe": null,
            "roe_4q": 0,
            "gross_profit": null,
            "gross_margin": null,
            "gross_margin_4q_avg": 0,
            "net_income": null,
            "net_income_4q": null,
            "revenue": null,
            "revenue_4q": null,
            "common_shares": 1029718,
            "book_valuer_per_share": null,
            "book_valuer_per_share_4q_avg": 0,
            "equity": 4635487,
            "current_ratio": null,
            "debt_ratio": null,
            "inventory_turnover_ratio": null,
            "account_receivable_turnover_ratio": null,
            "reinvestment_rate": null,
            "research_to_sale_ratio": null,
            "price_fair": 0,
            "eps_avg_yearly": 0,
            "eps_latest_yearly": 0,
            "eps_growth_yearly": 0
        },
        "20143": {
            "year_quarter": 20143,
            "year": 2014,
            "quarter": 3,
            "eps": null,
            "eps_growth_year": null,
            "eps_4q": null,
            "eps_4q_growth_year": null,
            "roe": null,
            "roe_4q": 0,
            "gross_profit": null,
            "gross_margin": null,
            "gross_margin_4q_avg": 0,
            "net_income": null,
            "net_income_4q": null,
            "revenue": null,
            "revenue_4q": null,
            "common_shares": null,
            "book_valuer_per_share": null,
            "book_valuer_per_share_4q_avg": 0,
            "equity": null,
            "current_ratio": null,
            "debt_ratio": null,
            "inventory_turnover_ratio": null,
            "account_receivable_turnover_ratio": null,
            "reinvestment_rate": null,
            "research_to_sale_ratio": null,
            "price_fair": 0,
            "eps_avg_yearly": 0,
            "eps_latest_yearly": 0,
            "eps_growth_yearly": 0
        },
        "20144": {
            "year_quarter": 20144,
            "year": 2014,
            "quarter": 4,
            "eps": null,
            "eps_growth_year": null,
            "eps_4q": null,
            "eps_4q_growth_year": null,
            "roe": null,
            "roe_4q": 0,
            "gross_profit": null,
            "gross_margin": null,
            "gross_margin_4q_avg": 0,
            "net_income": null,
            "net_income_4q": null,
            "revenue": null,
            "revenue_4q": null,
            "common_shares": 1131873,
            "book_valuer_per_share": 39.37,
            "book_valuer_per_share_4q_avg": 9.84,
            "equity": 5282982,
            "current_ratio": 412.79,
            "debt_ratio": 42.75,
            "inventory_turnover_ratio": null,
            "account_receivable_turnover_ratio": null,
            "reinvestment_rate": null,
            "research_to_sale_ratio": null,
            "price_fair": 0,
            "eps_avg_yearly": 0,
            "eps_latest_yearly": 0,
            "eps_growth_yearly": 0
        },
        "20151": {
            "year_quarter": 20151,
            "year": 2015,
            "quarter": 1,
            "eps": null,
            "eps_growth_year": null,
            "eps_4q": null,
            "eps_4q_growth_year": null,
            "roe": null,
            "roe_4q": 0,
            "gross_profit": 177123,
            "gross_margin": null,
            "gross_margin_4q_avg": 0,
            "net_income": 129668,
            "net_income_4q": null,
            "revenue": 376635,
            "revenue_4q": null,
            "common_shares": 1131873,
            "book_valuer_per_share": 40.31,
            "book_valuer_per_share_4q_avg": 19.92,
            "equity": 5412650,
            "current_ratio": 395.16,
            "debt_ratio": 41.94,
            "inventory_turnover_ratio": null,
            "account_receivable_turnover_ratio": null,
            "reinvestment_rate": null,
            "research_to_sale_ratio": null,
            "price_fair": 0,
            "eps_avg_yearly": 0,
            "eps_latest_yearly": 0,
            "eps_growth_yearly": 0
        },
        "20152": {
            "year_quarter": 20152,
            "year": 2015,
            "quarter": 2,
            "eps": 0.82,
            "eps_growth_year": null,
            "eps_4q": null,
            "eps_4q_growth_year": null,
            "roe": 2.18,
            "roe_4q": 2.18,
            "gross_profit": 169257,
            "gross_margin": 48.94,
            "gross_margin_4q_avg": 12.24,
            "net_income": 113824,
            "net_income_4q": null,
            "revenue": 345834,
            "revenue_4q": null,
            "common_shares": 1131873,
            "book_valuer_per_share": 37.53,
            "book_valuer_per_share_4q_avg": 29.3,
            "equity": 5041962,
            "current_ratio": 246.55,
            "debt_ratio": 46.1,
            "inventory_turnover_ratio": 0.27,
            "account_receivable_turnover_ratio": 1.42,
            "reinvestment_rate": null,
            "research_to_sale_ratio": null,
            "price_fair": 0,
            "eps_avg_yearly": 0,
            "eps_latest_yearly": 0,
            "eps_growth_yearly": 0
        },
        "20153": {
            "year_quarter": 20153,
            "year": 2015,
            "quarter": 3,
            "eps": null,
            "eps_growth_year": null,
            "eps_4q": null,
            "eps_4q_growth_year": null,
            "roe": null,
            "roe_4q": 2.18,
            "gross_profit": 161969,
            "gross_margin": null,
            "gross_margin_4q_avg": 12.24,
            "net_income": 110061,
            "net_income_4q": null,
            "revenue": 295638,
            "revenue_4q": null,
            "common_shares": 1131873,
            "book_valuer_per_share": 38.3,
            "book_valuer_per_share_4q_avg": 38.88,
            "equity": 5152023,
            "current_ratio": 318.64,
            "debt_ratio": 42.62,
            "inventory_turnover_ratio": null,
            "account_receivable_turnover_ratio": null,
            "reinvestment_rate": null,
            "research_to_sale_ratio": null,
            "price_fair": 0,
            "eps_avg_yearly": 0,
            "eps_latest_yearly": 0,
            "eps_growth_yearly": 0
        },
        "20154": {
            "year_quarter": 20154,
            "year": 2015,
            "quarter": 4,
            "eps": null,
            "eps_growth_year": null,
            "eps_4q": null,
            "eps_4q_growth_year": null,
            "roe": null,
            "roe_4q": 2.18,
            "gross_profit": 205095,
            "gross_margin": null,
            "gross_margin_4q_avg": 12.24,
            "net_income": 75478,
            "net_income_4q": null,
            "revenue": 539645,
            "revenue_4q": null,
            "common_shares": 1191873,
            "book_valuer_per_share": 39.48,
            "book_valuer_per_share_4q_avg": 38.91,
            "equity": 5540373,
            "current_ratio": 315.6,
            "debt_ratio": 41.27,
            "inventory_turnover_ratio": null,
            "account_receivable_turnover_ratio": null,
            "reinvestment_rate": null,
            "research_to_sale_ratio": null,
            "price_fair": 0,
            "eps_avg_yearly": 0,
            "eps_latest_yearly": 0,
            "eps_growth_yearly": 0
        },
        "20161": {
            "year_quarter": 20161,
            "year": 2016,
            "quarter": 1,
            "eps": 1.12,
            "eps_growth_year": null,
            "eps_4q": 1.9,
            "eps_4q_growth_year": null,
            "roe": 2.85,
            "roe_4q": 5.03,
            "gross_profit": 220731,
            "gross_margin": 40.55,
            "gross_margin_4q_avg": 22.37,
            "net_income": 160376,
            "net_income_4q": null,
            "revenue": 544406,
            "revenue_4q": null,
            "common_shares": 1191873,
            "book_valuer_per_share": 40.6,
            "book_valuer_per_share_4q_avg": 38.98,
            "equity": 5700749,
            "current_ratio": 332.36,
            "debt_ratio": 39.76,
            "inventory_turnover_ratio": 0.56,
            "account_receivable_turnover_ratio": 1.25,
            "reinvestment_rate": null,
            "research_to_sale_ratio": 0.24,
            "price_fair": 0,
            "eps_avg_yearly": 0,
            "eps_latest_yearly": 0,
            "eps_growth_yearly": 0
        },
        "20162": {
            "year_quarter": 20162,
            "year": 2016,
            "quarter": 2,
            "eps": 0.95,
            "eps_growth_year": 16.52,
            "eps_4q": 2.07,
            "eps_4q_growth_year": null,
            "roe": 2.51,
            "roe_4q": 5.359999999999999,
            "gross_profit": 203073,
            "gross_margin": 42.21,
            "gross_margin_4q_avg": 20.69,
            "net_income": 139156,
            "net_income_4q": null,
            "revenue": 481100,
            "revenue_4q": null,
            "common_shares": 1191873,
            "book_valuer_per_share": 38.55,
            "book_valuer_per_share_4q_avg": 39.23,
            "equity": 5366784,
            "current_ratio": 222.39,
            "debt_ratio": 43.7,
            "inventory_turnover_ratio": 0.42,
            "account_receivable_turnover_ratio": 1.07,
            "reinvestment_rate": null,
            "research_to_sale_ratio": 0.85,
            "price_fair": 11.4,
            "eps_avg_yearly": 3.8,
            "eps_latest_yearly": 3.8,
            "eps_growth_yearly": -60.71
        },
        "20163": {
            "year_quarter": 20163,
            "year": 2016,
            "quarter": 3,
            "eps": 0.87,
            "eps_growth_year": null,
            "eps_4q": 2.68,
            "eps_4q_growth_year": null,
            "roe": 2.33,
            "roe_4q": 7.6899999999999995,
            "gross_profit": 195905,
            "gross_margin": 35.93,
            "gross_margin_4q_avg": 29.67,
            "net_income": 134747,
            "net_income_4q": null,
            "revenue": 545266,
            "revenue_4q": null,
            "common_shares": 1322123,
            "book_valuer_per_share": 40.97,
            "book_valuer_per_share_4q_avg": 39.9,
            "equity": 6215666,
            "current_ratio": 372.83,
            "debt_ratio": 37.31,
            "inventory_turnover_ratio": 0.47,
            "account_receivable_turnover_ratio": 1.16,
            "reinvestment_rate": null,
            "research_to_sale_ratio": 1.01,
            "price_fair": 10.92,
            "eps_avg_yearly": 3.64,
            "eps_latest_yearly": 3.48,
            "eps_growth_yearly": -47.2
        },
        "20164": {
            "year_quarter": 20164,
            "year": 2016,
            "quarter": 4,
            "eps": 1.01,
            "eps_growth_year": null,
            "eps_4q": 3.69,
            "eps_4q_growth_year": null,
            "roe": 2.71,
            "roe_4q": 10.4,
            "gross_profit": 262656,
            "gross_margin": 37.56,
            "gross_margin_4q_avg": 39.06,
            "net_income": 170491,
            "net_income_4q": null,
            "revenue": 699323,
            "revenue_4q": null,
            "common_shares": 1322123,
            "book_valuer_per_share": 41.95,
            "book_valuer_per_share_4q_avg": 40.52,
            "equity": 6381563,
            "current_ratio": 351.78,
            "debt_ratio": 37.23,
            "inventory_turnover_ratio": 0.55,
            "account_receivable_turnover_ratio": 1.43,
            "reinvestment_rate": null,
            "research_to_sale_ratio": 0.28,
            "price_fair": 11.32,
            "eps_avg_yearly": 3.77,
            "eps_latest_yearly": 4.04,
            "eps_growth_yearly": -10.01
        },
        "20171": {
            "year_quarter": 20171,
            "year": 2017,
            "quarter": 1,
            "eps": 1.08,
            "eps_growth_year": -3.57,
            "eps_4q": 3.76,
            "eps_4q_growth_year": 98.23,
            "roe": 2.44,
            "roe_4q": 9.99,
            "gross_profit": 223339,
            "gross_margin": 33.54,
            "gross_margin_4q_avg": 37.31,
            "net_income": 157557,
            "net_income_4q": null,
            "revenue": 665882,
            "revenue_4q": null,
            "common_shares": 1322123,
            "book_valuer_per_share": 43.02,
            "book_valuer_per_share_4q_avg": 41.12,
            "equity": 6538425,
            "current_ratio": 358.54,
            "debt_ratio": 35.97,
            "inventory_turnover_ratio": null,
            "account_receivable_turnover_ratio": 1.36,
            "reinvestment_rate": null,
            "research_to_sale_ratio": 0.61,
            "price_fair": 11.73,
            "eps_avg_yearly": 3.91,
            "eps_latest_yearly": 4.32,
            "eps_growth_yearly": -0.58
        },
        "20172": {
            "year_quarter": 20172,
            "year": 2017,
            "quarter": 2,
            "eps": 0.63,
            "eps_growth_year": -33.68,
            "eps_4q": 3.54,
            "eps_4q_growth_year": 70.75,
            "roe": 1.73,
            "roe_4q": 9.21,
            "gross_profit": 187833,
            "gross_margin": 31.26,
            "gross_margin_4q_avg": 34.57,
            "net_income": 109643,
            "net_income_4q": null,
            "revenue": 600892,
            "revenue_4q": null,
            "common_shares": 1322123,
            "book_valuer_per_share": 40.45,
            "book_valuer_per_share_4q_avg": 41.6,
            "equity": 6147859,
            "current_ratio": 220.08,
            "debt_ratio": 40.71,
            "inventory_turnover_ratio": null,
            "account_receivable_turnover_ratio": 1.15,
            "reinvestment_rate": null,
            "research_to_sale_ratio": 0.24,
            "price_fair": 10.9,
            "eps_avg_yearly": 3.63,
            "eps_latest_yearly": 2.52,
            "eps_growth_yearly": -33.79
        },
        "20173": {
            "year_quarter": 20173,
            "year": 2017,
            "quarter": 3,
            "eps": 0.63,
            "eps_growth_year": -27.59,
            "eps_4q": 3.35,
            "eps_4q_growth_year": 24.98,
            "roe": 1.81,
            "roe_4q": 8.690000000000001,
            "gross_profit": 163874,
            "gross_margin": 26.53,
            "gross_margin_4q_avg": 32.22,
            "net_income": 112853,
            "net_income_4q": null,
            "revenue": 617756,
            "revenue_4q": null,
            "common_shares": 1322123,
            "book_valuer_per_share": 41.08,
            "book_valuer_per_share_4q_avg": 41.63,
            "equity": 6320549,
            "current_ratio": 232.9,
            "debt_ratio": 39.9,
            "inventory_turnover_ratio": null,
            "account_receivable_turnover_ratio": 1.16,
            "reinvestment_rate": null,
            "research_to_sale_ratio": 0.73,
            "price_fair": 10.34,
            "eps_avg_yearly": 3.45,
            "eps_latest_yearly": 2.52,
            "eps_growth_yearly": -28.16
        },
        "20174": {
            "year_quarter": 20174,
            "year": 2017,
            "quarter": 4,
            "eps": 0.78,
            "eps_growth_year": -23.32,
            "eps_4q": 3.12,
            "eps_4q_growth_year": -15.62,
            "roe": 1.87,
            "roe_4q": 7.85,
            "gross_profit": 237538,
            "gross_margin": 27.41,
            "gross_margin_4q_avg": 29.69,
            "net_income": 121627,
            "net_income_4q": null,
            "revenue": 866689,
            "revenue_4q": null,
            "common_shares": 1322123,
            "book_valuer_per_share": 41.83,
            "book_valuer_per_share_4q_avg": 41.6,
            "equity": 6714220,
            "current_ratio": 197.73,
            "debt_ratio": 42.28,
            "inventory_turnover_ratio": null,
            "account_receivable_turnover_ratio": 1.61,
            "reinvestment_rate": null,
            "research_to_sale_ratio": 0.17,
            "price_fair": 10.2,
            "eps_avg_yearly": 3.4,
            "eps_latest_yearly": 3.12,
            "eps_growth_yearly": -10.53
        },
        "20181": {
            "year_quarter": 20181,
            "year": 2018,
            "quarter": 1,
            "eps": 0.81,
            "eps_growth_year": -25,
            "eps_4q": 2.86,
            "eps_4q_growth_year": -24.01,
            "roe": 1.93,
            "roe_4q": 7.34,
            "gross_profit": 263363,
            "gross_margin": 26,
            "gross_margin_4q_avg": 27.8,
            "net_income": 132103,
            "net_income_4q": null,
            "revenue": 1012797,
            "revenue_4q": null,
            "common_shares": 1322123,
            "book_valuer_per_share": 43.58,
            "book_valuer_per_share_4q_avg": 41.74,
            "equity": 6968910,
            "current_ratio": 160.64,
            "debt_ratio": 40.25,
            "inventory_turnover_ratio": null,
            "account_receivable_turnover_ratio": 1.71,
            "reinvestment_rate": null,
            "research_to_sale_ratio": 0.12,
            "price_fair": 10.14,
            "eps_avg_yearly": 3.38,
            "eps_latest_yearly": 3.24,
            "eps_growth_yearly": -7.29
        },
        "20182": {
            "year_quarter": 20182,
            "year": 2018,
            "quarter": 2,
            "eps": 0.64,
            "eps_growth_year": 1.59,
            "eps_4q": 2.86,
            "eps_4q_growth_year": -19.11,
            "roe": 1.77,
            "roe_4q": 7.380000000000001,
            "gross_profit": 195519,
            "gross_margin": 18.56,
            "gross_margin_4q_avg": 24.63,
            "net_income": 120879,
            "net_income_4q": null,
            "revenue": 1053515,
            "revenue_4q": null,
            "common_shares": 1322123,
            "book_valuer_per_share": 41.25,
            "book_valuer_per_share_4q_avg": 41.94,
            "equity": 6695547,
            "current_ratio": 140.67,
            "debt_ratio": 46.53,
            "inventory_turnover_ratio": null,
            "account_receivable_turnover_ratio": 1.56,
            "reinvestment_rate": null,
            "research_to_sale_ratio": 0.09,
            "price_fair": 9.87,
            "eps_avg_yearly": 3.29,
            "eps_latest_yearly": 2.56,
            "eps_growth_yearly": -15.81
        },
        "20183": {
            "year_quarter": 20183,
            "year": 2018,
            "quarter": 3,
            "eps": 0.72,
            "eps_growth_year": 14.29,
            "eps_4q": 2.95,
            "eps_4q_growth_year": -12.12,
            "roe": 1.88,
            "roe_4q": 7.45,
            "gross_profit": 223057,
            "gross_margin": 20.61,
            "gross_margin_4q_avg": 23.15,
            "net_income": 126783,
            "net_income_4q": null,
            "revenue": 1082178,
            "revenue_4q": null,
            "common_shares": 1322123,
            "book_valuer_per_share": 41.97,
            "book_valuer_per_share_4q_avg": 42.16,
            "equity": 6822243,
            "current_ratio": 134.04,
            "debt_ratio": 46.82,
            "inventory_turnover_ratio": null,
            "account_receivable_turnover_ratio": 1.43,
            "reinvestment_rate": null,
            "research_to_sale_ratio": 0.21,
            "price_fair": 9.74,
            "eps_avg_yearly": 3.25,
            "eps_latest_yearly": 2.88,
            "eps_growth_yearly": -9.23
        },
        "20184": {
            "year_quarter": 20184,
            "year": 2018,
            "quarter": 4,
            "eps": 0.61,
            "eps_growth_year": -21.89,
            "eps_4q": 2.78,
            "eps_4q_growth_year": -10.92,
            "roe": 1.66,
            "roe_4q": 7.24,
            "gross_profit": 317016,
            "gross_margin": 22.82,
            "gross_margin_4q_avg": 22,
            "net_income": 114159,
            "net_income_4q": null,
            "revenue": 1389472,
            "revenue_4q": null,
            "common_shares": 1322123,
            "book_valuer_per_share": 42.56,
            "book_valuer_per_share_4q_avg": 42.34,
            "equity": 6935052,
            "current_ratio": 127.49,
            "debt_ratio": 48.46,
            "inventory_turnover_ratio": null,
            "account_receivable_turnover_ratio": 1.72,
            "reinvestment_rate": 48.99,
            "research_to_sale_ratio": 0.11,
            "price_fair": 9.52,
            "eps_avg_yearly": 3.17,
            "eps_latest_yearly": 2.44,
            "eps_growth_yearly": -13.95
        },
        "20191": {
            "year_quarter": 20191,
            "year": 2019,
            "quarter": 1,
            "eps": 0.32,
            "eps_growth_year": -60.49,
            "eps_4q": 2.2,
            "eps_4q_growth_year": -23.13,
            "roe": 0.93,
            "roe_4q": 6.24,
            "gross_profit": 217487,
            "gross_margin": 20.29,
            "gross_margin_4q_avg": 20.57,
            "net_income": 66150,
            "net_income_4q": null,
            "revenue": 1071780,
            "revenue_4q": null,
            "common_shares": 1378123,
            "book_valuer_per_share": 43.56,
            "book_valuer_per_share_4q_avg": 42.34,
            "equity": 7333038,
            "current_ratio": 166.18,
            "debt_ratio": 47.12,
            "inventory_turnover_ratio": null,
            "account_receivable_turnover_ratio": 1.41,
            "reinvestment_rate": 51.87,
            "research_to_sale_ratio": 0.18,
            "price_fair": 9.05,
            "eps_avg_yearly": 3.02,
            "eps_latest_yearly": 1.28,
            "eps_growth_yearly": -28.63
        },
        "20192": {
            "year_quarter": 20192,
            "year": 2019,
            "quarter": 2,
            "eps": 0.78,
            "eps_growth_year": 21.88,
            "eps_4q": 2.41,
            "eps_4q_growth_year": -15.7,
            "roe": 1.79,
            "roe_4q": 6.26,
            "gross_profit": 225318,
            "gross_margin": 18.39,
            "gross_margin_4q_avg": 20.53,
            "net_income": 128122,
            "net_income_4q": null,
            "revenue": 1225192,
            "revenue_4q": null,
            "common_shares": 1378123,
            "book_valuer_per_share": 42.6,
            "book_valuer_per_share_4q_avg": 42.67,
            "equity": 6956229,
            "current_ratio": 144.28,
            "debt_ratio": 50.51,
            "inventory_turnover_ratio": null,
            "account_receivable_turnover_ratio": 1.63,
            "reinvestment_rate": 51.79,
            "research_to_sale_ratio": 0.03,
            "price_fair": 84.09,
            "eps_avg_yearly": 3.02,
            "eps_latest_yearly": 3.12,
            "eps_growth_yearly": 17.8
        },
        "20193": {
            "year_quarter": 20193,
            "year": 2019,
            "quarter": 3,
            "eps": 0.52,
            "eps_growth_year": -27.78,
            "eps_4q": 2.23,
            "eps_4q_growth_year": -24.45,
            "roe": 1.52,
            "roe_4q": 5.9,
            "gross_profit": 239987,
            "gross_margin": 21.96,
            "gross_margin_4q_avg": 20.87,
            "net_income": 106077,
            "net_income_4q": null,
            "revenue": 1093064,
            "revenue_4q": null,
            "common_shares": 1348123,
            "book_valuer_per_share": 41.77,
            "book_valuer_per_share_4q_avg": 42.62,
            "equity": 7007156,
            "current_ratio": 142.38,
            "debt_ratio": 51.05,
            "inventory_turnover_ratio": null,
            "account_receivable_turnover_ratio": 1.29,
            "reinvestment_rate": 52.88,
            "research_to_sale_ratio": 0.01,
            "price_fair": 50.29,
            "eps_avg_yearly": 2.96,
            "eps_latest_yearly": 2.08,
            "eps_growth_yearly": 7.01
        },
        "20194": {
            "year_quarter": 20194,
            "year": 2019,
            "quarter": 4,
            "eps": 0.63,
            "eps_growth_year": 4.02,
            "eps_4q": 2.26,
            "eps_4q_growth_year": -18.53,
            "roe": 1.6,
            "roe_4q": 5.84,
            "gross_profit": 244406,
            "gross_margin": 23.12,
            "gross_margin_4q_avg": 20.94,
            "net_income": 112917,
            "net_income_4q": null,
            "revenue": 1056932,
            "revenue_4q": null,
            "common_shares": 1348123,
            "book_valuer_per_share": 42.12,
            "book_valuer_per_share_4q_avg": 42.51,
            "equity": 7151370,
            "current_ratio": 116.5,
            "debt_ratio": 50.32,
            "inventory_turnover_ratio": null,
            "account_receivable_turnover_ratio": 1.28,
            "reinvestment_rate": 49.48,
            "research_to_sale_ratio": 0.12,
            "price_fair": 64.94,
            "eps_avg_yearly": 2.93,
            "eps_latest_yearly": 2.52,
            "eps_growth_yearly": 12.18
        },
        "20201": {
            "year_quarter": 20201,
            "year": 2020,
            "quarter": 1,
            "eps": 0.93,
            "eps_growth_year": 190.62,
            "eps_4q": 2.88,
            "eps_4q_growth_year": 31.04,
            "roe": 2.07,
            "roe_4q": 6.9799999999999995,
            "gross_profit": 277069,
            "gross_margin": 25.31,
            "gross_margin_4q_avg": 22.2,
            "net_income": 149588,
            "net_income_4q": null,
            "revenue": 1094552,
            "revenue_4q": null,
            "common_shares": 1348123,
            "book_valuer_per_share": 43.06,
            "book_valuer_per_share_4q_avg": 42.39,
            "equity": 7302235,
            "current_ratio": 108.1,
            "debt_ratio": 49.56,
            "inventory_turnover_ratio": null,
            "account_receivable_turnover_ratio": 1.19,
            "reinvestment_rate": 49.77,
            "research_to_sale_ratio": 0.01,
            "price_fair": 99.22,
            "eps_avg_yearly": 2.98,
            "eps_latest_yearly": 3.72,
            "eps_growth_yearly": 23.32
        },
        "20202": {
            "year_quarter": 20202,
            "year": 2020,
            "quarter": 2,
            "eps": 0.55,
            "eps_growth_year": -29.49,
            "eps_4q": 2.64,
            "eps_4q_growth_year": 9.51,
            "roe": 1.37,
            "roe_4q": 6.5600000000000005,
            "gross_profit": 214217,
            "gross_margin": 18.39,
            "gross_margin_4q_avg": 22.2,
            "net_income": 98488,
            "net_income_4q": null,
            "revenue": 1164632,
            "revenue_4q": null,
            "common_shares": 1348123,
            "book_valuer_per_share": 41.78,
            "book_valuer_per_share_4q_avg": 42.18,
            "equity": 7112682,
            "current_ratio": 98.88,
            "debt_ratio": 51.29,
            "inventory_turnover_ratio": null,
            "account_receivable_turnover_ratio": 1.04,
            "reinvestment_rate": 50.58,
            "research_to_sale_ratio": 0.21,
            "price_fair": 77.41,
            "eps_avg_yearly": 2.88,
            "eps_latest_yearly": 2.2,
            "eps_growth_yearly": 16.9
        },
        "20203": {
            "year_quarter": 20203,
            "year": 2020,
            "quarter": 3,
            "eps": 0.2,
            "eps_growth_year": -61.54,
            "eps_4q": 2.31,
            "eps_4q_growth_year": 3.96,
            "roe": 0.72,
            "roe_4q": 5.76,
            "gross_profit": 161585,
            "gross_margin": 15.92,
            "gross_margin_4q_avg": 20.69,
            "net_income": 51721,
            "net_income_4q": null,
            "revenue": 1015161,
            "revenue_4q": null,
            "common_shares": 1348123,
            "book_valuer_per_share": 42.13,
            "book_valuer_per_share_4q_avg": 42.27,
            "equity": 7189586,
            "current_ratio": 99.97,
            "debt_ratio": 52.25,
            "inventory_turnover_ratio": null,
            "account_receivable_turnover_ratio": 0.89,
            "reinvestment_rate": 61.68,
            "research_to_sale_ratio": 0.04,
            "price_fair": 35.5,
            "eps_avg_yearly": 2.71,
            "eps_latest_yearly": 0.8,
            "eps_growth_yearly": 3.1
        },
        "20204": {
            "year_quarter": 20204,
            "year": 2020,
            "quarter": 4,
            "eps": -0.53,
            "eps_growth_year": -184.82,
            "eps_4q": 1.15,
            "eps_4q_growth_year": -49.19,
            "roe": -0.49,
            "roe_4q": 3.67,
            "gross_profit": 116516,
            "gross_margin": 9.61,
            "gross_margin_4q_avg": 17.31,
            "net_income": -35019,
            "net_income_4q": null,
            "revenue": 1212632,
            "revenue_4q": null,
            "common_shares": 1348123,
            "book_valuer_per_share": 42.01,
            "book_valuer_per_share_4q_avg": 42.25,
            "equity": 7217009,
            "current_ratio": 102.31,
            "debt_ratio": 54.78,
            "inventory_turnover_ratio": 5219.6,
            "account_receivable_turnover_ratio": 1,
            "reinvestment_rate": 53.88,
            "research_to_sale_ratio": 0,
            "price_fair": 7.86,
            "eps_avg_yearly": 2.62,
            "eps_latest_yearly": 0.8,
            "eps_growth_yearly": -0.98
        },
        "20211": {
            "year_quarter": 20211,
            "year": 2021,
            "quarter": 1,
            "eps": 1.08,
            "eps_growth_year": 16.13,
            "eps_4q": 1.3,
            "eps_4q_growth_year": -54.89,
            "roe": 2.46,
            "roe_4q": 4.0600000000000005,
            "gross_profit": 307013,
            "gross_margin": 26.06,
            "gross_margin_4q_avg": 17.5,
            "net_income": 178725,
            "net_income_4q": null,
            "revenue": 1177926,
            "revenue_4q": null,
            "common_shares": 1348123,
            "book_valuer_per_share": 42.67,
            "book_valuer_per_share_4q_avg": 42.15,
            "equity": 7338194,
            "current_ratio": 95.19,
            "debt_ratio": 53.94,
            "inventory_turnover_ratio": 7606.23,
            "account_receivable_turnover_ratio": 0.88,
            "reinvestment_rate": 52.7,
            "research_to_sale_ratio": 0.03,
            "price_fair": 7.5,
            "eps_avg_yearly": 2.5,
            "eps_latest_yearly": 0.8,
            "eps_growth_yearly": -3.04
        },
        "20212": {
            "year_quarter": 20212,
            "year": 2021,
            "quarter": 2,
            "eps": -0.21,
            "eps_growth_year": -138.18,
            "eps_4q": 0.54,
            "eps_4q_growth_year": -79.6,
            "roe": 0.01,
            "roe_4q": 2.6999999999999997,
            "gross_profit": 112497,
            "gross_margin": 12.96,
            "gross_margin_4q_avg": 16.14,
            "net_income": 841,
            "net_income_4q": null,
            "revenue": 867754,
            "revenue_4q": null,
            "common_shares": 1348123,
            "book_valuer_per_share": 42.41,
            "book_valuer_per_share_4q_avg": 42.31,
            "equity": 7263198,
            "current_ratio": 95.15,
            "debt_ratio": 54.22,
            "inventory_turnover_ratio": 79500.74,
            "account_receivable_turnover_ratio": 0.66,
            "reinvestment_rate": 55.35,
            "research_to_sale_ratio": 0,
            "price_fair": 48.85,
            "eps_avg_yearly": 2.5,
            "eps_latest_yearly": 0.8,
            "eps_growth_yearly": 9.55
        },
        "20213": {
            "year_quarter": 20213,
            "year": 2021,
            "quarter": 3,
            "eps": 0.41,
            "eps_growth_year": 105,
            "eps_4q": 0.72,
            "eps_4q_growth_year": -68.71,
            "roe": 1.21,
            "roe_4q": 3.1899999999999995,
            "gross_profit": 194016,
            "gross_margin": 23.84,
            "gross_margin_4q_avg": 18.12,
            "net_income": 88376,
            "net_income_4q": null,
            "revenue": 813832,
            "revenue_4q": null,
            "common_shares": 1348123,
            "book_valuer_per_share": 42.46,
            "book_valuer_per_share_4q_avg": 42.39,
            "equity": 7299167,
            "current_ratio": 111.78,
            "debt_ratio": 55.43,
            "inventory_turnover_ratio": null,
            "account_receivable_turnover_ratio": 0.71,
            "reinvestment_rate": 13.81,
            "research_to_sale_ratio": 0.07,
            "price_fair": 50.8,
            "eps_avg_yearly": 2.5,
            "eps_latest_yearly": 0.8,
            "eps_growth_yearly": 10.35
        },
        "20214": {
            "year_quarter": 20214,
            "year": 2021,
            "quarter": 4,
            "eps": 0.13,
            "eps_growth_year": null,
            "eps_4q": 1.36,
            "eps_4q_growth_year": 18.12,
            "roe": 0.95,
            "roe_4q": 4.63,
            "gross_profit": 282138,
            "gross_margin": 25.58,
            "gross_margin_4q_avg": 22.11,
            "net_income": 69642,
            "net_income_4q": null,
            "revenue": 1102901,
            "revenue_4q": null,
            "common_shares": 1442492,
            "book_valuer_per_share": 39.69,
            "book_valuer_per_share_4q_avg": 41.81,
            "equity": 7360656,
            "current_ratio": 111.21,
            "debt_ratio": 52.86,
            "inventory_turnover_ratio": null,
            "account_receivable_turnover_ratio": 1.04,
            "reinvestment_rate": 3.03,
            "research_to_sale_ratio": 0,
            "price_fair": 6.84,
            "eps_avg_yearly": 2.28,
            "eps_latest_yearly": 0.52,
            "eps_growth_yearly": -20.35
        },
        "20221": {
            "year_quarter": 20221,
            "year": 2022,
            "quarter": 1,
            "eps": 0.59,
            "eps_growth_year": -45.37,
            "eps_4q": 0.94,
            "eps_4q_growth_year": -27.71,
            "roe": 1.51,
            "roe_4q": 3.6799999999999997,
            "gross_profit": 243417,
            "gross_margin": 30.75,
            "gross_margin_4q_avg": 23.28,
            "net_income": 111913,
            "net_income_4q": null,
            "revenue": 791579,
            "revenue_4q": null,
            "common_shares": 1442492,
            "book_valuer_per_share": 40.25,
            "book_valuer_per_share_4q_avg": 41.2,
            "equity": 7468057,
            "current_ratio": 114.22,
            "debt_ratio": 51.11,
            "inventory_turnover_ratio": null,
            "account_receivable_turnover_ratio": 0.72,
            "reinvestment_rate": -4.16,
            "research_to_sale_ratio": 0.06,
            "price_fair": 77.23,
            "eps_avg_yearly": 2.21,
            "eps_latest_yearly": 2.36,
            "eps_growth_yearly": 96.31
        },
        "20222": {
            "year_quarter": 20222,
            "year": 2022,
            "quarter": 2,
            "eps": 0.13,
            "eps_growth_year": null,
            "eps_4q": 1.26,
            "eps_4q_growth_year": 133.92,
            "roe": 0.54,
            "roe_4q": 4.21,
            "gross_profit": 170560,
            "gross_margin": 15.51,
            "gross_margin_4q_avg": 23.92,
            "net_income": 39855,
            "net_income_4q": null,
            "revenue": 1099665,
            "revenue_4q": null,
            "common_shares": 1442492,
            "book_valuer_per_share": 39.56,
            "book_valuer_per_share_4q_avg": 40.49,
            "equity": 7292698,
            "current_ratio": 112.38,
            "debt_ratio": 52.15,
            "inventory_turnover_ratio": null,
            "account_receivable_turnover_ratio": 1.01,
            "reinvestment_rate": -7.88,
            "research_to_sale_ratio": 0,
            "price_fair": 71.28,
            "eps_avg_yearly": 2.04,
            "eps_latest_yearly": 0.52,
            "eps_growth_yearly": 77.32
        },
        "20223": {
            "year_quarter": 20223,
            "year": 2022,
            "quarter": 3,
            "eps": -1.92,
            "eps_growth_year": -568.29,
            "eps_4q": -1.06,
            "eps_4q_growth_year": -246.83,
            "roe": -3.46,
            "roe_4q": -0.45999999999999996,
            "gross_profit": -152483,
            "gross_margin": -16.88,
            "gross_margin_4q_avg": 13.74,
            "net_income": -247613,
            "net_income_4q": null,
            "revenue": 903363,
            "revenue_4q": null,
            "common_shares": 1442492,
            "book_valuer_per_share": 37.43,
            "book_valuer_per_share_4q_avg": 39.23,
            "equity": 7014113,
            "current_ratio": 105.68,
            "debt_ratio": 53.19,
            "inventory_turnover_ratio": null,
            "account_receivable_turnover_ratio": 0.86,
            "reinvestment_rate": -14.56,
            "research_to_sale_ratio": 0,
            "price_fair": 68.6,
            "eps_avg_yearly": 1.96,
            "eps_latest_yearly": 0.52,
            "eps_growth_yearly": 79.8
        },
        "20224": {
            "year_quarter": 20224,
            "year": 2022,
            "quarter": 4,
            "eps": -0.7,
            "eps_growth_year": -618.96,
            "eps_4q": -1.89,
            "eps_4q_growth_year": -239.38,
            "roe": -1.05,
            "roe_4q": -2.46,
            "gross_profit": 5036,
            "gross_margin": 0.45,
            "gross_margin_4q_avg": 7.46,
            "net_income": -73036,
            "net_income_4q": null,
            "revenue": 1128288,
            "revenue_4q": null,
            "common_shares": 1442492,
            "book_valuer_per_share": 36.75,
            "book_valuer_per_share_4q_avg": 38.5,
            "equity": 6943020,
            "current_ratio": 102.73,
            "debt_ratio": 54.86,
            "inventory_turnover_ratio": null,
            "account_receivable_turnover_ratio": 0.91,
            "reinvestment_rate": -17.48,
            "research_to_sale_ratio": 0,
            "price_fair": 66.92,
            "eps_avg_yearly": 1.91,
            "eps_latest_yearly": 0.52,
            "eps_growth_yearly": 93.9
        },
        "20231": {
            "year_quarter": 20231,
            "year": 2023,
            "quarter": 1,
            "eps": -0.15,
            "eps_growth_year": -125.42,
            "eps_4q": -2.58,
            "eps_4q_growth_year": -375.23,
            "roe": 0.21,
            "roe_4q": -3.76,
            "gross_profit": 123152,
            "gross_margin": 12.97,
            "gross_margin_4q_avg": 3.01,
            "net_income": 14672,
            "net_income_4q": null,
            "revenue": 949376,
            "revenue_4q": null,
            "common_shares": 1470040,
            "book_valuer_per_share": 36.53,
            "book_valuer_per_share_4q_avg": 37.57,
            "equity": 7047619,
            "current_ratio": 102.99,
            "debt_ratio": 53.52,
            "inventory_turnover_ratio": null,
            "account_receivable_turnover_ratio": 0.66,
            "reinvestment_rate": -17.1,
            "research_to_sale_ratio": 0,
            "price_fair": 69.38,
            "eps_avg_yearly": 1.98,
            "eps_latest_yearly": 0.52,
            "eps_growth_yearly": 125.46
        },
        "20232": {
            "year_quarter": 20232,
            "year": 2023,
            "quarter": 2,
            "eps": -0.08,
            "eps_growth_year": -161.54,
            "eps_4q": -2.79,
            "eps_4q_growth_year": -321.33,
            "roe": 0.24,
            "roe_4q": -4.0600000000000005,
            "gross_profit": 151866,
            "gross_margin": 14.47,
            "gross_margin_4q_avg": 2.75,
            "net_income": 17168,
            "net_income_4q": null,
            "revenue": 1049365,
            "revenue_4q": null,
            "common_shares": 1470040,
            "book_valuer_per_share": 36.77,
            "book_valuer_per_share_4q_avg": 36.87,
            "equity": 6989580,
            "current_ratio": 101.94,
            "debt_ratio": 54.16,
            "inventory_turnover_ratio": null,
            "account_receivable_turnover_ratio": 0.71,
            "reinvestment_rate": -27.23,
            "research_to_sale_ratio": 0,
            "price_fair": 64.4,
            "eps_avg_yearly": 1.84,
            "eps_latest_yearly": 0.52,
            "eps_growth_yearly": 69.27
        },
        "20233": {
            "year_quarter": 20233,
            "year": 2023,
            "quarter": 3,
            "eps": 0.25,
            "eps_growth_year": null,
            "eps_4q": -0.66,
            "eps_4q_growth_year": null,
            "roe": 0.88,
            "roe_4q": 0.28,
            "gross_profit": 200021,
            "gross_margin": 24.05,
            "gross_margin_4q_avg": 12.99,
            "net_income": 61553,
            "net_income_4q": null,
            "revenue": 831688,
            "revenue_4q": null,
            "common_shares": 1470040,
            "book_valuer_per_share": 37.07,
            "book_valuer_per_share_4q_avg": 36.78,
            "equity": 7057657,
            "current_ratio": 100.56,
            "debt_ratio": 53.31,
            "inventory_turnover_ratio": null,
            "account_receivable_turnover_ratio": 0.56,
            "reinvestment_rate": -29.29,
            "research_to_sale_ratio": 0,
            "price_fair": 63.2,
            "eps_avg_yearly": 1.81,
            "eps_latest_yearly": 0.52,
            "eps_growth_yearly": 98.21
        }
    },
    "months": {
        "2015-03": {
            "month": "2015-03",
            "price": "57.98",
            "revenue": 122554
        },
        "2015-04": {
            "month": "2015-04",
            "price": "59.65",
            "revenue": 106603
        },
        "2015-05": {
            "month": "2015-05",
            "price": "60.21",
            "revenue": 125457
        },
        "2015-06": {
            "month": "2015-06",
            "price": "59.93",
            "revenue": 113773
        },
        "2015-07": {
            "month": "2015-07",
            "price": "59.38",
            "revenue": 90222
        },
        "2015-08": {
            "month": "2015-08",
            "price": "58.62",
            "revenue": 101867
        },
        "2015-09": {
            "month": "2015-09",
            "price": "56.84",
            "revenue": 103547
        },
        "2015-10": {
            "month": "2015-10",
            "price": "58.74",
            "revenue": 117874
        },
        "2015-11": {
            "month": "2015-11",
            "price": "58.61",
            "revenue": 178338
        },
        "2015-12": {
            "month": "2015-12",
            "price": "61.64",
            "revenue": 243434
        },
        "2016-01": {
            "month": "2016-01",
            "price": "55.21",
            "revenue": 174315
        },
        "2016-02": {
            "month": "2016-02",
            "price": "55.16",
            "revenue": 167802
        },
        "2016-03": {
            "month": "2016-03",
            "price": "58.28",
            "revenue": 189279
        },
        "2016-04": {
            "month": "2016-04",
            "price": "58.70",
            "revenue": 179782
        },
        "2016-05": {
            "month": "2016-05",
            "price": "58.14",
            "revenue": 138670
        },
        "2016-06": {
            "month": "2016-06",
            "price": "59.56",
            "revenue": 175659
        },
        "2016-07": {
            "month": "2016-07",
            "price": "59.54",
            "revenue": 154342
        },
        "2016-08": {
            "month": "2016-08",
            "price": "60.90",
            "revenue": 221994
        },
        "2016-09": {
            "month": "2016-09",
            "price": "58.51",
            "revenue": 168929
        },
        "2016-10": {
            "month": "2016-10",
            "price": "55.56",
            "revenue": 203267
        },
        "2016-11": {
            "month": "2016-11",
            "price": "52.98",
            "revenue": 193859
        },
        "2016-12": {
            "month": "2016-12",
            "price": "52.64",
            "revenue": 262723
        },
        "2017-01": {
            "month": "2017-01",
            "price": "52.99",
            "revenue": 182836
        },
        "2017-02": {
            "month": "2017-02",
            "price": "55.33",
            "revenue": 217206
        },
        "2017-03": {
            "month": "2017-03",
            "price": "58.39",
            "revenue": 251802
        },
        "2017-04": {
            "month": "2017-04",
            "price": "64.64",
            "revenue": 169948
        },
        "2017-05": {
            "month": "2017-05",
            "price": "64.83",
            "revenue": 258357
        },
        "2017-06": {
            "month": "2017-06",
            "price": "64.76",
            "revenue": 213815
        },
        "2017-07": {
            "month": "2017-07",
            "price": "61.50",
            "revenue": 134672
        },
        "2017-08": {
            "month": "2017-08",
            "price": "58.32",
            "revenue": 206034
        },
        "2017-09": {
            "month": "2017-09",
            "price": "57.62",
            "revenue": 242954
        },
        "2017-10": {
            "month": "2017-10",
            "price": "59.30",
            "revenue": 241985
        },
        "2017-11": {
            "month": "2017-11",
            "price": "58.82",
            "revenue": 273950
        },
        "2017-12": {
            "month": "2017-12",
            "price": "59.26",
            "revenue": 348720
        },
        "2018-01": {
            "month": "2018-01",
            "price": "63.20",
            "revenue": 356592
        },
        "2018-02": {
            "month": "2018-02",
            "price": "63.95",
            "revenue": 330579
        },
        "2018-03": {
            "month": "2018-03",
            "price": "68.38",
            "revenue": 323404
        },
        "2018-04": {
            "month": "2018-04",
            "price": "70.37",
            "revenue": 309171
        },
        "2018-05": {
            "month": "2018-05",
            "price": "67.44",
            "revenue": 401930
        },
        "2018-06": {
            "month": "2018-06",
            "price": "66.57",
            "revenue": 344636
        },
        "2018-07": {
            "month": "2018-07",
            "price": "69.20",
            "revenue": 348769
        },
        "2018-08": {
            "month": "2018-08",
            "price": "66.94",
            "revenue": 378414
        },
        "2018-09": {
            "month": "2018-09",
            "price": "62.97",
            "revenue": 354995
        },
        "2018-10": {
            "month": "2018-10",
            "price": "59.45",
            "revenue": 427415
        },
        "2018-11": {
            "month": "2018-11",
            "price": "57.22",
            "revenue": 493703
        },
        "2018-12": {
            "month": "2018-12",
            "price": "56.30",
            "revenue": 465763
        },
        "2019-01": {
            "month": "2019-01",
            "price": "58.12",
            "revenue": 438122
        },
        "2019-02": {
            "month": "2019-02",
            "price": "58.93",
            "revenue": 298497
        },
        "2019-03": {
            "month": "2019-03",
            "price": "59.52",
            "revenue": 351454
        },
        "2019-04": {
            "month": "2019-04",
            "price": "58.34",
            "revenue": 385832
        },
        "2019-05": {
            "month": "2019-05",
            "price": "54.55",
            "revenue": 360834
        },
        "2019-06": {
            "month": "2019-06",
            "price": "51.76",
            "revenue": 462232
        },
        "2019-07": {
            "month": "2019-07",
            "price": "52.04",
            "revenue": 321068
        },
        "2019-08": {
            "month": "2019-08",
            "price": "50.65",
            "revenue": 441533
        },
        "2019-09": {
            "month": "2019-09",
            "price": "53.10",
            "revenue": 330475
        },
        "2019-10": {
            "month": "2019-10",
            "price": "55.80",
            "revenue": 258255
        },
        "2019-11": {
            "month": "2019-11",
            "price": "51.60",
            "revenue": 374970
        },
        "2019-12": {
            "month": "2019-12",
            "price": "49.39",
            "revenue": 423696
        },
        "2020-01": {
            "month": "2020-01",
            "price": "48.94",
            "revenue": 323826
        },
        "2020-02": {
            "month": "2020-02",
            "price": "46.41",
            "revenue": 350912
        },
        "2020-03": {
            "month": "2020-03",
            "price": "39.56",
            "revenue": 419813
        },
        "2020-04": {
            "month": "2020-04",
            "price": "40.16",
            "revenue": 314448
        },
        "2020-05": {
            "month": "2020-05",
            "price": "42.76",
            "revenue": 482946
        },
        "2020-06": {
            "month": "2020-06",
            "price": "46.57",
            "revenue": 367240
        },
        "2020-07": {
            "month": "2020-07",
            "price": "47.56",
            "revenue": 324408
        },
        "2020-08": {
            "month": "2020-08",
            "price": "44.31",
            "revenue": 377297
        },
        "2020-09": {
            "month": "2020-09",
            "price": "41.92",
            "revenue": 313456
        },
        "2020-10": {
            "month": "2020-10",
            "price": "44.05",
            "revenue": 351217
        },
        "2020-11": {
            "month": "2020-11",
            "price": "42.81",
            "revenue": 302942
        },
        "2020-12": {
            "month": "2020-12",
            "price": "41.48",
            "revenue": 558472
        },
        "2021-01": {
            "month": "2021-01",
            "price": "39.42",
            "revenue": 451627
        },
        "2021-02": {
            "month": "2021-02",
            "price": "39.45",
            "revenue": 295052
        },
        "2021-03": {
            "month": "2021-03",
            "price": "41.86",
            "revenue": 431247
        },
        "2021-04": {
            "month": "2021-04",
            "price": "41.10",
            "revenue": 262996
        },
        "2021-05": {
            "month": "2021-05",
            "price": "41.07",
            "revenue": 340680
        },
        "2021-06": {
            "month": "2021-06",
            "price": "39.94",
            "revenue": 264078
        },
        "2021-07": {
            "month": "2021-07",
            "price": "39.72",
            "revenue": 268317
        },
        "2021-08": {
            "month": "2021-08",
            "price": "38.30",
            "revenue": 239911
        },
        "2021-09": {
            "month": "2021-09",
            "price": "36.30",
            "revenue": 305603
        },
        "2021-10": {
            "month": "2021-10",
            "price": "33.77",
            "revenue": 343940
        },
        "2021-11": {
            "month": "2021-11",
            "price": "33.87",
            "revenue": 263650
        },
        "2021-12": {
            "month": "2021-12",
            "price": "33.28",
            "revenue": 522191
        },
        "2022-01": {
            "month": "2022-01",
            "price": "32.85",
            "revenue": 280093
        },
        "2022-02": {
            "month": "2022-02",
            "price": "32.22",
            "revenue": 277010
        },
        "2022-03": {
            "month": "2022-03",
            "price": "32.34",
            "revenue": 234476
        },
        "2022-04": {
            "month": "2022-04",
            "price": "32.20",
            "revenue": 299597
        },
        "2022-05": {
            "month": "2022-05",
            "price": "30.45",
            "revenue": 331766
        },
        "2022-06": {
            "month": "2022-06",
            "price": "30.36",
            "revenue": 468302
        },
        "2022-07": {
            "month": "2022-07",
            "price": "29.87",
            "revenue": 328329
        },
        "2022-08": {
            "month": "2022-08",
            "price": "30.60",
            "revenue": 459949
        },
        "2022-09": {
            "month": "2022-09",
            "price": "30.52",
            "revenue": 131477
        },
        "2022-10": {
            "month": "2022-10",
            "price": "28.90",
            "revenue": 317743
        },
        "2022-11": {
            "month": "2022-11",
            "price": "27.64",
            "revenue": 374231
        },
        "2022-12": {
            "month": "2022-12",
            "price": "27.41",
            "revenue": 336649
        },
        "2023-01": {
            "month": "2023-01",
            "price": "27.46",
            "revenue": 269296
        },
        "2023-02": {
            "month": "2023-02",
            "price": "28.97",
            "revenue": 288731
        },
        "2023-03": {
            "month": "2023-03",
            "price": "30.75",
            "revenue": 391349
        },
        "2023-04": {
            "month": "2023-04",
            "price": "30.04",
            "revenue": 317561
        },
        "2023-05": {
            "month": "2023-05",
            "price": "29.68",
            "revenue": 380380
        },
        "2023-06": {
            "month": "2023-06",
            "price": "29.47",
            "revenue": 351424
        },
        "2023-07": {
            "month": "2023-07",
            "price": "29.96",
            "revenue": 252943
        },
        "2023-08": {
            "month": "2023-08",
            "price": "28.31",
            "revenue": 254926
        },
        "2023-09": {
            "month": "2023-09",
            "price": "27.30",
            "revenue": 323820
        },
        "2023-10": {
            "month": "2023-10",
            "price": "26.94",
            "revenue": 251173
        },
        "2023-11": {
            "month": "2023-11",
            "price": "28.88",
            "revenue": 300945
        },
        "2023-12": {
            "month": "2023-12",
            "price": "30.31",
            "revenue": 312132
        }
    }
}
