{
    "summary": {
        "stock_name": "台境",
        "stock_id": "8476",
        "category": "綠能環保",
        "main_business": "環境保護工程顧問與施工<br>土方資源再利用處理<br>環境檢測採樣及檢驗",
        "website_url": "http://www.tesc.com.tw",
        "ceo": "林睿達",
        "pe_ratio": 7,
        "report_year_from": 2015,
        "report_year_to": 2023,
        "age": 8,
        "eps_negative_percentage": 50,
        "eps_growth_avg": {
            "last_all": -89.62,
            "last_2y": null,
            "last_4y": -100,
            "last_8y": null,
            "last_12y": null,
            "last_16y": null,
            "last_20y": null,
            "at_2006_last_3y": null,
            "at_2007_last_3y": null,
            "at_2008_last_3y": null,
            "at_2009_last_3y": null,
            "at_2010_last_3y": null,
            "at_2011_last_3y": null,
            "at_2012_last_3y": null,
            "at_2013_last_3y": null,
            "at_2014_last_3y": null,
            "at_2015_last_3y": null,
            "at_2016_last_3y": null,
            "at_2017_last_3y": null,
            "at_2018_last_3y": null,
            "at_2019_last_3y": null,
            "at_2020_last_3y": -89.62,
            "at_2021_last_3y": -100,
            "at_2022_last_3y": null,
            "at_2023_last_3y": null,
            "at_2006_last_all": null,
            "at_2007_last_all": null,
            "at_2008_last_all": null,
            "at_2009_last_all": null,
            "at_2010_last_all": null,
            "at_2011_last_all": null,
            "at_2012_last_all": null,
            "at_2013_last_all": null,
            "at_2014_last_all": null,
            "at_2015_last_all": null,
            "at_2016_last_all": null,
            "at_2017_last_all": null,
            "at_2018_last_all": -89.62,
            "at_2019_last_all": -89.62,
            "at_2020_last_all": -89.62,
            "at_2021_last_all": -89.62,
            "at_2022_last_all": -89.62,
            "at_2023_last_all": -89.62
        },
        "latest_eps": 9,
        "latest_price": 61,
        "latest_roe": 52.24,
        "latest_gross_margin": 56.37,
        "latest_equity": 1853125,
        "latest_revenue": 666290,
        "latest_gross_profit": 375558,
        "latest_net_income": 265157,
        "latest_debt_ratio": 30.43,
        "latest_current_ratio": 301.55,
        "latest_account_receivable_turnover_ratio": 4.8,
        "latest_inventory_turnover_ratio": 1.62,
        "latest_reinvestment_rate": -27.38,
        "latest_research_to_sale_ratio": 0.07
    },
    "eps_dividends": {
        "2001": {
            "cash": 0,
            "stock": 0,
            "eps": 0
        },
        "2002": {
            "cash": 0,
            "stock": 0,
            "eps": 0
        },
        "2003": {
            "cash": 0,
            "stock": 0,
            "eps": 0
        },
        "2004": {
            "cash": 0,
            "stock": 0,
            "eps": 0
        },
        "2005": {
            "cash": 0,
            "stock": 0,
            "eps": 0
        },
        "2006": {
            "cash": 0,
            "stock": 0,
            "eps": 0
        },
        "2007": {
            "cash": 0,
            "stock": 0,
            "eps": 0
        },
        "2008": {
            "cash": 0,
            "stock": 0,
            "eps": 0
        },
        "2009": {
            "cash": 0,
            "stock": 0,
            "eps": 0
        },
        "2010": {
            "cash": 0,
            "stock": 0,
            "eps": 0
        },
        "2011": {
            "cash": 0,
            "stock": 0,
            "eps": 0
        },
        "2012": {
            "cash": 0,
            "stock": 0,
            "eps": 0
        },
        "2013": {
            "cash": 0,
            "stock": 0,
            "eps": 0
        },
        "2014": {
            "cash": 0,
            "stock": 0,
            "eps": 0
        },
        "2015": {
            "cash": 0.87,
            "stock": 0,
            "eps": 0
        },
        "2016": {
            "cash": 0.1,
            "stock": 0.9,
            "eps": 0.53
        },
        "2017": {
            "cash": 0.6,
            "stock": 0.7,
            "eps": 0.11
        },
        "2018": {
            "cash": 0,
            "stock": 0.5,
            "eps": -9.98
        },
        "2019": {
            "cash": 0,
            "stock": 0,
            "eps": -3.67
        },
        "2020": {
            "cash": 0,
            "stock": 0,
            "eps": -1.06
        },
        "2021": {
            "cash": 0,
            "stock": 0,
            "eps": -0.5
        },
        "2022": {
            "cash": 0,
            "stock": 0,
            "eps": 7.19
        },
        "2023": {
            "cash": 2.15,
            "stock": 0.65,
            "eps": 3.42
        }
    },
    "dividends": {
        "2015-05-05": {
            "cash": 0.87,
            "stock": 0
        },
        "2016-09-01": {
            "cash": 0.1,
            "stock": 0.9
        },
        "2017-08-22": {
            "cash": 0.6,
            "stock": 0.7
        },
        "2018-04-16": {
            "cash": 0,
            "stock": 0.5
        },
        "2023-08-04": {
            "cash": 2.15,
            "stock": 0.65
        }
    },
    "prices": {
        "200101": "無",
        "200102": "無",
        "200103": "無",
        "200104": "無",
        "200105": "無",
        "200106": "無",
        "200107": "無",
        "200108": "無",
        "200109": "無",
        "200110": "無",
        "200111": "無",
        "200112": "無",
        "200201": "無",
        "200202": "無",
        "200203": "無",
        "200204": "無",
        "200205": "無",
        "200206": "無",
        "200207": "無",
        "200208": "無",
        "200209": "無",
        "200210": "無",
        "200211": "無",
        "200212": "無",
        "200301": "無",
        "200302": "無",
        "200303": "無",
        "200304": "無",
        "200305": "無",
        "200306": "無",
        "200307": "無",
        "200308": "無",
        "200309": "無",
        "200310": "無",
        "200311": "無",
        "200312": "無",
        "200401": "無",
        "200402": "無",
        "200403": "無",
        "200404": "無",
        "200405": "無",
        "200406": "無",
        "200407": "無",
        "200408": "無",
        "200409": "無",
        "200410": "無",
        "200411": "無",
        "200412": "無",
        "200501": "無",
        "200502": "無",
        "200503": "無",
        "200504": "無",
        "200505": "無",
        "200506": "無",
        "200507": "無",
        "200508": "無",
        "200509": "無",
        "200510": "無",
        "200511": "無",
        "200512": "無",
        "200601": "無",
        "200602": "無",
        "200603": "無",
        "200604": "無",
        "200605": "無",
        "200606": "無",
        "200607": "無",
        "200608": "無",
        "200609": "無",
        "200610": "無",
        "200611": "無",
        "200612": "無",
        "200701": "無",
        "200702": "無",
        "200703": "無",
        "200704": "無",
        "200705": "無",
        "200706": "無",
        "200707": "無",
        "200708": "無",
        "200709": "無",
        "200710": "無",
        "200711": "無",
        "200712": "無",
        "200801": "無",
        "200802": "無",
        "200803": "無",
        "200804": "無",
        "200805": "無",
        "200806": "無",
        "200807": "無",
        "200808": "無",
        "200809": "無",
        "200810": "無",
        "200811": "無",
        "200812": "無",
        "200901": "無",
        "200902": "無",
        "200903": "無",
        "200904": "無",
        "200905": "無",
        "200906": "無",
        "200907": "無",
        "200908": "無",
        "200909": "無",
        "200910": "無",
        "200911": "無",
        "200912": "無",
        "201001": "無",
        "201002": "無",
        "201003": "無",
        "201004": "無",
        "201005": "無",
        "201006": "無",
        "201007": "無",
        "201008": "無",
        "201009": "無",
        "201010": "無",
        "201011": "無",
        "201012": "無",
        "201101": "無",
        "201102": "無",
        "201103": "無",
        "201104": "無",
        "201105": "無",
        "201106": "無",
        "201107": "無",
        "201108": "無",
        "201109": "無",
        "201110": "無",
        "201111": "無",
        "201112": "無",
        "201201": "無",
        "201202": "無",
        "201203": "無",
        "201204": "無",
        "201205": "無",
        "201206": "無",
        "201207": "無",
        "201208": "無",
        "201209": "無",
        "201210": "無",
        "201211": "無",
        "201212": "無",
        "201301": "無",
        "201302": "無",
        "201303": "無",
        "201304": "無",
        "201305": "無",
        "201306": "無",
        "201307": "無",
        "201308": "無",
        "201309": "無",
        "201310": "無",
        "201311": "無",
        "201312": "無",
        "201401": "無",
        "201402": "無",
        "201403": "無",
        "201404": "無",
        "201405": "無",
        "201406": "無",
        "201407": "無",
        "201408": "無",
        "201409": "無",
        "201410": "無",
        "201411": "無",
        "201412": "無",
        "201501": "無",
        "201502": "無",
        "201503": "無",
        "201504": "無",
        "201505": "無",
        "201506": "無",
        "201507": "36.23",
        "201508": "32.35",
        "201509": "31.90",
        "201510": "30.92",
        "201511": "34.21",
        "201512": "47.84",
        "201601": "47.57",
        "201602": "50.48",
        "201603": "53.38",
        "201604": "54.61",
        "201605": "50.71",
        "201606": "46.68",
        "201607": "48.15",
        "201608": "48.14",
        "201609": "46.18",
        "201610": "48.74",
        "201611": "51.72",
        "201612": "51.51",
        "201701": "51.99",
        "201702": "49.22",
        "201703": "58.22",
        "201704": "57.30",
        "201705": "52.64",
        "201706": "51.46",
        "201707": "51.20",
        "201708": "48.66",
        "201709": "44.76",
        "201710": "42.70",
        "201711": "38.28",
        "201712": "37.46",
        "201801": "37.16",
        "201802": "36.35",
        "201803": "39.18",
        "201804": "36.85",
        "201805": "36.29",
        "201806": "34.00",
        "201807": "25.39",
        "201808": "20.43",
        "201809": "18.01",
        "201810": "16.56",
        "201811": "16.26",
        "201812": "17.76",
        "201901": "19.82",
        "201902": "19.56",
        "201903": "18.16",
        "201904": "16.23",
        "201905": "14.24",
        "201906": "13.87",
        "201907": "13.09",
        "201908": "13.64",
        "201909": "18.64",
        "201910": "20.20",
        "201911": "20.32",
        "201912": "19.99",
        "202001": "20.75",
        "202002": "23.55",
        "202003": "23.60",
        "202004": "22.50",
        "202005": "23.69",
        "202006": "22.75",
        "202007": "23.32",
        "202008": "23.17",
        "202009": "20.26",
        "202010": "20.26",
        "202011": "20.52",
        "202012": "21.97",
        "202101": "21.50",
        "202102": "20.52",
        "202103": "20.89",
        "202104": "21.12",
        "202105": "21.05",
        "202106": "21.28",
        "202107": "30.22",
        "202108": "45.50",
        "202109": "48.88",
        "202110": "54.82",
        "202111": "61.85",
        "202112": "59.40",
        "202201": "55.62",
        "202202": "57.47",
        "202203": "60.20",
        "202204": "59.65",
        "202205": "57.80",
        "202206": "57.86",
        "202207": "55.26",
        "202208": "55.58",
        "202209": "53.14",
        "202210": "49.02",
        "202211": "49.85",
        "202212": "54.38",
        "202301": "60.37",
        "202302": "69.03",
        "202303": "68.78",
        "202304": "64.73",
        "202305": "72.65",
        "202306": "71.78",
        "202307": "68.15",
        "202308": "64.15",
        "202309": "66.36",
        "202310": "61.75"
    },
    "quarters": {
        "20011": {
            "year_quarter": 20011,
            "year": 2001,
            "quarter": 1,
            "eps": null,
            "eps_growth_year": null,
            "eps_4q": null,
            "eps_4q_growth_year": null,
            "roe": null,
            "roe_4q": 0,
            "gross_profit": null,
            "gross_margin": null,
            "gross_margin_4q_avg": 0,
            "net_income": null,
            "net_income_4q": null,
            "revenue": null,
            "revenue_4q": null,
            "common_shares": null,
            "book_valuer_per_share": null,
            "book_valuer_per_share_4q_avg": 0,
            "equity": null,
            "current_ratio": null,
            "debt_ratio": null,
            "inventory_turnover_ratio": null,
            "account_receivable_turnover_ratio": null,
            "reinvestment_rate": null,
            "research_to_sale_ratio": null,
            "price_fair": 0,
            "eps_avg_yearly": 0,
            "eps_latest_yearly": 0,
            "eps_growth_yearly": 0
        },
        "20012": {
            "year_quarter": 20012,
            "year": 2001,
            "quarter": 2,
            "eps": null,
            "eps_growth_year": null,
            "eps_4q": null,
            "eps_4q_growth_year": null,
            "roe": null,
            "roe_4q": 0,
            "gross_profit": null,
            "gross_margin": null,
            "gross_margin_4q_avg": 0,
            "net_income": null,
            "net_income_4q": null,
            "revenue": null,
            "revenue_4q": null,
            "common_shares": null,
            "book_valuer_per_share": null,
            "book_valuer_per_share_4q_avg": 0,
            "equity": null,
            "current_ratio": null,
            "debt_ratio": null,
            "inventory_turnover_ratio": null,
            "account_receivable_turnover_ratio": null,
            "reinvestment_rate": null,
            "research_to_sale_ratio": null,
            "price_fair": 0,
            "eps_avg_yearly": 0,
            "eps_latest_yearly": 0,
            "eps_growth_yearly": 0
        },
        "20013": {
            "year_quarter": 20013,
            "year": 2001,
            "quarter": 3,
            "eps": null,
            "eps_growth_year": null,
            "eps_4q": null,
            "eps_4q_growth_year": null,
            "roe": null,
            "roe_4q": 0,
            "gross_profit": null,
            "gross_margin": null,
            "gross_margin_4q_avg": 0,
            "net_income": null,
            "net_income_4q": null,
            "revenue": null,
            "revenue_4q": null,
            "common_shares": null,
            "book_valuer_per_share": null,
            "book_valuer_per_share_4q_avg": 0,
            "equity": null,
            "current_ratio": null,
            "debt_ratio": null,
            "inventory_turnover_ratio": null,
            "account_receivable_turnover_ratio": null,
            "reinvestment_rate": null,
            "research_to_sale_ratio": null,
            "price_fair": 0,
            "eps_avg_yearly": 0,
            "eps_latest_yearly": 0,
            "eps_growth_yearly": 0
        },
        "20014": {
            "year_quarter": 20014,
            "year": 2001,
            "quarter": 4,
            "eps": null,
            "eps_growth_year": null,
            "eps_4q": null,
            "eps_4q_growth_year": null,
            "roe": null,
            "roe_4q": 0,
            "gross_profit": null,
            "gross_margin": null,
            "gross_margin_4q_avg": 0,
            "net_income": null,
            "net_income_4q": null,
            "revenue": null,
            "revenue_4q": null,
            "common_shares": null,
            "book_valuer_per_share": null,
            "book_valuer_per_share_4q_avg": 0,
            "equity": null,
            "current_ratio": null,
            "debt_ratio": null,
            "inventory_turnover_ratio": null,
            "account_receivable_turnover_ratio": null,
            "reinvestment_rate": null,
            "research_to_sale_ratio": null,
            "price_fair": 0,
            "eps_avg_yearly": 0,
            "eps_latest_yearly": 0,
            "eps_growth_yearly": 0
        },
        "20021": {
            "year_quarter": 20021,
            "year": 2002,
            "quarter": 1,
            "eps": null,
            "eps_growth_year": null,
            "eps_4q": null,
            "eps_4q_growth_year": null,
            "roe": null,
            "roe_4q": 0,
            "gross_profit": null,
            "gross_margin": null,
            "gross_margin_4q_avg": 0,
            "net_income": null,
            "net_income_4q": null,
            "revenue": null,
            "revenue_4q": null,
            "common_shares": null,
            "book_valuer_per_share": null,
            "book_valuer_per_share_4q_avg": 0,
            "equity": null,
            "current_ratio": null,
            "debt_ratio": null,
            "inventory_turnover_ratio": null,
            "account_receivable_turnover_ratio": null,
            "reinvestment_rate": null,
            "research_to_sale_ratio": null,
            "price_fair": 0,
            "eps_avg_yearly": 0,
            "eps_latest_yearly": 0,
            "eps_growth_yearly": 0
        },
        "20022": {
            "year_quarter": 20022,
            "year": 2002,
            "quarter": 2,
            "eps": null,
            "eps_growth_year": null,
            "eps_4q": null,
            "eps_4q_growth_year": null,
            "roe": null,
            "roe_4q": 0,
            "gross_profit": null,
            "gross_margin": null,
            "gross_margin_4q_avg": 0,
            "net_income": null,
            "net_income_4q": null,
            "revenue": null,
            "revenue_4q": null,
            "common_shares": null,
            "book_valuer_per_share": null,
            "book_valuer_per_share_4q_avg": 0,
            "equity": null,
            "current_ratio": null,
            "debt_ratio": null,
            "inventory_turnover_ratio": null,
            "account_receivable_turnover_ratio": null,
            "reinvestment_rate": null,
            "research_to_sale_ratio": null,
            "price_fair": 0,
            "eps_avg_yearly": 0,
            "eps_latest_yearly": 0,
            "eps_growth_yearly": 0
        },
        "20023": {
            "year_quarter": 20023,
            "year": 2002,
            "quarter": 3,
            "eps": null,
            "eps_growth_year": null,
            "eps_4q": null,
            "eps_4q_growth_year": null,
            "roe": null,
            "roe_4q": 0,
            "gross_profit": null,
            "gross_margin": null,
            "gross_margin_4q_avg": 0,
            "net_income": null,
            "net_income_4q": null,
            "revenue": null,
            "revenue_4q": null,
            "common_shares": null,
            "book_valuer_per_share": null,
            "book_valuer_per_share_4q_avg": 0,
            "equity": null,
            "current_ratio": null,
            "debt_ratio": null,
            "inventory_turnover_ratio": null,
            "account_receivable_turnover_ratio": null,
            "reinvestment_rate": null,
            "research_to_sale_ratio": null,
            "price_fair": 0,
            "eps_avg_yearly": 0,
            "eps_latest_yearly": 0,
            "eps_growth_yearly": 0
        },
        "20024": {
            "year_quarter": 20024,
            "year": 2002,
            "quarter": 4,
            "eps": null,
            "eps_growth_year": null,
            "eps_4q": null,
            "eps_4q_growth_year": null,
            "roe": null,
            "roe_4q": 0,
            "gross_profit": null,
            "gross_margin": null,
            "gross_margin_4q_avg": 0,
            "net_income": null,
            "net_income_4q": null,
            "revenue": null,
            "revenue_4q": null,
            "common_shares": null,
            "book_valuer_per_share": null,
            "book_valuer_per_share_4q_avg": 0,
            "equity": null,
            "current_ratio": null,
            "debt_ratio": null,
            "inventory_turnover_ratio": null,
            "account_receivable_turnover_ratio": null,
            "reinvestment_rate": null,
            "research_to_sale_ratio": null,
            "price_fair": 0,
            "eps_avg_yearly": 0,
            "eps_latest_yearly": 0,
            "eps_growth_yearly": 0
        },
        "20031": {
            "year_quarter": 20031,
            "year": 2003,
            "quarter": 1,
            "eps": null,
            "eps_growth_year": null,
            "eps_4q": null,
            "eps_4q_growth_year": null,
            "roe": null,
            "roe_4q": 0,
            "gross_profit": null,
            "gross_margin": null,
            "gross_margin_4q_avg": 0,
            "net_income": null,
            "net_income_4q": null,
            "revenue": null,
            "revenue_4q": null,
            "common_shares": null,
            "book_valuer_per_share": null,
            "book_valuer_per_share_4q_avg": 0,
            "equity": null,
            "current_ratio": null,
            "debt_ratio": null,
            "inventory_turnover_ratio": null,
            "account_receivable_turnover_ratio": null,
            "reinvestment_rate": null,
            "research_to_sale_ratio": null,
            "price_fair": 0,
            "eps_avg_yearly": 0,
            "eps_latest_yearly": 0,
            "eps_growth_yearly": 0
        },
        "20032": {
            "year_quarter": 20032,
            "year": 2003,
            "quarter": 2,
            "eps": null,
            "eps_growth_year": null,
            "eps_4q": null,
            "eps_4q_growth_year": null,
            "roe": null,
            "roe_4q": 0,
            "gross_profit": null,
            "gross_margin": null,
            "gross_margin_4q_avg": 0,
            "net_income": null,
            "net_income_4q": null,
            "revenue": null,
            "revenue_4q": null,
            "common_shares": null,
            "book_valuer_per_share": null,
            "book_valuer_per_share_4q_avg": 0,
            "equity": null,
            "current_ratio": null,
            "debt_ratio": null,
            "inventory_turnover_ratio": null,
            "account_receivable_turnover_ratio": null,
            "reinvestment_rate": null,
            "research_to_sale_ratio": null,
            "price_fair": 0,
            "eps_avg_yearly": 0,
            "eps_latest_yearly": 0,
            "eps_growth_yearly": 0
        },
        "20033": {
            "year_quarter": 20033,
            "year": 2003,
            "quarter": 3,
            "eps": null,
            "eps_growth_year": null,
            "eps_4q": null,
            "eps_4q_growth_year": null,
            "roe": null,
            "roe_4q": 0,
            "gross_profit": null,
            "gross_margin": null,
            "gross_margin_4q_avg": 0,
            "net_income": null,
            "net_income_4q": null,
            "revenue": null,
            "revenue_4q": null,
            "common_shares": null,
            "book_valuer_per_share": null,
            "book_valuer_per_share_4q_avg": 0,
            "equity": null,
            "current_ratio": null,
            "debt_ratio": null,
            "inventory_turnover_ratio": null,
            "account_receivable_turnover_ratio": null,
            "reinvestment_rate": null,
            "research_to_sale_ratio": null,
            "price_fair": 0,
            "eps_avg_yearly": 0,
            "eps_latest_yearly": 0,
            "eps_growth_yearly": 0
        },
        "20034": {
            "year_quarter": 20034,
            "year": 2003,
            "quarter": 4,
            "eps": null,
            "eps_growth_year": null,
            "eps_4q": null,
            "eps_4q_growth_year": null,
            "roe": null,
            "roe_4q": 0,
            "gross_profit": null,
            "gross_margin": null,
            "gross_margin_4q_avg": 0,
            "net_income": null,
            "net_income_4q": null,
            "revenue": null,
            "revenue_4q": null,
            "common_shares": null,
            "book_valuer_per_share": null,
            "book_valuer_per_share_4q_avg": 0,
            "equity": null,
            "current_ratio": null,
            "debt_ratio": null,
            "inventory_turnover_ratio": null,
            "account_receivable_turnover_ratio": null,
            "reinvestment_rate": null,
            "research_to_sale_ratio": null,
            "price_fair": 0,
            "eps_avg_yearly": 0,
            "eps_latest_yearly": 0,
            "eps_growth_yearly": 0
        },
        "20041": {
            "year_quarter": 20041,
            "year": 2004,
            "quarter": 1,
            "eps": null,
            "eps_growth_year": null,
            "eps_4q": null,
            "eps_4q_growth_year": null,
            "roe": null,
            "roe_4q": 0,
            "gross_profit": null,
            "gross_margin": null,
            "gross_margin_4q_avg": 0,
            "net_income": null,
            "net_income_4q": null,
            "revenue": null,
            "revenue_4q": null,
            "common_shares": null,
            "book_valuer_per_share": null,
            "book_valuer_per_share_4q_avg": 0,
            "equity": null,
            "current_ratio": null,
            "debt_ratio": null,
            "inventory_turnover_ratio": null,
            "account_receivable_turnover_ratio": null,
            "reinvestment_rate": null,
            "research_to_sale_ratio": null,
            "price_fair": 0,
            "eps_avg_yearly": 0,
            "eps_latest_yearly": 0,
            "eps_growth_yearly": 0
        },
        "20042": {
            "year_quarter": 20042,
            "year": 2004,
            "quarter": 2,
            "eps": null,
            "eps_growth_year": null,
            "eps_4q": null,
            "eps_4q_growth_year": null,
            "roe": null,
            "roe_4q": 0,
            "gross_profit": null,
            "gross_margin": null,
            "gross_margin_4q_avg": 0,
            "net_income": null,
            "net_income_4q": null,
            "revenue": null,
            "revenue_4q": null,
            "common_shares": null,
            "book_valuer_per_share": null,
            "book_valuer_per_share_4q_avg": 0,
            "equity": null,
            "current_ratio": null,
            "debt_ratio": null,
            "inventory_turnover_ratio": null,
            "account_receivable_turnover_ratio": null,
            "reinvestment_rate": null,
            "research_to_sale_ratio": null,
            "price_fair": 0,
            "eps_avg_yearly": 0,
            "eps_latest_yearly": 0,
            "eps_growth_yearly": 0
        },
        "20043": {
            "year_quarter": 20043,
            "year": 2004,
            "quarter": 3,
            "eps": null,
            "eps_growth_year": null,
            "eps_4q": null,
            "eps_4q_growth_year": null,
            "roe": null,
            "roe_4q": 0,
            "gross_profit": null,
            "gross_margin": null,
            "gross_margin_4q_avg": 0,
            "net_income": null,
            "net_income_4q": null,
            "revenue": null,
            "revenue_4q": null,
            "common_shares": null,
            "book_valuer_per_share": null,
            "book_valuer_per_share_4q_avg": 0,
            "equity": null,
            "current_ratio": null,
            "debt_ratio": null,
            "inventory_turnover_ratio": null,
            "account_receivable_turnover_ratio": null,
            "reinvestment_rate": null,
            "research_to_sale_ratio": null,
            "price_fair": 0,
            "eps_avg_yearly": 0,
            "eps_latest_yearly": 0,
            "eps_growth_yearly": 0
        },
        "20044": {
            "year_quarter": 20044,
            "year": 2004,
            "quarter": 4,
            "eps": null,
            "eps_growth_year": null,
            "eps_4q": null,
            "eps_4q_growth_year": null,
            "roe": null,
            "roe_4q": 0,
            "gross_profit": null,
            "gross_margin": null,
            "gross_margin_4q_avg": 0,
            "net_income": null,
            "net_income_4q": null,
            "revenue": null,
            "revenue_4q": null,
            "common_shares": null,
            "book_valuer_per_share": null,
            "book_valuer_per_share_4q_avg": 0,
            "equity": null,
            "current_ratio": null,
            "debt_ratio": null,
            "inventory_turnover_ratio": null,
            "account_receivable_turnover_ratio": null,
            "reinvestment_rate": null,
            "research_to_sale_ratio": null,
            "price_fair": 0,
            "eps_avg_yearly": 0,
            "eps_latest_yearly": 0,
            "eps_growth_yearly": 0
        },
        "20051": {
            "year_quarter": 20051,
            "year": 2005,
            "quarter": 1,
            "eps": null,
            "eps_growth_year": null,
            "eps_4q": null,
            "eps_4q_growth_year": null,
            "roe": null,
            "roe_4q": 0,
            "gross_profit": null,
            "gross_margin": null,
            "gross_margin_4q_avg": 0,
            "net_income": null,
            "net_income_4q": null,
            "revenue": null,
            "revenue_4q": null,
            "common_shares": null,
            "book_valuer_per_share": null,
            "book_valuer_per_share_4q_avg": 0,
            "equity": null,
            "current_ratio": null,
            "debt_ratio": null,
            "inventory_turnover_ratio": null,
            "account_receivable_turnover_ratio": null,
            "reinvestment_rate": null,
            "research_to_sale_ratio": null,
            "price_fair": 0,
            "eps_avg_yearly": 0,
            "eps_latest_yearly": 0,
            "eps_growth_yearly": 0
        },
        "20052": {
            "year_quarter": 20052,
            "year": 2005,
            "quarter": 2,
            "eps": null,
            "eps_growth_year": null,
            "eps_4q": null,
            "eps_4q_growth_year": null,
            "roe": null,
            "roe_4q": 0,
            "gross_profit": null,
            "gross_margin": null,
            "gross_margin_4q_avg": 0,
            "net_income": null,
            "net_income_4q": null,
            "revenue": null,
            "revenue_4q": null,
            "common_shares": null,
            "book_valuer_per_share": null,
            "book_valuer_per_share_4q_avg": 0,
            "equity": null,
            "current_ratio": null,
            "debt_ratio": null,
            "inventory_turnover_ratio": null,
            "account_receivable_turnover_ratio": null,
            "reinvestment_rate": null,
            "research_to_sale_ratio": null,
            "price_fair": 0,
            "eps_avg_yearly": 0,
            "eps_latest_yearly": 0,
            "eps_growth_yearly": 0
        },
        "20053": {
            "year_quarter": 20053,
            "year": 2005,
            "quarter": 3,
            "eps": null,
            "eps_growth_year": null,
            "eps_4q": null,
            "eps_4q_growth_year": null,
            "roe": null,
            "roe_4q": 0,
            "gross_profit": null,
            "gross_margin": null,
            "gross_margin_4q_avg": 0,
            "net_income": null,
            "net_income_4q": null,
            "revenue": null,
            "revenue_4q": null,
            "common_shares": null,
            "book_valuer_per_share": null,
            "book_valuer_per_share_4q_avg": 0,
            "equity": null,
            "current_ratio": null,
            "debt_ratio": null,
            "inventory_turnover_ratio": null,
            "account_receivable_turnover_ratio": null,
            "reinvestment_rate": null,
            "research_to_sale_ratio": null,
            "price_fair": 0,
            "eps_avg_yearly": 0,
            "eps_latest_yearly": 0,
            "eps_growth_yearly": 0
        },
        "20054": {
            "year_quarter": 20054,
            "year": 2005,
            "quarter": 4,
            "eps": null,
            "eps_growth_year": null,
            "eps_4q": null,
            "eps_4q_growth_year": null,
            "roe": null,
            "roe_4q": 0,
            "gross_profit": null,
            "gross_margin": null,
            "gross_margin_4q_avg": 0,
            "net_income": null,
            "net_income_4q": null,
            "revenue": null,
            "revenue_4q": null,
            "common_shares": null,
            "book_valuer_per_share": null,
            "book_valuer_per_share_4q_avg": 0,
            "equity": null,
            "current_ratio": null,
            "debt_ratio": null,
            "inventory_turnover_ratio": null,
            "account_receivable_turnover_ratio": null,
            "reinvestment_rate": null,
            "research_to_sale_ratio": null,
            "price_fair": 0,
            "eps_avg_yearly": 0,
            "eps_latest_yearly": 0,
            "eps_growth_yearly": 0
        },
        "20061": {
            "year_quarter": 20061,
            "year": 2006,
            "quarter": 1,
            "eps": null,
            "eps_growth_year": null,
            "eps_4q": null,
            "eps_4q_growth_year": null,
            "roe": null,
            "roe_4q": 0,
            "gross_profit": null,
            "gross_margin": null,
            "gross_margin_4q_avg": 0,
            "net_income": null,
            "net_income_4q": null,
            "revenue": null,
            "revenue_4q": null,
            "common_shares": null,
            "book_valuer_per_share": null,
            "book_valuer_per_share_4q_avg": 0,
            "equity": null,
            "current_ratio": null,
            "debt_ratio": null,
            "inventory_turnover_ratio": null,
            "account_receivable_turnover_ratio": null,
            "reinvestment_rate": null,
            "research_to_sale_ratio": null,
            "price_fair": 0,
            "eps_avg_yearly": 0,
            "eps_latest_yearly": 0,
            "eps_growth_yearly": 0
        },
        "20062": {
            "year_quarter": 20062,
            "year": 2006,
            "quarter": 2,
            "eps": null,
            "eps_growth_year": null,
            "eps_4q": null,
            "eps_4q_growth_year": null,
            "roe": null,
            "roe_4q": 0,
            "gross_profit": null,
            "gross_margin": null,
            "gross_margin_4q_avg": 0,
            "net_income": null,
            "net_income_4q": null,
            "revenue": null,
            "revenue_4q": null,
            "common_shares": null,
            "book_valuer_per_share": null,
            "book_valuer_per_share_4q_avg": 0,
            "equity": null,
            "current_ratio": null,
            "debt_ratio": null,
            "inventory_turnover_ratio": null,
            "account_receivable_turnover_ratio": null,
            "reinvestment_rate": null,
            "research_to_sale_ratio": null,
            "price_fair": 0,
            "eps_avg_yearly": 0,
            "eps_latest_yearly": 0,
            "eps_growth_yearly": 0
        },
        "20063": {
            "year_quarter": 20063,
            "year": 2006,
            "quarter": 3,
            "eps": null,
            "eps_growth_year": null,
            "eps_4q": null,
            "eps_4q_growth_year": null,
            "roe": null,
            "roe_4q": 0,
            "gross_profit": null,
            "gross_margin": null,
            "gross_margin_4q_avg": 0,
            "net_income": null,
            "net_income_4q": null,
            "revenue": null,
            "revenue_4q": null,
            "common_shares": null,
            "book_valuer_per_share": null,
            "book_valuer_per_share_4q_avg": 0,
            "equity": null,
            "current_ratio": null,
            "debt_ratio": null,
            "inventory_turnover_ratio": null,
            "account_receivable_turnover_ratio": null,
            "reinvestment_rate": null,
            "research_to_sale_ratio": null,
            "price_fair": 0,
            "eps_avg_yearly": 0,
            "eps_latest_yearly": 0,
            "eps_growth_yearly": 0
        },
        "20064": {
            "year_quarter": 20064,
            "year": 2006,
            "quarter": 4,
            "eps": null,
            "eps_growth_year": null,
            "eps_4q": null,
            "eps_4q_growth_year": null,
            "roe": null,
            "roe_4q": 0,
            "gross_profit": null,
            "gross_margin": null,
            "gross_margin_4q_avg": 0,
            "net_income": null,
            "net_income_4q": null,
            "revenue": null,
            "revenue_4q": null,
            "common_shares": null,
            "book_valuer_per_share": null,
            "book_valuer_per_share_4q_avg": 0,
            "equity": null,
            "current_ratio": null,
            "debt_ratio": null,
            "inventory_turnover_ratio": null,
            "account_receivable_turnover_ratio": null,
            "reinvestment_rate": null,
            "research_to_sale_ratio": null,
            "price_fair": 0,
            "eps_avg_yearly": 0,
            "eps_latest_yearly": 0,
            "eps_growth_yearly": 0
        },
        "20071": {
            "year_quarter": 20071,
            "year": 2007,
            "quarter": 1,
            "eps": null,
            "eps_growth_year": null,
            "eps_4q": null,
            "eps_4q_growth_year": null,
            "roe": null,
            "roe_4q": 0,
            "gross_profit": null,
            "gross_margin": null,
            "gross_margin_4q_avg": 0,
            "net_income": null,
            "net_income_4q": null,
            "revenue": null,
            "revenue_4q": null,
            "common_shares": null,
            "book_valuer_per_share": null,
            "book_valuer_per_share_4q_avg": 0,
            "equity": null,
            "current_ratio": null,
            "debt_ratio": null,
            "inventory_turnover_ratio": null,
            "account_receivable_turnover_ratio": null,
            "reinvestment_rate": null,
            "research_to_sale_ratio": null,
            "price_fair": 0,
            "eps_avg_yearly": 0,
            "eps_latest_yearly": 0,
            "eps_growth_yearly": 0
        },
        "20072": {
            "year_quarter": 20072,
            "year": 2007,
            "quarter": 2,
            "eps": null,
            "eps_growth_year": null,
            "eps_4q": null,
            "eps_4q_growth_year": null,
            "roe": null,
            "roe_4q": 0,
            "gross_profit": null,
            "gross_margin": null,
            "gross_margin_4q_avg": 0,
            "net_income": null,
            "net_income_4q": null,
            "revenue": null,
            "revenue_4q": null,
            "common_shares": null,
            "book_valuer_per_share": null,
            "book_valuer_per_share_4q_avg": 0,
            "equity": null,
            "current_ratio": null,
            "debt_ratio": null,
            "inventory_turnover_ratio": null,
            "account_receivable_turnover_ratio": null,
            "reinvestment_rate": null,
            "research_to_sale_ratio": null,
            "price_fair": 0,
            "eps_avg_yearly": 0,
            "eps_latest_yearly": 0,
            "eps_growth_yearly": 0
        },
        "20073": {
            "year_quarter": 20073,
            "year": 2007,
            "quarter": 3,
            "eps": null,
            "eps_growth_year": null,
            "eps_4q": null,
            "eps_4q_growth_year": null,
            "roe": null,
            "roe_4q": 0,
            "gross_profit": null,
            "gross_margin": null,
            "gross_margin_4q_avg": 0,
            "net_income": null,
            "net_income_4q": null,
            "revenue": null,
            "revenue_4q": null,
            "common_shares": null,
            "book_valuer_per_share": null,
            "book_valuer_per_share_4q_avg": 0,
            "equity": null,
            "current_ratio": null,
            "debt_ratio": null,
            "inventory_turnover_ratio": null,
            "account_receivable_turnover_ratio": null,
            "reinvestment_rate": null,
            "research_to_sale_ratio": null,
            "price_fair": 0,
            "eps_avg_yearly": 0,
            "eps_latest_yearly": 0,
            "eps_growth_yearly": 0
        },
        "20074": {
            "year_quarter": 20074,
            "year": 2007,
            "quarter": 4,
            "eps": null,
            "eps_growth_year": null,
            "eps_4q": null,
            "eps_4q_growth_year": null,
            "roe": null,
            "roe_4q": 0,
            "gross_profit": null,
            "gross_margin": null,
            "gross_margin_4q_avg": 0,
            "net_income": null,
            "net_income_4q": null,
            "revenue": null,
            "revenue_4q": null,
            "common_shares": null,
            "book_valuer_per_share": null,
            "book_valuer_per_share_4q_avg": 0,
            "equity": null,
            "current_ratio": null,
            "debt_ratio": null,
            "inventory_turnover_ratio": null,
            "account_receivable_turnover_ratio": null,
            "reinvestment_rate": null,
            "research_to_sale_ratio": null,
            "price_fair": 0,
            "eps_avg_yearly": 0,
            "eps_latest_yearly": 0,
            "eps_growth_yearly": 0
        },
        "20081": {
            "year_quarter": 20081,
            "year": 2008,
            "quarter": 1,
            "eps": null,
            "eps_growth_year": null,
            "eps_4q": null,
            "eps_4q_growth_year": null,
            "roe": null,
            "roe_4q": 0,
            "gross_profit": null,
            "gross_margin": null,
            "gross_margin_4q_avg": 0,
            "net_income": null,
            "net_income_4q": null,
            "revenue": null,
            "revenue_4q": null,
            "common_shares": null,
            "book_valuer_per_share": null,
            "book_valuer_per_share_4q_avg": 0,
            "equity": null,
            "current_ratio": null,
            "debt_ratio": null,
            "inventory_turnover_ratio": null,
            "account_receivable_turnover_ratio": null,
            "reinvestment_rate": null,
            "research_to_sale_ratio": null,
            "price_fair": 0,
            "eps_avg_yearly": 0,
            "eps_latest_yearly": 0,
            "eps_growth_yearly": 0
        },
        "20082": {
            "year_quarter": 20082,
            "year": 2008,
            "quarter": 2,
            "eps": null,
            "eps_growth_year": null,
            "eps_4q": null,
            "eps_4q_growth_year": null,
            "roe": null,
            "roe_4q": 0,
            "gross_profit": null,
            "gross_margin": null,
            "gross_margin_4q_avg": 0,
            "net_income": null,
            "net_income_4q": null,
            "revenue": null,
            "revenue_4q": null,
            "common_shares": null,
            "book_valuer_per_share": null,
            "book_valuer_per_share_4q_avg": 0,
            "equity": null,
            "current_ratio": null,
            "debt_ratio": null,
            "inventory_turnover_ratio": null,
            "account_receivable_turnover_ratio": null,
            "reinvestment_rate": null,
            "research_to_sale_ratio": null,
            "price_fair": 0,
            "eps_avg_yearly": 0,
            "eps_latest_yearly": 0,
            "eps_growth_yearly": 0
        },
        "20083": {
            "year_quarter": 20083,
            "year": 2008,
            "quarter": 3,
            "eps": null,
            "eps_growth_year": null,
            "eps_4q": null,
            "eps_4q_growth_year": null,
            "roe": null,
            "roe_4q": 0,
            "gross_profit": null,
            "gross_margin": null,
            "gross_margin_4q_avg": 0,
            "net_income": null,
            "net_income_4q": null,
            "revenue": null,
            "revenue_4q": null,
            "common_shares": null,
            "book_valuer_per_share": null,
            "book_valuer_per_share_4q_avg": 0,
            "equity": null,
            "current_ratio": null,
            "debt_ratio": null,
            "inventory_turnover_ratio": null,
            "account_receivable_turnover_ratio": null,
            "reinvestment_rate": null,
            "research_to_sale_ratio": null,
            "price_fair": 0,
            "eps_avg_yearly": 0,
            "eps_latest_yearly": 0,
            "eps_growth_yearly": 0
        },
        "20084": {
            "year_quarter": 20084,
            "year": 2008,
            "quarter": 4,
            "eps": null,
            "eps_growth_year": null,
            "eps_4q": null,
            "eps_4q_growth_year": null,
            "roe": null,
            "roe_4q": 0,
            "gross_profit": null,
            "gross_margin": null,
            "gross_margin_4q_avg": 0,
            "net_income": null,
            "net_income_4q": null,
            "revenue": null,
            "revenue_4q": null,
            "common_shares": null,
            "book_valuer_per_share": null,
            "book_valuer_per_share_4q_avg": 0,
            "equity": null,
            "current_ratio": null,
            "debt_ratio": null,
            "inventory_turnover_ratio": null,
            "account_receivable_turnover_ratio": null,
            "reinvestment_rate": null,
            "research_to_sale_ratio": null,
            "price_fair": 0,
            "eps_avg_yearly": 0,
            "eps_latest_yearly": 0,
            "eps_growth_yearly": 0
        },
        "20091": {
            "year_quarter": 20091,
            "year": 2009,
            "quarter": 1,
            "eps": null,
            "eps_growth_year": null,
            "eps_4q": null,
            "eps_4q_growth_year": null,
            "roe": null,
            "roe_4q": 0,
            "gross_profit": null,
            "gross_margin": null,
            "gross_margin_4q_avg": 0,
            "net_income": null,
            "net_income_4q": null,
            "revenue": null,
            "revenue_4q": null,
            "common_shares": null,
            "book_valuer_per_share": null,
            "book_valuer_per_share_4q_avg": 0,
            "equity": null,
            "current_ratio": null,
            "debt_ratio": null,
            "inventory_turnover_ratio": null,
            "account_receivable_turnover_ratio": null,
            "reinvestment_rate": null,
            "research_to_sale_ratio": null,
            "price_fair": 0,
            "eps_avg_yearly": 0,
            "eps_latest_yearly": 0,
            "eps_growth_yearly": 0
        },
        "20092": {
            "year_quarter": 20092,
            "year": 2009,
            "quarter": 2,
            "eps": null,
            "eps_growth_year": null,
            "eps_4q": null,
            "eps_4q_growth_year": null,
            "roe": null,
            "roe_4q": 0,
            "gross_profit": null,
            "gross_margin": null,
            "gross_margin_4q_avg": 0,
            "net_income": null,
            "net_income_4q": null,
            "revenue": null,
            "revenue_4q": null,
            "common_shares": null,
            "book_valuer_per_share": null,
            "book_valuer_per_share_4q_avg": 0,
            "equity": null,
            "current_ratio": null,
            "debt_ratio": null,
            "inventory_turnover_ratio": null,
            "account_receivable_turnover_ratio": null,
            "reinvestment_rate": null,
            "research_to_sale_ratio": null,
            "price_fair": 0,
            "eps_avg_yearly": 0,
            "eps_latest_yearly": 0,
            "eps_growth_yearly": 0
        },
        "20093": {
            "year_quarter": 20093,
            "year": 2009,
            "quarter": 3,
            "eps": null,
            "eps_growth_year": null,
            "eps_4q": null,
            "eps_4q_growth_year": null,
            "roe": null,
            "roe_4q": 0,
            "gross_profit": null,
            "gross_margin": null,
            "gross_margin_4q_avg": 0,
            "net_income": null,
            "net_income_4q": null,
            "revenue": null,
            "revenue_4q": null,
            "common_shares": null,
            "book_valuer_per_share": null,
            "book_valuer_per_share_4q_avg": 0,
            "equity": null,
            "current_ratio": null,
            "debt_ratio": null,
            "inventory_turnover_ratio": null,
            "account_receivable_turnover_ratio": null,
            "reinvestment_rate": null,
            "research_to_sale_ratio": null,
            "price_fair": 0,
            "eps_avg_yearly": 0,
            "eps_latest_yearly": 0,
            "eps_growth_yearly": 0
        },
        "20094": {
            "year_quarter": 20094,
            "year": 2009,
            "quarter": 4,
            "eps": null,
            "eps_growth_year": null,
            "eps_4q": null,
            "eps_4q_growth_year": null,
            "roe": null,
            "roe_4q": 0,
            "gross_profit": null,
            "gross_margin": null,
            "gross_margin_4q_avg": 0,
            "net_income": null,
            "net_income_4q": null,
            "revenue": null,
            "revenue_4q": null,
            "common_shares": null,
            "book_valuer_per_share": null,
            "book_valuer_per_share_4q_avg": 0,
            "equity": null,
            "current_ratio": null,
            "debt_ratio": null,
            "inventory_turnover_ratio": null,
            "account_receivable_turnover_ratio": null,
            "reinvestment_rate": null,
            "research_to_sale_ratio": null,
            "price_fair": 0,
            "eps_avg_yearly": 0,
            "eps_latest_yearly": 0,
            "eps_growth_yearly": 0
        },
        "20101": {
            "year_quarter": 20101,
            "year": 2010,
            "quarter": 1,
            "eps": null,
            "eps_growth_year": null,
            "eps_4q": null,
            "eps_4q_growth_year": null,
            "roe": null,
            "roe_4q": 0,
            "gross_profit": null,
            "gross_margin": null,
            "gross_margin_4q_avg": 0,
            "net_income": null,
            "net_income_4q": null,
            "revenue": null,
            "revenue_4q": null,
            "common_shares": null,
            "book_valuer_per_share": null,
            "book_valuer_per_share_4q_avg": 0,
            "equity": null,
            "current_ratio": null,
            "debt_ratio": null,
            "inventory_turnover_ratio": null,
            "account_receivable_turnover_ratio": null,
            "reinvestment_rate": null,
            "research_to_sale_ratio": null,
            "price_fair": 0,
            "eps_avg_yearly": 0,
            "eps_latest_yearly": 0,
            "eps_growth_yearly": 0
        },
        "20102": {
            "year_quarter": 20102,
            "year": 2010,
            "quarter": 2,
            "eps": null,
            "eps_growth_year": null,
            "eps_4q": null,
            "eps_4q_growth_year": null,
            "roe": null,
            "roe_4q": 0,
            "gross_profit": null,
            "gross_margin": null,
            "gross_margin_4q_avg": 0,
            "net_income": null,
            "net_income_4q": null,
            "revenue": null,
            "revenue_4q": null,
            "common_shares": null,
            "book_valuer_per_share": null,
            "book_valuer_per_share_4q_avg": 0,
            "equity": null,
            "current_ratio": null,
            "debt_ratio": null,
            "inventory_turnover_ratio": null,
            "account_receivable_turnover_ratio": null,
            "reinvestment_rate": null,
            "research_to_sale_ratio": null,
            "price_fair": 0,
            "eps_avg_yearly": 0,
            "eps_latest_yearly": 0,
            "eps_growth_yearly": 0
        },
        "20103": {
            "year_quarter": 20103,
            "year": 2010,
            "quarter": 3,
            "eps": null,
            "eps_growth_year": null,
            "eps_4q": null,
            "eps_4q_growth_year": null,
            "roe": null,
            "roe_4q": 0,
            "gross_profit": null,
            "gross_margin": null,
            "gross_margin_4q_avg": 0,
            "net_income": null,
            "net_income_4q": null,
            "revenue": null,
            "revenue_4q": null,
            "common_shares": null,
            "book_valuer_per_share": null,
            "book_valuer_per_share_4q_avg": 0,
            "equity": null,
            "current_ratio": null,
            "debt_ratio": null,
            "inventory_turnover_ratio": null,
            "account_receivable_turnover_ratio": null,
            "reinvestment_rate": null,
            "research_to_sale_ratio": null,
            "price_fair": 0,
            "eps_avg_yearly": 0,
            "eps_latest_yearly": 0,
            "eps_growth_yearly": 0
        },
        "20104": {
            "year_quarter": 20104,
            "year": 2010,
            "quarter": 4,
            "eps": null,
            "eps_growth_year": null,
            "eps_4q": null,
            "eps_4q_growth_year": null,
            "roe": null,
            "roe_4q": 0,
            "gross_profit": null,
            "gross_margin": null,
            "gross_margin_4q_avg": 0,
            "net_income": null,
            "net_income_4q": null,
            "revenue": null,
            "revenue_4q": null,
            "common_shares": null,
            "book_valuer_per_share": null,
            "book_valuer_per_share_4q_avg": 0,
            "equity": null,
            "current_ratio": null,
            "debt_ratio": null,
            "inventory_turnover_ratio": null,
            "account_receivable_turnover_ratio": null,
            "reinvestment_rate": null,
            "research_to_sale_ratio": null,
            "price_fair": 0,
            "eps_avg_yearly": 0,
            "eps_latest_yearly": 0,
            "eps_growth_yearly": 0
        },
        "20111": {
            "year_quarter": 20111,
            "year": 2011,
            "quarter": 1,
            "eps": null,
            "eps_growth_year": null,
            "eps_4q": null,
            "eps_4q_growth_year": null,
            "roe": null,
            "roe_4q": 0,
            "gross_profit": null,
            "gross_margin": null,
            "gross_margin_4q_avg": 0,
            "net_income": null,
            "net_income_4q": null,
            "revenue": null,
            "revenue_4q": null,
            "common_shares": null,
            "book_valuer_per_share": null,
            "book_valuer_per_share_4q_avg": 0,
            "equity": null,
            "current_ratio": null,
            "debt_ratio": null,
            "inventory_turnover_ratio": null,
            "account_receivable_turnover_ratio": null,
            "reinvestment_rate": null,
            "research_to_sale_ratio": null,
            "price_fair": 0,
            "eps_avg_yearly": 0,
            "eps_latest_yearly": 0,
            "eps_growth_yearly": 0
        },
        "20112": {
            "year_quarter": 20112,
            "year": 2011,
            "quarter": 2,
            "eps": null,
            "eps_growth_year": null,
            "eps_4q": null,
            "eps_4q_growth_year": null,
            "roe": null,
            "roe_4q": 0,
            "gross_profit": null,
            "gross_margin": null,
            "gross_margin_4q_avg": 0,
            "net_income": null,
            "net_income_4q": null,
            "revenue": null,
            "revenue_4q": null,
            "common_shares": null,
            "book_valuer_per_share": null,
            "book_valuer_per_share_4q_avg": 0,
            "equity": null,
            "current_ratio": null,
            "debt_ratio": null,
            "inventory_turnover_ratio": null,
            "account_receivable_turnover_ratio": null,
            "reinvestment_rate": null,
            "research_to_sale_ratio": null,
            "price_fair": 0,
            "eps_avg_yearly": 0,
            "eps_latest_yearly": 0,
            "eps_growth_yearly": 0
        },
        "20113": {
            "year_quarter": 20113,
            "year": 2011,
            "quarter": 3,
            "eps": null,
            "eps_growth_year": null,
            "eps_4q": null,
            "eps_4q_growth_year": null,
            "roe": null,
            "roe_4q": 0,
            "gross_profit": null,
            "gross_margin": null,
            "gross_margin_4q_avg": 0,
            "net_income": null,
            "net_income_4q": null,
            "revenue": null,
            "revenue_4q": null,
            "common_shares": null,
            "book_valuer_per_share": null,
            "book_valuer_per_share_4q_avg": 0,
            "equity": null,
            "current_ratio": null,
            "debt_ratio": null,
            "inventory_turnover_ratio": null,
            "account_receivable_turnover_ratio": null,
            "reinvestment_rate": null,
            "research_to_sale_ratio": null,
            "price_fair": 0,
            "eps_avg_yearly": 0,
            "eps_latest_yearly": 0,
            "eps_growth_yearly": 0
        },
        "20114": {
            "year_quarter": 20114,
            "year": 2011,
            "quarter": 4,
            "eps": null,
            "eps_growth_year": null,
            "eps_4q": null,
            "eps_4q_growth_year": null,
            "roe": null,
            "roe_4q": 0,
            "gross_profit": null,
            "gross_margin": null,
            "gross_margin_4q_avg": 0,
            "net_income": null,
            "net_income_4q": null,
            "revenue": null,
            "revenue_4q": null,
            "common_shares": null,
            "book_valuer_per_share": null,
            "book_valuer_per_share_4q_avg": 0,
            "equity": null,
            "current_ratio": null,
            "debt_ratio": null,
            "inventory_turnover_ratio": null,
            "account_receivable_turnover_ratio": null,
            "reinvestment_rate": null,
            "research_to_sale_ratio": null,
            "price_fair": 0,
            "eps_avg_yearly": 0,
            "eps_latest_yearly": 0,
            "eps_growth_yearly": 0
        },
        "20121": {
            "year_quarter": 20121,
            "year": 2012,
            "quarter": 1,
            "eps": null,
            "eps_growth_year": null,
            "eps_4q": null,
            "eps_4q_growth_year": null,
            "roe": null,
            "roe_4q": 0,
            "gross_profit": null,
            "gross_margin": null,
            "gross_margin_4q_avg": 0,
            "net_income": null,
            "net_income_4q": null,
            "revenue": null,
            "revenue_4q": null,
            "common_shares": null,
            "book_valuer_per_share": null,
            "book_valuer_per_share_4q_avg": 0,
            "equity": null,
            "current_ratio": null,
            "debt_ratio": null,
            "inventory_turnover_ratio": null,
            "account_receivable_turnover_ratio": null,
            "reinvestment_rate": null,
            "research_to_sale_ratio": null,
            "price_fair": 0,
            "eps_avg_yearly": 0,
            "eps_latest_yearly": 0,
            "eps_growth_yearly": 0
        },
        "20122": {
            "year_quarter": 20122,
            "year": 2012,
            "quarter": 2,
            "eps": null,
            "eps_growth_year": null,
            "eps_4q": null,
            "eps_4q_growth_year": null,
            "roe": null,
            "roe_4q": 0,
            "gross_profit": null,
            "gross_margin": null,
            "gross_margin_4q_avg": 0,
            "net_income": null,
            "net_income_4q": null,
            "revenue": null,
            "revenue_4q": null,
            "common_shares": null,
            "book_valuer_per_share": null,
            "book_valuer_per_share_4q_avg": 0,
            "equity": null,
            "current_ratio": null,
            "debt_ratio": null,
            "inventory_turnover_ratio": null,
            "account_receivable_turnover_ratio": null,
            "reinvestment_rate": null,
            "research_to_sale_ratio": null,
            "price_fair": 0,
            "eps_avg_yearly": 0,
            "eps_latest_yearly": 0,
            "eps_growth_yearly": 0
        },
        "20123": {
            "year_quarter": 20123,
            "year": 2012,
            "quarter": 3,
            "eps": null,
            "eps_growth_year": null,
            "eps_4q": null,
            "eps_4q_growth_year": null,
            "roe": null,
            "roe_4q": 0,
            "gross_profit": null,
            "gross_margin": null,
            "gross_margin_4q_avg": 0,
            "net_income": null,
            "net_income_4q": null,
            "revenue": null,
            "revenue_4q": null,
            "common_shares": null,
            "book_valuer_per_share": null,
            "book_valuer_per_share_4q_avg": 0,
            "equity": null,
            "current_ratio": null,
            "debt_ratio": null,
            "inventory_turnover_ratio": null,
            "account_receivable_turnover_ratio": null,
            "reinvestment_rate": null,
            "research_to_sale_ratio": null,
            "price_fair": 0,
            "eps_avg_yearly": 0,
            "eps_latest_yearly": 0,
            "eps_growth_yearly": 0
        },
        "20124": {
            "year_quarter": 20124,
            "year": 2012,
            "quarter": 4,
            "eps": null,
            "eps_growth_year": null,
            "eps_4q": null,
            "eps_4q_growth_year": null,
            "roe": null,
            "roe_4q": 0,
            "gross_profit": null,
            "gross_margin": null,
            "gross_margin_4q_avg": 0,
            "net_income": null,
            "net_income_4q": null,
            "revenue": null,
            "revenue_4q": null,
            "common_shares": null,
            "book_valuer_per_share": null,
            "book_valuer_per_share_4q_avg": 0,
            "equity": null,
            "current_ratio": null,
            "debt_ratio": null,
            "inventory_turnover_ratio": null,
            "account_receivable_turnover_ratio": null,
            "reinvestment_rate": null,
            "research_to_sale_ratio": null,
            "price_fair": 0,
            "eps_avg_yearly": 0,
            "eps_latest_yearly": 0,
            "eps_growth_yearly": 0
        },
        "20131": {
            "year_quarter": 20131,
            "year": 2013,
            "quarter": 1,
            "eps": null,
            "eps_growth_year": null,
            "eps_4q": null,
            "eps_4q_growth_year": null,
            "roe": null,
            "roe_4q": 0,
            "gross_profit": null,
            "gross_margin": null,
            "gross_margin_4q_avg": 0,
            "net_income": null,
            "net_income_4q": null,
            "revenue": null,
            "revenue_4q": null,
            "common_shares": null,
            "book_valuer_per_share": null,
            "book_valuer_per_share_4q_avg": 0,
            "equity": null,
            "current_ratio": null,
            "debt_ratio": null,
            "inventory_turnover_ratio": null,
            "account_receivable_turnover_ratio": null,
            "reinvestment_rate": null,
            "research_to_sale_ratio": null,
            "price_fair": 0,
            "eps_avg_yearly": 0,
            "eps_latest_yearly": 0,
            "eps_growth_yearly": 0
        },
        "20132": {
            "year_quarter": 20132,
            "year": 2013,
            "quarter": 2,
            "eps": null,
            "eps_growth_year": null,
            "eps_4q": null,
            "eps_4q_growth_year": null,
            "roe": null,
            "roe_4q": 0,
            "gross_profit": null,
            "gross_margin": null,
            "gross_margin_4q_avg": 0,
            "net_income": null,
            "net_income_4q": null,
            "revenue": null,
            "revenue_4q": null,
            "common_shares": null,
            "book_valuer_per_share": null,
            "book_valuer_per_share_4q_avg": 0,
            "equity": null,
            "current_ratio": null,
            "debt_ratio": null,
            "inventory_turnover_ratio": null,
            "account_receivable_turnover_ratio": null,
            "reinvestment_rate": null,
            "research_to_sale_ratio": null,
            "price_fair": 0,
            "eps_avg_yearly": 0,
            "eps_latest_yearly": 0,
            "eps_growth_yearly": 0
        },
        "20133": {
            "year_quarter": 20133,
            "year": 2013,
            "quarter": 3,
            "eps": null,
            "eps_growth_year": null,
            "eps_4q": null,
            "eps_4q_growth_year": null,
            "roe": null,
            "roe_4q": 0,
            "gross_profit": null,
            "gross_margin": null,
            "gross_margin_4q_avg": 0,
            "net_income": null,
            "net_income_4q": null,
            "revenue": null,
            "revenue_4q": null,
            "common_shares": null,
            "book_valuer_per_share": null,
            "book_valuer_per_share_4q_avg": 0,
            "equity": null,
            "current_ratio": null,
            "debt_ratio": null,
            "inventory_turnover_ratio": null,
            "account_receivable_turnover_ratio": null,
            "reinvestment_rate": null,
            "research_to_sale_ratio": null,
            "price_fair": 0,
            "eps_avg_yearly": 0,
            "eps_latest_yearly": 0,
            "eps_growth_yearly": 0
        },
        "20134": {
            "year_quarter": 20134,
            "year": 2013,
            "quarter": 4,
            "eps": null,
            "eps_growth_year": null,
            "eps_4q": null,
            "eps_4q_growth_year": null,
            "roe": null,
            "roe_4q": 0,
            "gross_profit": null,
            "gross_margin": null,
            "gross_margin_4q_avg": 0,
            "net_income": null,
            "net_income_4q": null,
            "revenue": null,
            "revenue_4q": null,
            "common_shares": null,
            "book_valuer_per_share": null,
            "book_valuer_per_share_4q_avg": 0,
            "equity": null,
            "current_ratio": null,
            "debt_ratio": null,
            "inventory_turnover_ratio": null,
            "account_receivable_turnover_ratio": null,
            "reinvestment_rate": null,
            "research_to_sale_ratio": null,
            "price_fair": 0,
            "eps_avg_yearly": 0,
            "eps_latest_yearly": 0,
            "eps_growth_yearly": 0
        },
        "20141": {
            "year_quarter": 20141,
            "year": 2014,
            "quarter": 1,
            "eps": null,
            "eps_growth_year": null,
            "eps_4q": null,
            "eps_4q_growth_year": null,
            "roe": null,
            "roe_4q": 0,
            "gross_profit": null,
            "gross_margin": null,
            "gross_margin_4q_avg": 0,
            "net_income": null,
            "net_income_4q": null,
            "revenue": null,
            "revenue_4q": null,
            "common_shares": null,
            "book_valuer_per_share": null,
            "book_valuer_per_share_4q_avg": 0,
            "equity": null,
            "current_ratio": null,
            "debt_ratio": null,
            "inventory_turnover_ratio": null,
            "account_receivable_turnover_ratio": null,
            "reinvestment_rate": null,
            "research_to_sale_ratio": null,
            "price_fair": 0,
            "eps_avg_yearly": 0,
            "eps_latest_yearly": 0,
            "eps_growth_yearly": 0
        },
        "20142": {
            "year_quarter": 20142,
            "year": 2014,
            "quarter": 2,
            "eps": null,
            "eps_growth_year": null,
            "eps_4q": null,
            "eps_4q_growth_year": null,
            "roe": null,
            "roe_4q": 0,
            "gross_profit": null,
            "gross_margin": null,
            "gross_margin_4q_avg": 0,
            "net_income": null,
            "net_income_4q": null,
            "revenue": null,
            "revenue_4q": null,
            "common_shares": 143000,
            "book_valuer_per_share": null,
            "book_valuer_per_share_4q_avg": 0,
            "equity": 152082,
            "current_ratio": null,
            "debt_ratio": null,
            "inventory_turnover_ratio": null,
            "account_receivable_turnover_ratio": null,
            "reinvestment_rate": null,
            "research_to_sale_ratio": null,
            "price_fair": 0,
            "eps_avg_yearly": 0,
            "eps_latest_yearly": 0,
            "eps_growth_yearly": 0
        },
        "20143": {
            "year_quarter": 20143,
            "year": 2014,
            "quarter": 3,
            "eps": null,
            "eps_growth_year": null,
            "eps_4q": null,
            "eps_4q_growth_year": null,
            "roe": null,
            "roe_4q": 0,
            "gross_profit": null,
            "gross_margin": null,
            "gross_margin_4q_avg": 0,
            "net_income": null,
            "net_income_4q": null,
            "revenue": null,
            "revenue_4q": null,
            "common_shares": null,
            "book_valuer_per_share": null,
            "book_valuer_per_share_4q_avg": 0,
            "equity": null,
            "current_ratio": null,
            "debt_ratio": null,
            "inventory_turnover_ratio": null,
            "account_receivable_turnover_ratio": null,
            "reinvestment_rate": null,
            "research_to_sale_ratio": null,
            "price_fair": 0,
            "eps_avg_yearly": 0,
            "eps_latest_yearly": 0,
            "eps_growth_yearly": 0
        },
        "20144": {
            "year_quarter": 20144,
            "year": 2014,
            "quarter": 4,
            "eps": null,
            "eps_growth_year": null,
            "eps_4q": null,
            "eps_4q_growth_year": null,
            "roe": null,
            "roe_4q": 0,
            "gross_profit": null,
            "gross_margin": null,
            "gross_margin_4q_avg": 0,
            "net_income": null,
            "net_income_4q": null,
            "revenue": null,
            "revenue_4q": null,
            "common_shares": 183000,
            "book_valuer_per_share": null,
            "book_valuer_per_share_4q_avg": 0,
            "equity": 286086,
            "current_ratio": null,
            "debt_ratio": null,
            "inventory_turnover_ratio": null,
            "account_receivable_turnover_ratio": null,
            "reinvestment_rate": null,
            "research_to_sale_ratio": null,
            "price_fair": 0,
            "eps_avg_yearly": 0,
            "eps_latest_yearly": 0,
            "eps_growth_yearly": 0
        },
        "20151": {
            "year_quarter": 20151,
            "year": 2015,
            "quarter": 1,
            "eps": null,
            "eps_growth_year": null,
            "eps_4q": null,
            "eps_4q_growth_year": null,
            "roe": null,
            "roe_4q": 0,
            "gross_profit": null,
            "gross_margin": null,
            "gross_margin_4q_avg": 0,
            "net_income": null,
            "net_income_4q": null,
            "revenue": null,
            "revenue_4q": null,
            "common_shares": null,
            "book_valuer_per_share": null,
            "book_valuer_per_share_4q_avg": 0,
            "equity": null,
            "current_ratio": null,
            "debt_ratio": null,
            "inventory_turnover_ratio": null,
            "account_receivable_turnover_ratio": null,
            "reinvestment_rate": null,
            "research_to_sale_ratio": null,
            "price_fair": 0,
            "eps_avg_yearly": 0,
            "eps_latest_yearly": 0,
            "eps_growth_yearly": 0
        },
        "20152": {
            "year_quarter": 20152,
            "year": 2015,
            "quarter": 2,
            "eps": null,
            "eps_growth_year": null,
            "eps_4q": null,
            "eps_4q_growth_year": null,
            "roe": null,
            "roe_4q": 0,
            "gross_profit": null,
            "gross_margin": null,
            "gross_margin_4q_avg": 0,
            "net_income": null,
            "net_income_4q": null,
            "revenue": null,
            "revenue_4q": null,
            "common_shares": 230710,
            "book_valuer_per_share": 17.5,
            "book_valuer_per_share_4q_avg": 4.38,
            "equity": 403779,
            "current_ratio": 210.9,
            "debt_ratio": 42.4,
            "inventory_turnover_ratio": null,
            "account_receivable_turnover_ratio": null,
            "reinvestment_rate": null,
            "research_to_sale_ratio": null,
            "price_fair": 0,
            "eps_avg_yearly": 0,
            "eps_latest_yearly": 0,
            "eps_growth_yearly": 0
        },
        "20153": {
            "year_quarter": 20153,
            "year": 2015,
            "quarter": 3,
            "eps": null,
            "eps_growth_year": null,
            "eps_4q": null,
            "eps_4q_growth_year": null,
            "roe": null,
            "roe_4q": 0,
            "gross_profit": 32235,
            "gross_margin": null,
            "gross_margin_4q_avg": 0,
            "net_income": 9399,
            "net_income_4q": null,
            "revenue": 108769,
            "revenue_4q": null,
            "common_shares": 230710,
            "book_valuer_per_share": null,
            "book_valuer_per_share_4q_avg": 4.38,
            "equity": 413127,
            "current_ratio": null,
            "debt_ratio": null,
            "inventory_turnover_ratio": null,
            "account_receivable_turnover_ratio": null,
            "reinvestment_rate": null,
            "research_to_sale_ratio": null,
            "price_fair": 0,
            "eps_avg_yearly": 0,
            "eps_latest_yearly": 0,
            "eps_growth_yearly": 0
        },
        "20154": {
            "year_quarter": 20154,
            "year": 2015,
            "quarter": 4,
            "eps": null,
            "eps_growth_year": null,
            "eps_4q": null,
            "eps_4q_growth_year": null,
            "roe": null,
            "roe_4q": 0,
            "gross_profit": 41194,
            "gross_margin": null,
            "gross_margin_4q_avg": 0,
            "net_income": 17057,
            "net_income_4q": null,
            "revenue": 196232,
            "revenue_4q": null,
            "common_shares": 260710,
            "book_valuer_per_share": 19.97,
            "book_valuer_per_share_4q_avg": 9.37,
            "equity": 520685,
            "current_ratio": 204.82,
            "debt_ratio": 42.56,
            "inventory_turnover_ratio": null,
            "account_receivable_turnover_ratio": null,
            "reinvestment_rate": null,
            "research_to_sale_ratio": null,
            "price_fair": 0,
            "eps_avg_yearly": 0,
            "eps_latest_yearly": 0,
            "eps_growth_yearly": 0
        },
        "20161": {
            "year_quarter": 20161,
            "year": 2016,
            "quarter": 1,
            "eps": null,
            "eps_growth_year": null,
            "eps_4q": null,
            "eps_4q_growth_year": null,
            "roe": null,
            "roe_4q": 0,
            "gross_profit": null,
            "gross_margin": null,
            "gross_margin_4q_avg": 0,
            "net_income": null,
            "net_income_4q": null,
            "revenue": null,
            "revenue_4q": null,
            "common_shares": null,
            "book_valuer_per_share": null,
            "book_valuer_per_share_4q_avg": 9.37,
            "equity": null,
            "current_ratio": null,
            "debt_ratio": null,
            "inventory_turnover_ratio": null,
            "account_receivable_turnover_ratio": null,
            "reinvestment_rate": null,
            "research_to_sale_ratio": null,
            "price_fair": 0,
            "eps_avg_yearly": 0,
            "eps_latest_yearly": 0,
            "eps_growth_yearly": 0
        },
        "20162": {
            "year_quarter": 20162,
            "year": 2016,
            "quarter": 2,
            "eps": null,
            "eps_growth_year": null,
            "eps_4q": null,
            "eps_4q_growth_year": null,
            "roe": null,
            "roe_4q": 0,
            "gross_profit": null,
            "gross_margin": null,
            "gross_margin_4q_avg": 0,
            "net_income": null,
            "net_income_4q": null,
            "revenue": null,
            "revenue_4q": null,
            "common_shares": 260710,
            "book_valuer_per_share": 21.03,
            "book_valuer_per_share_4q_avg": 10.25,
            "equity": 548388,
            "current_ratio": 145.03,
            "debt_ratio": 50.65,
            "inventory_turnover_ratio": null,
            "account_receivable_turnover_ratio": null,
            "reinvestment_rate": null,
            "research_to_sale_ratio": null,
            "price_fair": 0,
            "eps_avg_yearly": 0,
            "eps_latest_yearly": 0,
            "eps_growth_yearly": 0
        },
        "20163": {
            "year_quarter": 20163,
            "year": 2016,
            "quarter": 3,
            "eps": 0.18,
            "eps_growth_year": null,
            "eps_4q": null,
            "eps_4q_growth_year": null,
            "roe": 0.91,
            "roe_4q": 0.91,
            "gross_profit": 33539,
            "gross_margin": 12.99,
            "gross_margin_4q_avg": 3.25,
            "net_income": 4994,
            "net_income_4q": null,
            "revenue": 258273,
            "revenue_4q": null,
            "common_shares": 292174,
            "book_valuer_per_share": 18.98,
            "book_valuer_per_share_4q_avg": 15,
            "equity": 554448,
            "current_ratio": 131.62,
            "debt_ratio": 53.04,
            "inventory_turnover_ratio": 15.84,
            "account_receivable_turnover_ratio": 3.47,
            "reinvestment_rate": null,
            "research_to_sale_ratio": 0.73,
            "price_fair": 0,
            "eps_avg_yearly": 0,
            "eps_latest_yearly": 0,
            "eps_growth_yearly": 0
        },
        "20164": {
            "year_quarter": 20164,
            "year": 2016,
            "quarter": 4,
            "eps": 0.35,
            "eps_growth_year": null,
            "eps_4q": null,
            "eps_4q_growth_year": null,
            "roe": 1.83,
            "roe_4q": 2.74,
            "gross_profit": 41647,
            "gross_margin": 15.7,
            "gross_margin_4q_avg": 7.17,
            "net_income": 10279,
            "net_income_4q": null,
            "revenue": 265323,
            "revenue_4q": null,
            "common_shares": 292174,
            "book_valuer_per_share": 19.39,
            "book_valuer_per_share_4q_avg": 14.85,
            "equity": 566570,
            "current_ratio": 127.28,
            "debt_ratio": 55.4,
            "inventory_turnover_ratio": 16.71,
            "account_receivable_turnover_ratio": 2.82,
            "reinvestment_rate": null,
            "research_to_sale_ratio": 1.11,
            "price_fair": 49,
            "eps_avg_yearly": 1.4,
            "eps_latest_yearly": 1.4,
            "eps_growth_yearly": 377.78
        },
        "20171": {
            "year_quarter": 20171,
            "year": 2017,
            "quarter": 1,
            "eps": 0.27,
            "eps_growth_year": null,
            "eps_4q": null,
            "eps_4q_growth_year": null,
            "roe": 1.25,
            "roe_4q": 3.99,
            "gross_profit": 37669,
            "gross_margin": 13.87,
            "gross_margin_4q_avg": 10.64,
            "net_income": 7861,
            "net_income_4q": null,
            "revenue": 271543,
            "revenue_4q": null,
            "common_shares": 321024,
            "book_valuer_per_share": 21.49,
            "book_valuer_per_share_4q_avg": 20.22,
            "equity": 689875,
            "current_ratio": 150.51,
            "debt_ratio": 52.68,
            "inventory_turnover_ratio": 19.07,
            "account_receivable_turnover_ratio": 3.23,
            "reinvestment_rate": null,
            "research_to_sale_ratio": 0.94,
            "price_fair": 43.4,
            "eps_avg_yearly": 1.24,
            "eps_latest_yearly": 1.08,
            "eps_growth_yearly": 143.17
        },
        "20172": {
            "year_quarter": 20172,
            "year": 2017,
            "quarter": 2,
            "eps": 0.38,
            "eps_growth_year": null,
            "eps_4q": 1.04,
            "eps_4q_growth_year": null,
            "roe": 1.7,
            "roe_4q": 5.69,
            "gross_profit": 41034,
            "gross_margin": 23.56,
            "gross_margin_4q_avg": 16.53,
            "net_income": 11841,
            "net_income_4q": null,
            "revenue": 174151,
            "revenue_4q": null,
            "common_shares": 320974,
            "book_valuer_per_share": 21.39,
            "book_valuer_per_share_4q_avg": 20.31,
            "equity": 704624,
            "current_ratio": 150.24,
            "debt_ratio": 50.26,
            "inventory_turnover_ratio": 10.63,
            "account_receivable_turnover_ratio": 2.86,
            "reinvestment_rate": null,
            "research_to_sale_ratio": 1.11,
            "price_fair": 46.67,
            "eps_avg_yearly": 1.33,
            "eps_latest_yearly": 1.52,
            "eps_growth_yearly": 149.77
        },
        "20173": {
            "year_quarter": 20173,
            "year": 2017,
            "quarter": 3,
            "eps": 0.1,
            "eps_growth_year": -44.44,
            "eps_4q": 0.99,
            "eps_4q_growth_year": null,
            "roe": 0.55,
            "roe_4q": 5.33,
            "gross_profit": 33240,
            "gross_margin": 16.01,
            "gross_margin_4q_avg": 17.29,
            "net_income": 3940,
            "net_income_4q": null,
            "revenue": 207579,
            "revenue_4q": null,
            "common_shares": 341091,
            "book_valuer_per_share": 20.26,
            "book_valuer_per_share_4q_avg": 20.63,
            "equity": 722324,
            "current_ratio": 150.05,
            "debt_ratio": 48.92,
            "inventory_turnover_ratio": 13.29,
            "account_receivable_turnover_ratio": 3.18,
            "reinvestment_rate": null,
            "research_to_sale_ratio": 1.33,
            "price_fair": 38.5,
            "eps_avg_yearly": 1.1,
            "eps_latest_yearly": 0.4,
            "eps_growth_yearly": 38.64
        },
        "20174": {
            "year_quarter": 20174,
            "year": 2017,
            "quarter": 4,
            "eps": -0.64,
            "eps_growth_year": -280.75,
            "eps_4q": 0.06,
            "eps_4q_growth_year": null,
            "roe": -3.02,
            "roe_4q": 0.4800000000000002,
            "gross_profit": 122,
            "gross_margin": 0.06,
            "gross_margin_4q_avg": 13.38,
            "net_income": -21485,
            "net_income_4q": null,
            "revenue": 190578,
            "revenue_4q": null,
            "common_shares": 339852,
            "book_valuer_per_share": 19.72,
            "book_valuer_per_share_4q_avg": 20.72,
            "equity": 701757,
            "current_ratio": 139.87,
            "debt_ratio": 52.58,
            "inventory_turnover_ratio": 15.29,
            "account_receivable_turnover_ratio": 2.12,
            "reinvestment_rate": null,
            "research_to_sale_ratio": 1.5,
            "price_fair": 38.5,
            "eps_avg_yearly": 1.1,
            "eps_latest_yearly": 0.4,
            "eps_growth_yearly": 38.64
        },
        "20181": {
            "year_quarter": 20181,
            "year": 2018,
            "quarter": 1,
            "eps": -1.23,
            "eps_growth_year": -555.56,
            "eps_4q": -1.27,
            "eps_4q_growth_year": null,
            "roe": -5.65,
            "roe_4q": -6.419999999999999,
            "gross_profit": -15775,
            "gross_margin": -13.72,
            "gross_margin_4q_avg": 6.48,
            "net_income": -43641,
            "net_income_4q": null,
            "revenue": 115011,
            "revenue_4q": null,
            "common_shares": 389670,
            "book_valuer_per_share": 20.43,
            "book_valuer_per_share_4q_avg": 20.45,
            "equity": 842311,
            "current_ratio": 165.22,
            "debt_ratio": 48.52,
            "inventory_turnover_ratio": 10.91,
            "account_receivable_turnover_ratio": 1.19,
            "reinvestment_rate": null,
            "research_to_sale_ratio": 2.07,
            "price_fair": 38.5,
            "eps_avg_yearly": 1.1,
            "eps_latest_yearly": 0.4,
            "eps_growth_yearly": 38.64
        },
        "20182": {
            "year_quarter": 20182,
            "year": 2018,
            "quarter": 2,
            "eps": -2.64,
            "eps_growth_year": -794.74,
            "eps_4q": -4.03,
            "eps_4q_growth_year": -487.27,
            "roe": -13.31,
            "roe_4q": -21.43,
            "gross_profit": -98218,
            "gross_margin": -154.04,
            "gross_margin_4q_avg": -37.92,
            "net_income": -105196,
            "net_income_4q": null,
            "revenue": 63762,
            "revenue_4q": null,
            "common_shares": 389369,
            "book_valuer_per_share": 17.83,
            "book_valuer_per_share_4q_avg": 19.56,
            "equity": 738032,
            "current_ratio": 129.15,
            "debt_ratio": 55.65,
            "inventory_turnover_ratio": 13.64,
            "account_receivable_turnover_ratio": 0.72,
            "reinvestment_rate": null,
            "research_to_sale_ratio": 2.39,
            "price_fair": 38.5,
            "eps_avg_yearly": 1.1,
            "eps_latest_yearly": 0.4,
            "eps_growth_yearly": 38.64
        },
        "20183": {
            "year_quarter": 20183,
            "year": 2018,
            "quarter": 3,
            "eps": -1.17,
            "eps_growth_year": -1270,
            "eps_4q": -5.28,
            "eps_4q_growth_year": -632.02,
            "roe": -6.76,
            "roe_4q": -28.74,
            "gross_profit": -27669,
            "gross_margin": -22.2,
            "gross_margin_4q_avg": -47.48,
            "net_income": -48873,
            "net_income_4q": null,
            "revenue": 124644,
            "revenue_4q": null,
            "common_shares": 408228,
            "book_valuer_per_share": 16.33,
            "book_valuer_per_share_4q_avg": 18.58,
            "equity": 708530,
            "current_ratio": 134.24,
            "debt_ratio": 56.4,
            "inventory_turnover_ratio": 12.75,
            "account_receivable_turnover_ratio": 1.04,
            "reinvestment_rate": null,
            "research_to_sale_ratio": 1.34,
            "price_fair": 38.5,
            "eps_avg_yearly": 1.1,
            "eps_latest_yearly": 0.4,
            "eps_growth_yearly": 38.64
        },
        "20184": {
            "year_quarter": 20184,
            "year": 2018,
            "quarter": 4,
            "eps": -4.94,
            "eps_growth_year": null,
            "eps_4q": -9.71,
            "eps_4q_growth_year": -16808.99,
            "roe": -34.83,
            "roe_4q": -60.55,
            "gross_profit": -139269,
            "gross_margin": 182.42,
            "gross_margin_4q_avg": -1.89,
            "net_income": -206513,
            "net_income_4q": null,
            "revenue": -76347,
            "revenue_4q": null,
            "common_shares": 407359,
            "book_valuer_per_share": 11.05,
            "book_valuer_per_share_4q_avg": 16.41,
            "equity": 477314,
            "current_ratio": 101.98,
            "debt_ratio": 64.31,
            "inventory_turnover_ratio": 8.78,
            "account_receivable_turnover_ratio": -0.67,
            "reinvestment_rate": null,
            "research_to_sale_ratio": -2.37,
            "price_fair": 38.5,
            "eps_avg_yearly": 1.1,
            "eps_latest_yearly": 0.4,
            "eps_growth_yearly": 38.64
        },
        "20191": {
            "year_quarter": 20191,
            "year": 2019,
            "quarter": 1,
            "eps": -0.94,
            "eps_growth_year": null,
            "eps_4q": -9.58,
            "eps_4q_growth_year": null,
            "roe": -8.78,
            "roe_4q": -63.68,
            "gross_profit": -18156,
            "gross_margin": -28.27,
            "gross_margin_4q_avg": -5.52,
            "net_income": -40057,
            "net_income_4q": null,
            "revenue": 64229,
            "revenue_4q": null,
            "common_shares": 407359,
            "book_valuer_per_share": 10.04,
            "book_valuer_per_share_4q_avg": 13.81,
            "equity": 434676,
            "current_ratio": 87.93,
            "debt_ratio": 66.25,
            "inventory_turnover_ratio": 36.88,
            "account_receivable_turnover_ratio": 0.79,
            "reinvestment_rate": null,
            "research_to_sale_ratio": 2.39,
            "price_fair": 38.5,
            "eps_avg_yearly": 1.1,
            "eps_latest_yearly": 0.4,
            "eps_growth_yearly": 38.64
        },
        "20192": {
            "year_quarter": 20192,
            "year": 2019,
            "quarter": 2,
            "eps": -0.91,
            "eps_growth_year": null,
            "eps_4q": -8,
            "eps_4q_growth_year": null,
            "roe": -8.99,
            "roe_4q": -59.35999999999999,
            "gross_profit": -5774,
            "gross_margin": -5.77,
            "gross_margin_4q_avg": 31.55,
            "net_income": -37325,
            "net_income_4q": null,
            "revenue": 100094,
            "revenue_4q": null,
            "common_shares": 405103,
            "book_valuer_per_share": 9.15,
            "book_valuer_per_share_4q_avg": 11.64,
            "equity": 395885,
            "current_ratio": 82.91,
            "debt_ratio": 69.62,
            "inventory_turnover_ratio": 45.52,
            "account_receivable_turnover_ratio": 1.22,
            "reinvestment_rate": null,
            "research_to_sale_ratio": 0.48,
            "price_fair": 38.5,
            "eps_avg_yearly": 1.1,
            "eps_latest_yearly": 0.4,
            "eps_growth_yearly": 38.64
        },
        "20193": {
            "year_quarter": 20193,
            "year": 2019,
            "quarter": 3,
            "eps": -0.31,
            "eps_growth_year": null,
            "eps_4q": -4.8,
            "eps_4q_growth_year": null,
            "roe": -2.91,
            "roe_4q": -55.51,
            "gross_profit": 8187,
            "gross_margin": 5.53,
            "gross_margin_4q_avg": 38.48,
            "net_income": -14462,
            "net_income_4q": null,
            "revenue": 148085,
            "revenue_4q": null,
            "common_shares": 605103,
            "book_valuer_per_share": 9.48,
            "book_valuer_per_share_4q_avg": 9.93,
            "equity": 598349,
            "current_ratio": 125,
            "debt_ratio": 57.59,
            "inventory_turnover_ratio": 56.21,
            "account_receivable_turnover_ratio": 1.49,
            "reinvestment_rate": null,
            "research_to_sale_ratio": -0.25,
            "price_fair": 38.5,
            "eps_avg_yearly": 1.1,
            "eps_latest_yearly": 0.4,
            "eps_growth_yearly": 38.64
        },
        "20194": {
            "year_quarter": 20194,
            "year": 2019,
            "quarter": 4,
            "eps": -1.51,
            "eps_growth_year": null,
            "eps_4q": -2.98,
            "eps_4q_growth_year": null,
            "roe": -16.73,
            "roe_4q": -37.410000000000004,
            "gross_profit": 15882,
            "gross_margin": 10.01,
            "gross_margin_4q_avg": -4.63,
            "net_income": -92713,
            "net_income_4q": null,
            "revenue": 158645,
            "revenue_4q": null,
            "common_shares": 605103,
            "book_valuer_per_share": 8.04,
            "book_valuer_per_share_4q_avg": 9.18,
            "equity": 509928,
            "current_ratio": 125.66,
            "debt_ratio": 60.61,
            "inventory_turnover_ratio": 61,
            "account_receivable_turnover_ratio": 1.55,
            "reinvestment_rate": null,
            "research_to_sale_ratio": 0.02,
            "price_fair": 38.5,
            "eps_avg_yearly": 1.1,
            "eps_latest_yearly": 0.4,
            "eps_growth_yearly": 38.64
        },
        "20201": {
            "year_quarter": 20201,
            "year": 2020,
            "quarter": 1,
            "eps": -0.04,
            "eps_growth_year": null,
            "eps_4q": -2.39,
            "eps_4q_growth_year": null,
            "roe": -0.52,
            "roe_4q": -29.15,
            "gross_profit": 18637,
            "gross_margin": 10.38,
            "gross_margin_4q_avg": 5.04,
            "net_income": -2630,
            "net_income_4q": null,
            "revenue": 179574,
            "revenue_4q": null,
            "common_shares": 605103,
            "book_valuer_per_share": 7.99,
            "book_valuer_per_share_4q_avg": 8.67,
            "equity": 506572,
            "current_ratio": 117.54,
            "debt_ratio": 61.95,
            "inventory_turnover_ratio": 79.18,
            "account_receivable_turnover_ratio": 1.68,
            "reinvestment_rate": null,
            "research_to_sale_ratio": 0.23,
            "price_fair": 38.5,
            "eps_avg_yearly": 1.1,
            "eps_latest_yearly": 0.4,
            "eps_growth_yearly": 38.64
        },
        "20202": {
            "year_quarter": 20202,
            "year": 2020,
            "quarter": 2,
            "eps": -0.55,
            "eps_growth_year": null,
            "eps_4q": -2.33,
            "eps_4q_growth_year": null,
            "roe": -6.68,
            "roe_4q": -26.84,
            "gross_profit": -5311,
            "gross_margin": -5.07,
            "gross_margin_4q_avg": 5.21,
            "net_income": -32731,
            "net_income_4q": null,
            "revenue": 104812,
            "revenue_4q": null,
            "common_shares": 605103,
            "book_valuer_per_share": 7.43,
            "book_valuer_per_share_4q_avg": 8.24,
            "equity": 473216,
            "current_ratio": 106.93,
            "debt_ratio": 64.29,
            "inventory_turnover_ratio": 56.82,
            "account_receivable_turnover_ratio": 0.86,
            "reinvestment_rate": null,
            "research_to_sale_ratio": 0.66,
            "price_fair": 38.5,
            "eps_avg_yearly": 1.1,
            "eps_latest_yearly": 0.4,
            "eps_growth_yearly": 38.64
        },
        "20203": {
            "year_quarter": 20203,
            "year": 2020,
            "quarter": 3,
            "eps": -0.64,
            "eps_growth_year": null,
            "eps_4q": -2.73,
            "eps_4q_growth_year": null,
            "roe": -8.17,
            "roe_4q": -32.1,
            "gross_profit": -10536,
            "gross_margin": -10.45,
            "gross_margin_4q_avg": 1.22,
            "net_income": -37150,
            "net_income_4q": null,
            "revenue": 100823,
            "revenue_4q": null,
            "common_shares": 605103,
            "book_valuer_per_share": 6.8,
            "book_valuer_per_share_4q_avg": 7.57,
            "equity": 435784,
            "current_ratio": 100.48,
            "debt_ratio": 67.59,
            "inventory_turnover_ratio": 92.72,
            "account_receivable_turnover_ratio": 0.79,
            "reinvestment_rate": null,
            "research_to_sale_ratio": 0.77,
            "price_fair": 38.5,
            "eps_avg_yearly": 1.1,
            "eps_latest_yearly": 0.4,
            "eps_growth_yearly": 38.64
        },
        "20204": {
            "year_quarter": 20204,
            "year": 2020,
            "quarter": 4,
            "eps": 0.17,
            "eps_growth_year": null,
            "eps_4q": -1.06,
            "eps_4q_growth_year": null,
            "roe": 2.53,
            "roe_4q": -12.84,
            "gross_profit": 26628,
            "gross_margin": 19,
            "gross_margin_4q_avg": 3.47,
            "net_income": 11243,
            "net_income_4q": null,
            "revenue": 140171,
            "revenue_4q": null,
            "common_shares": 605103,
            "book_valuer_per_share": 7.06,
            "book_valuer_per_share_4q_avg": 7.32,
            "equity": 453091,
            "current_ratio": 103.1,
            "debt_ratio": 65.86,
            "inventory_turnover_ratio": 318.05,
            "account_receivable_turnover_ratio": 1.08,
            "reinvestment_rate": null,
            "research_to_sale_ratio": 0.54,
            "price_fair": 3,
            "eps_avg_yearly": 1,
            "eps_latest_yearly": 0.4,
            "eps_growth_yearly": -74.4
        },
        "20211": {
            "year_quarter": 20211,
            "year": 2021,
            "quarter": 1,
            "eps": -0.05,
            "eps_growth_year": null,
            "eps_4q": -1.07,
            "eps_4q_growth_year": null,
            "roe": -0.71,
            "roe_4q": -13.03,
            "gross_profit": 18225,
            "gross_margin": 14.68,
            "gross_margin_4q_avg": 4.54,
            "net_income": -3205,
            "net_income_4q": null,
            "revenue": 124144,
            "revenue_4q": null,
            "common_shares": 605103,
            "book_valuer_per_share": 7.02,
            "book_valuer_per_share_4q_avg": 7.08,
            "equity": 450102,
            "current_ratio": 105.61,
            "debt_ratio": 60.71,
            "inventory_turnover_ratio": 551.66,
            "account_receivable_turnover_ratio": 1.3,
            "reinvestment_rate": null,
            "research_to_sale_ratio": 0.7,
            "price_fair": 2.88,
            "eps_avg_yearly": 0.96,
            "eps_latest_yearly": 0.4,
            "eps_growth_yearly": -65.89
        },
        "20212": {
            "year_quarter": 20212,
            "year": 2021,
            "quarter": 2,
            "eps": -0.04,
            "eps_growth_year": null,
            "eps_4q": -0.56,
            "eps_4q_growth_year": null,
            "roe": -0.52,
            "roe_4q": -6.87,
            "gross_profit": 14837,
            "gross_margin": 11.62,
            "gross_margin_4q_avg": 8.71,
            "net_income": -2312,
            "net_income_4q": null,
            "revenue": 127637,
            "revenue_4q": null,
            "common_shares": 605103,
            "book_valuer_per_share": 6.98,
            "book_valuer_per_share_4q_avg": 6.97,
            "equity": 447440,
            "current_ratio": 113.89,
            "debt_ratio": 61.76,
            "inventory_turnover_ratio": 762.16,
            "account_receivable_turnover_ratio": 1.69,
            "reinvestment_rate": null,
            "research_to_sale_ratio": 0.37,
            "price_fair": 1.2,
            "eps_avg_yearly": 0.4,
            "eps_latest_yearly": 0.4,
            "eps_growth_yearly": -294.74
        },
        "20213": {
            "year_quarter": 20213,
            "year": 2021,
            "quarter": 3,
            "eps": -0.43,
            "eps_growth_year": null,
            "eps_4q": -0.34,
            "eps_4q_growth_year": null,
            "roe": -5.93,
            "roe_4q": -4.629999999999999,
            "gross_profit": 8087,
            "gross_margin": 7.29,
            "gross_margin_4q_avg": 13.15,
            "net_income": -25718,
            "net_income_4q": null,
            "revenue": 110897,
            "revenue_4q": null,
            "common_shares": 605103,
            "book_valuer_per_share": 6.55,
            "book_valuer_per_share_4q_avg": 6.9,
            "equity": 420277,
            "current_ratio": 106.74,
            "debt_ratio": 71.14,
            "inventory_turnover_ratio": 1003.02,
            "account_receivable_turnover_ratio": 1.61,
            "reinvestment_rate": null,
            "research_to_sale_ratio": 0.36,
            "price_fair": 0,
            "eps_avg_yearly": 0,
            "eps_latest_yearly": 0,
            "eps_growth_yearly": 0
        },
        "20214": {
            "year_quarter": 20214,
            "year": 2021,
            "quarter": 4,
            "eps": 0.02,
            "eps_growth_year": -88.86,
            "eps_4q": -0.42,
            "eps_4q_growth_year": null,
            "roe": 0.4,
            "roe_4q": -6.759999999999999,
            "gross_profit": 67126,
            "gross_margin": 15.54,
            "gross_margin_4q_avg": 12.28,
            "net_income": 2712,
            "net_income_4q": null,
            "revenue": 431969,
            "revenue_4q": null,
            "common_shares": 705103,
            "book_valuer_per_share": 12.86,
            "book_valuer_per_share_4q_avg": 8.35,
            "equity": 931735,
            "current_ratio": 163.29,
            "debt_ratio": 52.87,
            "inventory_turnover_ratio": 9354.95,
            "account_receivable_turnover_ratio": 5.33,
            "reinvestment_rate": null,
            "research_to_sale_ratio": 0.18,
            "price_fair": 0,
            "eps_avg_yearly": 0,
            "eps_latest_yearly": 0,
            "eps_growth_yearly": 0
        },
        "20221": {
            "year_quarter": 20221,
            "year": 2022,
            "quarter": 1,
            "eps": 0.41,
            "eps_growth_year": null,
            "eps_4q": 0.03,
            "eps_4q_growth_year": null,
            "roe": 3.25,
            "roe_4q": -2.8,
            "gross_profit": 55551,
            "gross_margin": 11.98,
            "gross_margin_4q_avg": 11.61,
            "net_income": 30749,
            "net_income_4q": null,
            "revenue": 463530,
            "revenue_4q": null,
            "common_shares": 705103,
            "book_valuer_per_share": 13.27,
            "book_valuer_per_share_4q_avg": 9.92,
            "equity": 963377,
            "current_ratio": 187.01,
            "debt_ratio": 46.35,
            "inventory_turnover_ratio": null,
            "account_receivable_turnover_ratio": 5.21,
            "reinvestment_rate": null,
            "research_to_sale_ratio": 0.12,
            "price_fair": 57.4,
            "eps_avg_yearly": 1.64,
            "eps_latest_yearly": 1.64,
            "eps_growth_yearly": 7800
        },
        "20222": {
            "year_quarter": 20222,
            "year": 2022,
            "quarter": 2,
            "eps": 0.31,
            "eps_growth_year": null,
            "eps_4q": 0.37,
            "eps_4q_growth_year": null,
            "roe": 2.5,
            "roe_4q": 0.22000000000000064,
            "gross_profit": 73270,
            "gross_margin": 12.48,
            "gross_margin_4q_avg": 11.82,
            "net_income": 24343,
            "net_income_4q": null,
            "revenue": 587232,
            "revenue_4q": null,
            "common_shares": 705103,
            "book_valuer_per_share": 13.59,
            "book_valuer_per_share_4q_avg": 11.57,
            "equity": 987474,
            "current_ratio": 182.97,
            "debt_ratio": 48.67,
            "inventory_turnover_ratio": null,
            "account_receivable_turnover_ratio": 7.22,
            "reinvestment_rate": null,
            "research_to_sale_ratio": 0.07,
            "price_fair": 50.4,
            "eps_avg_yearly": 1.44,
            "eps_latest_yearly": 1.24,
            "eps_growth_yearly": 3851.22
        },
        "20223": {
            "year_quarter": 20223,
            "year": 2022,
            "quarter": 3,
            "eps": 1.03,
            "eps_growth_year": null,
            "eps_4q": 1.77,
            "eps_4q_growth_year": null,
            "roe": 7.35,
            "roe_4q": 13.5,
            "gross_profit": 133079,
            "gross_margin": 17.51,
            "gross_margin_4q_avg": 14.38,
            "net_income": 75253,
            "net_income_4q": null,
            "revenue": 760094,
            "revenue_4q": null,
            "common_shares": 705103,
            "book_valuer_per_share": 14.48,
            "book_valuer_per_share_4q_avg": 13.55,
            "equity": 1058859,
            "current_ratio": 181.82,
            "debt_ratio": 50.82,
            "inventory_turnover_ratio": 28.82,
            "account_receivable_turnover_ratio": 8.72,
            "reinvestment_rate": null,
            "research_to_sale_ratio": 0.11,
            "price_fair": 81.67,
            "eps_avg_yearly": 2.33,
            "eps_latest_yearly": 4.12,
            "eps_growth_yearly": 2877.16
        },
        "20224": {
            "year_quarter": 20224,
            "year": 2022,
            "quarter": 4,
            "eps": 5.44,
            "eps_growth_year": 29372.81,
            "eps_4q": 7.19,
            "eps_4q_growth_year": null,
            "roe": 30.84,
            "roe_4q": 43.94,
            "gross_profit": 512344,
            "gross_margin": 52.58,
            "gross_margin_4q_avg": 23.64,
            "net_income": 386009,
            "net_income_4q": null,
            "revenue": 974383,
            "revenue_4q": null,
            "common_shares": 705103,
            "book_valuer_per_share": 19.92,
            "book_valuer_per_share_4q_avg": 15.32,
            "equity": 1444713,
            "current_ratio": 267.49,
            "debt_ratio": 38.44,
            "inventory_turnover_ratio": 4.14,
            "account_receivable_turnover_ratio": 12.95,
            "reinvestment_rate": -74.03,
            "research_to_sale_ratio": 0.07,
            "price_fair": 251.65,
            "eps_avg_yearly": 7.19,
            "eps_latest_yearly": 21.76,
            "eps_growth_yearly": 2586.02
        },
        "20231": {
            "year_quarter": 20231,
            "year": 2023,
            "quarter": 1,
            "eps": 0.18,
            "eps_growth_year": -56.1,
            "eps_4q": 6.42,
            "eps_4q_growth_year": 22243.62,
            "roe": 0.97,
            "roe_4q": 41.66,
            "gross_profit": 52641,
            "gross_margin": 22.32,
            "gross_margin_4q_avg": 26.22,
            "net_income": 15512,
            "net_income_4q": null,
            "revenue": 235837,
            "revenue_4q": null,
            "common_shares": 765103,
            "book_valuer_per_share": 22.44,
            "book_valuer_per_share_4q_avg": 17.61,
            "equity": 1759052,
            "current_ratio": 389.58,
            "debt_ratio": 24.01,
            "inventory_turnover_ratio": 1.02,
            "account_receivable_turnover_ratio": 2.48,
            "reinvestment_rate": -59.46,
            "research_to_sale_ratio": 0.21,
            "price_fair": 206.36,
            "eps_avg_yearly": 5.9,
            "eps_latest_yearly": 0.72,
            "eps_growth_yearly": 1991.47
        },
        "20232": {
            "year_quarter": 20232,
            "year": 2023,
            "quarter": 2,
            "eps": 3.24,
            "eps_growth_year": 945.16,
            "eps_4q": 9,
            "eps_4q_growth_year": 2308.05,
            "roe": 14.68,
            "roe_4q": 53.84,
            "gross_profit": 375558,
            "gross_margin": 56.37,
            "gross_margin_4q_avg": 37.2,
            "net_income": 265157,
            "net_income_4q": null,
            "revenue": 666290,
            "revenue_4q": null,
            "common_shares": 814835,
            "book_valuer_per_share": 22.29,
            "book_valuer_per_share_4q_avg": 19.78,
            "equity": 1853125,
            "current_ratio": 301.55,
            "debt_ratio": 30.43,
            "inventory_turnover_ratio": 1.62,
            "account_receivable_turnover_ratio": 4.8,
            "reinvestment_rate": -27.38,
            "research_to_sale_ratio": 0.07,
            "price_fair": 247.57,
            "eps_avg_yearly": 7.07,
            "eps_latest_yearly": 12.96,
            "eps_growth_yearly": 2792.89
        }
    },
    "months": {
        "2015-07": {
            "month": "2015-07",
            "price": "36.23",
            "revenue": 44412
        },
        "2015-08": {
            "month": "2015-08",
            "price": "32.35",
            "revenue": 31324
        },
        "2015-09": {
            "month": "2015-09",
            "price": "31.90",
            "revenue": 33034
        },
        "2015-10": {
            "month": "2015-10",
            "price": "30.92",
            "revenue": 49573
        },
        "2015-11": {
            "month": "2015-11",
            "price": "34.21",
            "revenue": 69725
        },
        "2015-12": {
            "month": "2015-12",
            "price": "47.84",
            "revenue": 76934
        },
        "2016-01": {
            "month": "2016-01",
            "price": "47.57",
            "revenue": 36684
        },
        "2016-02": {
            "month": "2016-02",
            "price": "50.48",
            "revenue": 31986
        },
        "2016-03": {
            "month": "2016-03",
            "price": "53.38",
            "revenue": 59515
        },
        "2016-04": {
            "month": "2016-04",
            "price": "54.61",
            "revenue": 55964
        },
        "2016-05": {
            "month": "2016-05",
            "price": "50.71",
            "revenue": 59180
        },
        "2016-06": {
            "month": "2016-06",
            "price": "46.68",
            "revenue": 91915
        },
        "2016-07": {
            "month": "2016-07",
            "price": "48.15",
            "revenue": 95621
        },
        "2016-08": {
            "month": "2016-08",
            "price": "48.14",
            "revenue": 80036
        },
        "2016-09": {
            "month": "2016-09",
            "price": "46.18",
            "revenue": 82615
        },
        "2016-10": {
            "month": "2016-10",
            "price": "48.74",
            "revenue": 82314
        },
        "2016-11": {
            "month": "2016-11",
            "price": "51.72",
            "revenue": 94463
        },
        "2016-12": {
            "month": "2016-12",
            "price": "51.51",
            "revenue": 88546
        },
        "2017-01": {
            "month": "2017-01",
            "price": "51.99",
            "revenue": 77158
        },
        "2017-02": {
            "month": "2017-02",
            "price": "49.22",
            "revenue": 81490
        },
        "2017-03": {
            "month": "2017-03",
            "price": "58.22",
            "revenue": 112895
        },
        "2017-04": {
            "month": "2017-04",
            "price": "57.30",
            "revenue": 68538
        },
        "2017-05": {
            "month": "2017-05",
            "price": "52.64",
            "revenue": 77188
        },
        "2017-06": {
            "month": "2017-06",
            "price": "51.46",
            "revenue": 62470
        },
        "2017-07": {
            "month": "2017-07",
            "price": "51.20",
            "revenue": 54788
        },
        "2017-08": {
            "month": "2017-08",
            "price": "48.66",
            "revenue": 60994
        },
        "2017-09": {
            "month": "2017-09",
            "price": "44.76",
            "revenue": 77926
        },
        "2017-10": {
            "month": "2017-10",
            "price": "42.70",
            "revenue": 69896
        },
        "2017-11": {
            "month": "2017-11",
            "price": "38.28",
            "revenue": 58965
        },
        "2017-12": {
            "month": "2017-12",
            "price": "37.46",
            "revenue": 61717
        },
        "2018-01": {
            "month": "2018-01",
            "price": "37.16",
            "revenue": 43317
        },
        "2018-02": {
            "month": "2018-02",
            "price": "36.35",
            "revenue": 40677
        },
        "2018-03": {
            "month": "2018-03",
            "price": "39.18",
            "revenue": 33860
        },
        "2018-04": {
            "month": "2018-04",
            "price": "36.85",
            "revenue": 43866
        },
        "2018-05": {
            "month": "2018-05",
            "price": "36.29",
            "revenue": 43673
        },
        "2018-06": {
            "month": "2018-06",
            "price": "34.00",
            "revenue": 19023
        },
        "2018-07": {
            "month": "2018-07",
            "price": "25.39",
            "revenue": 59337
        },
        "2018-08": {
            "month": "2018-08",
            "price": "20.43",
            "revenue": 26689
        },
        "2018-09": {
            "month": "2018-09",
            "price": "18.01",
            "revenue": 38618
        },
        "2018-10": {
            "month": "2018-10",
            "price": "16.56",
            "revenue": 32784
        },
        "2018-11": {
            "month": "2018-11",
            "price": "16.26",
            "revenue": 28512
        },
        "2018-12": {
            "month": "2018-12",
            "price": "17.76",
            "revenue": 37024
        },
        "2019-01": {
            "month": "2019-01",
            "price": "19.82",
            "revenue": 24553
        },
        "2019-02": {
            "month": "2019-02",
            "price": "19.56",
            "revenue": 23429
        },
        "2019-03": {
            "month": "2019-03",
            "price": "18.16",
            "revenue": 16246
        },
        "2019-04": {
            "month": "2019-04",
            "price": "16.23",
            "revenue": 23151
        },
        "2019-05": {
            "month": "2019-05",
            "price": "14.24",
            "revenue": 38349
        },
        "2019-06": {
            "month": "2019-06",
            "price": "13.87",
            "revenue": 38594
        },
        "2019-07": {
            "month": "2019-07",
            "price": "13.09",
            "revenue": 64780
        },
        "2019-08": {
            "month": "2019-08",
            "price": "13.64",
            "revenue": 54405
        },
        "2019-09": {
            "month": "2019-09",
            "price": "18.64",
            "revenue": 28900
        },
        "2019-10": {
            "month": "2019-10",
            "price": "20.20",
            "revenue": 37764
        },
        "2019-11": {
            "month": "2019-11",
            "price": "20.32",
            "revenue": 61038
        },
        "2019-12": {
            "month": "2019-12",
            "price": "19.99",
            "revenue": 81016
        },
        "2020-01": {
            "month": "2020-01",
            "price": "20.75",
            "revenue": 89746
        },
        "2020-02": {
            "month": "2020-02",
            "price": "23.55",
            "revenue": 47233
        },
        "2020-03": {
            "month": "2020-03",
            "price": "23.60",
            "revenue": 42595
        },
        "2020-04": {
            "month": "2020-04",
            "price": "22.50",
            "revenue": 47517
        },
        "2020-05": {
            "month": "2020-05",
            "price": "23.69",
            "revenue": 35307
        },
        "2020-06": {
            "month": "2020-06",
            "price": "22.75",
            "revenue": 19764
        },
        "2020-07": {
            "month": "2020-07",
            "price": "23.32",
            "revenue": 28408
        },
        "2020-08": {
            "month": "2020-08",
            "price": "23.17",
            "revenue": 22015
        },
        "2020-09": {
            "month": "2020-09",
            "price": "20.26",
            "revenue": 52625
        },
        "2020-10": {
            "month": "2020-10",
            "price": "20.26",
            "revenue": 46894
        },
        "2020-11": {
            "month": "2020-11",
            "price": "20.52",
            "revenue": 42390
        },
        "2020-12": {
            "month": "2020-12",
            "price": "21.97",
            "revenue": 50890
        },
        "2021-01": {
            "month": "2021-01",
            "price": "21.50",
            "revenue": 32981
        },
        "2021-02": {
            "month": "2021-02",
            "price": "20.52",
            "revenue": 25487
        },
        "2021-03": {
            "month": "2021-03",
            "price": "20.89",
            "revenue": 65766
        },
        "2021-04": {
            "month": "2021-04",
            "price": "21.12",
            "revenue": 47258
        },
        "2021-05": {
            "month": "2021-05",
            "price": "21.05",
            "revenue": 36958
        },
        "2021-06": {
            "month": "2021-06",
            "price": "21.28",
            "revenue": 42889
        },
        "2021-07": {
            "month": "2021-07",
            "price": "30.22",
            "revenue": 33681
        },
        "2021-08": {
            "month": "2021-08",
            "price": "45.50",
            "revenue": 28142
        },
        "2021-09": {
            "month": "2021-09",
            "price": "48.88",
            "revenue": 51129
        },
        "2021-10": {
            "month": "2021-10",
            "price": "54.82",
            "revenue": 91060
        },
        "2021-11": {
            "month": "2021-11",
            "price": "61.85",
            "revenue": 79743
        },
        "2021-12": {
            "month": "2021-12",
            "price": "59.40",
            "revenue": 259644
        },
        "2022-01": {
            "month": "2022-01",
            "price": "55.62",
            "revenue": 134065
        },
        "2022-02": {
            "month": "2022-02",
            "price": "57.47",
            "revenue": 155854
        },
        "2022-03": {
            "month": "2022-03",
            "price": "60.20",
            "revenue": 173612
        },
        "2022-04": {
            "month": "2022-04",
            "price": "59.65",
            "revenue": 176173
        },
        "2022-05": {
            "month": "2022-05",
            "price": "57.80",
            "revenue": 201149
        },
        "2022-06": {
            "month": "2022-06",
            "price": "57.86",
            "revenue": 209910
        },
        "2022-07": {
            "month": "2022-07",
            "price": "55.26",
            "revenue": 234158
        },
        "2022-08": {
            "month": "2022-08",
            "price": "55.58",
            "revenue": 258112
        },
        "2022-09": {
            "month": "2022-09",
            "price": "53.14",
            "revenue": 267824
        },
        "2022-10": {
            "month": "2022-10",
            "price": "49.02",
            "revenue": 237642
        },
        "2022-11": {
            "month": "2022-11",
            "price": "49.85",
            "revenue": 451207
        },
        "2022-12": {
            "month": "2022-12",
            "price": "54.38",
            "revenue": 285534
        },
        "2023-01": {
            "month": "2023-01",
            "price": "60.37",
            "revenue": 77307
        },
        "2023-02": {
            "month": "2023-02",
            "price": "69.03",
            "revenue": 48666
        },
        "2023-03": {
            "month": "2023-03",
            "price": "68.78",
            "revenue": 109864
        },
        "2023-04": {
            "month": "2023-04",
            "price": "64.73",
            "revenue": 74924
        },
        "2023-05": {
            "month": "2023-05",
            "price": "72.65",
            "revenue": 101989
        },
        "2023-06": {
            "month": "2023-06",
            "price": "71.78",
            "revenue": 434163
        },
        "2023-07": {
            "month": "2023-07",
            "price": "68.15",
            "revenue": 111191
        },
        "2023-08": {
            "month": "2023-08",
            "price": "64.15",
            "revenue": 102122
        },
        "2023-09": {
            "month": "2023-09",
            "price": "66.36",
            "revenue": 101118
        }
    }
}
