{
    "summary": {
        "stock_name": "創業家",
        "stock_id": "8477",
        "category": "電子商務",
        "main_business": "電子商務網路零售業",
        "website_url": "http://www.kuobrothers.com",
        "ceo": "郭書齊",
        "pe_ratio": -5,
        "report_year_from": 2015,
        "report_year_to": 2023,
        "age": 8,
        "eps_negative_percentage": 34,
        "eps_growth_avg": {
            "last_all": -32.91,
            "last_2y": -84.85,
            "last_4y": -23.93,
            "last_8y": null,
            "last_12y": null,
            "last_16y": null,
            "last_20y": null,
            "at_2006_last_3y": null,
            "at_2007_last_3y": null,
            "at_2008_last_3y": null,
            "at_2009_last_3y": null,
            "at_2010_last_3y": null,
            "at_2011_last_3y": null,
            "at_2012_last_3y": null,
            "at_2013_last_3y": null,
            "at_2014_last_3y": null,
            "at_2015_last_3y": null,
            "at_2016_last_3y": null,
            "at_2017_last_3y": null,
            "at_2018_last_3y": null,
            "at_2019_last_3y": null,
            "at_2020_last_3y": -16.14,
            "at_2021_last_3y": -23.93,
            "at_2022_last_3y": -65.24,
            "at_2023_last_3y": -65.24,
            "at_2006_last_all": null,
            "at_2007_last_all": null,
            "at_2008_last_all": null,
            "at_2009_last_all": null,
            "at_2010_last_all": null,
            "at_2011_last_all": null,
            "at_2012_last_all": null,
            "at_2013_last_all": null,
            "at_2014_last_all": null,
            "at_2015_last_all": null,
            "at_2016_last_all": null,
            "at_2017_last_all": null,
            "at_2018_last_all": 15.57,
            "at_2019_last_all": 1.71,
            "at_2020_last_all": -16.14,
            "at_2021_last_all": -32.91,
            "at_2022_last_all": -32.91,
            "at_2023_last_all": -32.91
        },
        "latest_eps": -3.44,
        "latest_price": 17.1,
        "latest_roe": -31.34,
        "latest_gross_margin": 15.44,
        "latest_equity": 292058,
        "latest_revenue": 367933,
        "latest_gross_profit": 56803,
        "latest_net_income": -15677,
        "latest_debt_ratio": 44.16,
        "latest_current_ratio": 200.64,
        "latest_account_receivable_turnover_ratio": 13.42,
        "latest_inventory_turnover_ratio": 228.69,
        "latest_reinvestment_rate": null,
        "latest_research_to_sale_ratio": 3.26
    },
    "eps_dividends": {
        "2001": {
            "cash": 0,
            "stock": 0,
            "eps": 0
        },
        "2002": {
            "cash": 0,
            "stock": 0,
            "eps": 0
        },
        "2003": {
            "cash": 0,
            "stock": 0,
            "eps": 0
        },
        "2004": {
            "cash": 0,
            "stock": 0,
            "eps": 0
        },
        "2005": {
            "cash": 0,
            "stock": 0,
            "eps": 0
        },
        "2006": {
            "cash": 0,
            "stock": 0,
            "eps": 0
        },
        "2007": {
            "cash": 0,
            "stock": 0,
            "eps": 0
        },
        "2008": {
            "cash": 0,
            "stock": 0,
            "eps": 0
        },
        "2009": {
            "cash": 0,
            "stock": 0,
            "eps": 0
        },
        "2010": {
            "cash": 0,
            "stock": 0,
            "eps": 0
        },
        "2011": {
            "cash": 0,
            "stock": 0,
            "eps": 0
        },
        "2012": {
            "cash": 0,
            "stock": 0,
            "eps": 0
        },
        "2013": {
            "cash": 0,
            "stock": 0,
            "eps": 0
        },
        "2014": {
            "cash": 0,
            "stock": 0,
            "eps": 0
        },
        "2015": {
            "cash": 0,
            "stock": 2,
            "eps": 0
        },
        "2016": {
            "cash": 1,
            "stock": 1,
            "eps": 3.05
        },
        "2017": {
            "cash": 2,
            "stock": 1,
            "eps": 0.95
        },
        "2018": {
            "cash": 1,
            "stock": 1,
            "eps": 2.23
        },
        "2019": {
            "cash": 2,
            "stock": 1,
            "eps": 1.65
        },
        "2020": {
            "cash": 1,
            "stock": 0,
            "eps": 0.5
        },
        "2021": {
            "cash": 2,
            "stock": 0,
            "eps": -1.04
        },
        "2022": {
            "cash": 0,
            "stock": 0,
            "eps": -3.76
        },
        "2023": {
            "cash": 0,
            "stock": 0,
            "eps": -0.5
        }
    },
    "dividends": {
        "2015-04-24": {
            "cash": 0.45,
            "stock": 1.75
        },
        "2016-08-10": {
            "cash": 1.45,
            "stock": 1
        },
        "2017-09-18": {
            "cash": 1.88,
            "stock": 0.5
        },
        "2018-08-06": {
            "cash": 0.82,
            "stock": 1
        },
        "2019-07-29": {
            "cash": 1.88,
            "stock": 1
        },
        "2020-08-14": {
            "cash": 1.37,
            "stock": 0
        },
        "2021-07-29": {
            "cash": 2.45,
            "stock": 0
        }
    },
    "prices": {
        "200101": "無",
        "200102": "無",
        "200103": "無",
        "200104": "無",
        "200105": "無",
        "200106": "無",
        "200107": "無",
        "200108": "無",
        "200109": "無",
        "200110": "無",
        "200111": "無",
        "200112": "無",
        "200201": "無",
        "200202": "無",
        "200203": "無",
        "200204": "無",
        "200205": "無",
        "200206": "無",
        "200207": "無",
        "200208": "無",
        "200209": "無",
        "200210": "無",
        "200211": "無",
        "200212": "無",
        "200301": "無",
        "200302": "無",
        "200303": "無",
        "200304": "無",
        "200305": "無",
        "200306": "無",
        "200307": "無",
        "200308": "無",
        "200309": "無",
        "200310": "無",
        "200311": "無",
        "200312": "無",
        "200401": "無",
        "200402": "無",
        "200403": "無",
        "200404": "無",
        "200405": "無",
        "200406": "無",
        "200407": "無",
        "200408": "無",
        "200409": "無",
        "200410": "無",
        "200411": "無",
        "200412": "無",
        "200501": "無",
        "200502": "無",
        "200503": "無",
        "200504": "無",
        "200505": "無",
        "200506": "無",
        "200507": "無",
        "200508": "無",
        "200509": "無",
        "200510": "無",
        "200511": "無",
        "200512": "無",
        "200601": "無",
        "200602": "無",
        "200603": "無",
        "200604": "無",
        "200605": "無",
        "200606": "無",
        "200607": "無",
        "200608": "無",
        "200609": "無",
        "200610": "無",
        "200611": "無",
        "200612": "無",
        "200701": "無",
        "200702": "無",
        "200703": "無",
        "200704": "無",
        "200705": "無",
        "200706": "無",
        "200707": "無",
        "200708": "無",
        "200709": "無",
        "200710": "無",
        "200711": "無",
        "200712": "無",
        "200801": "無",
        "200802": "無",
        "200803": "無",
        "200804": "無",
        "200805": "無",
        "200806": "無",
        "200807": "無",
        "200808": "無",
        "200809": "無",
        "200810": "無",
        "200811": "無",
        "200812": "無",
        "200901": "無",
        "200902": "無",
        "200903": "無",
        "200904": "無",
        "200905": "無",
        "200906": "無",
        "200907": "無",
        "200908": "無",
        "200909": "無",
        "200910": "無",
        "200911": "無",
        "200912": "無",
        "201001": "無",
        "201002": "無",
        "201003": "無",
        "201004": "無",
        "201005": "無",
        "201006": "無",
        "201007": "無",
        "201008": "無",
        "201009": "無",
        "201010": "無",
        "201011": "無",
        "201012": "無",
        "201101": "無",
        "201102": "無",
        "201103": "無",
        "201104": "無",
        "201105": "無",
        "201106": "無",
        "201107": "無",
        "201108": "無",
        "201109": "無",
        "201110": "無",
        "201111": "無",
        "201112": "無",
        "201201": "無",
        "201202": "無",
        "201203": "無",
        "201204": "無",
        "201205": "無",
        "201206": "無",
        "201207": "無",
        "201208": "無",
        "201209": "無",
        "201210": "無",
        "201211": "無",
        "201212": "無",
        "201301": "無",
        "201302": "無",
        "201303": "無",
        "201304": "無",
        "201305": "無",
        "201306": "無",
        "201307": "無",
        "201308": "無",
        "201309": "無",
        "201310": "無",
        "201311": "無",
        "201312": "無",
        "201401": "無",
        "201402": "無",
        "201403": "無",
        "201404": "無",
        "201405": "無",
        "201406": "無",
        "201407": "無",
        "201408": "無",
        "201409": "無",
        "201410": "無",
        "201411": "無",
        "201412": "無",
        "201501": "無",
        "201502": "無",
        "201503": "無",
        "201504": "無",
        "201505": "無",
        "201506": "無",
        "201507": "無",
        "201508": "無",
        "201509": "無",
        "201510": "105.66",
        "201511": "97.03",
        "201512": "96.18",
        "201601": "92.87",
        "201602": "95.50",
        "201603": "97.40",
        "201604": "96.27",
        "201605": "98.99",
        "201606": "100.96",
        "201607": "102.08",
        "201608": "89.53",
        "201609": "78.63",
        "201610": "89.82",
        "201611": "73.68",
        "201612": "66.96",
        "201701": "65.79",
        "201702": "58.69",
        "201703": "58.99",
        "201704": "58.90",
        "201705": "52.69",
        "201706": "49.34",
        "201707": "48.58",
        "201708": "44.98",
        "201709": "42.98",
        "201710": "41.88",
        "201711": "43.20",
        "201712": "41.43",
        "201801": "42.61",
        "201802": "41.56",
        "201803": "44.65",
        "201804": "48.22",
        "201805": "47.32",
        "201806": "49.55",
        "201807": "49.84",
        "201808": "50.60",
        "201809": "49.84",
        "201810": "49.70",
        "201811": "50.49",
        "201812": "51.06",
        "201901": "49.84",
        "201902": "52.96",
        "201903": "53.64",
        "201904": "55.04",
        "201905": "54.14",
        "201906": "53.96",
        "201907": "52.37",
        "201908": "51.74",
        "201909": "49.15",
        "201910": "47.37",
        "201911": "42.92",
        "201912": "39.73",
        "202001": "37.85",
        "202002": "37.49",
        "202003": "32.69",
        "202004": "33.68",
        "202005": "48.66",
        "202006": "46.86",
        "202007": "44.35",
        "202008": "40.22",
        "202009": "40.60",
        "202010": "40.50",
        "202011": "40.06",
        "202012": "38.61",
        "202101": "35.23",
        "202102": "33.43",
        "202103": "34.14",
        "202104": "34.07",
        "202105": "34.34",
        "202106": "37.39",
        "202107": "40.34",
        "202108": "37.41",
        "202109": "36.51",
        "202110": "36.20",
        "202111": "35.42",
        "202112": "33.49",
        "202201": "32.98",
        "202202": "31.50",
        "202203": "27.96",
        "202204": "27.78",
        "202205": "26.74",
        "202206": "24.96",
        "202207": "22.63",
        "202208": "22.25",
        "202209": "22.40",
        "202210": "19.99",
        "202211": "18.35",
        "202212": "18.45",
        "202301": "17.41",
        "202302": "17.11",
        "202303": "17.99",
        "202304": "17.67",
        "202305": "17.15"
    },
    "quarters": {
        "20011": {
            "year_quarter": 20011,
            "year": 2001,
            "quarter": 1,
            "eps": null,
            "eps_growth_year": null,
            "eps_4q": null,
            "eps_4q_growth_year": null,
            "roe": null,
            "gross_profit": null,
            "gross_margin": null,
            "net_income": null,
            "revenue": null,
            "common_shares": null,
            "equity": null,
            "current_ratio": null,
            "debt_ratio": null,
            "inventory_turnover_ratio": null,
            "account_receivable_turnover_ratio": null,
            "reinvestment_rate": null,
            "research_to_sale_ratio": null,
            "price_fair": 0,
            "eps_avg_yearly": 0,
            "eps_latest_yearly": 0,
            "eps_growth_yearly": 0
        },
        "20012": {
            "year_quarter": 20012,
            "year": 2001,
            "quarter": 2,
            "eps": null,
            "eps_growth_year": null,
            "eps_4q": null,
            "eps_4q_growth_year": null,
            "roe": null,
            "gross_profit": null,
            "gross_margin": null,
            "net_income": null,
            "revenue": null,
            "common_shares": null,
            "equity": null,
            "current_ratio": null,
            "debt_ratio": null,
            "inventory_turnover_ratio": null,
            "account_receivable_turnover_ratio": null,
            "reinvestment_rate": null,
            "research_to_sale_ratio": null,
            "price_fair": 0,
            "eps_avg_yearly": 0,
            "eps_latest_yearly": 0,
            "eps_growth_yearly": 0
        },
        "20013": {
            "year_quarter": 20013,
            "year": 2001,
            "quarter": 3,
            "eps": null,
            "eps_growth_year": null,
            "eps_4q": null,
            "eps_4q_growth_year": null,
            "roe": null,
            "gross_profit": null,
            "gross_margin": null,
            "net_income": null,
            "revenue": null,
            "common_shares": null,
            "equity": null,
            "current_ratio": null,
            "debt_ratio": null,
            "inventory_turnover_ratio": null,
            "account_receivable_turnover_ratio": null,
            "reinvestment_rate": null,
            "research_to_sale_ratio": null,
            "price_fair": 0,
            "eps_avg_yearly": 0,
            "eps_latest_yearly": 0,
            "eps_growth_yearly": 0
        },
        "20014": {
            "year_quarter": 20014,
            "year": 2001,
            "quarter": 4,
            "eps": null,
            "eps_growth_year": null,
            "eps_4q": null,
            "eps_4q_growth_year": null,
            "roe": null,
            "gross_profit": null,
            "gross_margin": null,
            "net_income": null,
            "revenue": null,
            "common_shares": null,
            "equity": null,
            "current_ratio": null,
            "debt_ratio": null,
            "inventory_turnover_ratio": null,
            "account_receivable_turnover_ratio": null,
            "reinvestment_rate": null,
            "research_to_sale_ratio": null,
            "price_fair": 0,
            "eps_avg_yearly": 0,
            "eps_latest_yearly": 0,
            "eps_growth_yearly": 0
        },
        "20021": {
            "year_quarter": 20021,
            "year": 2002,
            "quarter": 1,
            "eps": null,
            "eps_growth_year": null,
            "eps_4q": null,
            "eps_4q_growth_year": null,
            "roe": null,
            "gross_profit": null,
            "gross_margin": null,
            "net_income": null,
            "revenue": null,
            "common_shares": null,
            "equity": null,
            "current_ratio": null,
            "debt_ratio": null,
            "inventory_turnover_ratio": null,
            "account_receivable_turnover_ratio": null,
            "reinvestment_rate": null,
            "research_to_sale_ratio": null,
            "price_fair": 0,
            "eps_avg_yearly": 0,
            "eps_latest_yearly": 0,
            "eps_growth_yearly": 0
        },
        "20022": {
            "year_quarter": 20022,
            "year": 2002,
            "quarter": 2,
            "eps": null,
            "eps_growth_year": null,
            "eps_4q": null,
            "eps_4q_growth_year": null,
            "roe": null,
            "gross_profit": null,
            "gross_margin": null,
            "net_income": null,
            "revenue": null,
            "common_shares": null,
            "equity": null,
            "current_ratio": null,
            "debt_ratio": null,
            "inventory_turnover_ratio": null,
            "account_receivable_turnover_ratio": null,
            "reinvestment_rate": null,
            "research_to_sale_ratio": null,
            "price_fair": 0,
            "eps_avg_yearly": 0,
            "eps_latest_yearly": 0,
            "eps_growth_yearly": 0
        },
        "20023": {
            "year_quarter": 20023,
            "year": 2002,
            "quarter": 3,
            "eps": null,
            "eps_growth_year": null,
            "eps_4q": null,
            "eps_4q_growth_year": null,
            "roe": null,
            "gross_profit": null,
            "gross_margin": null,
            "net_income": null,
            "revenue": null,
            "common_shares": null,
            "equity": null,
            "current_ratio": null,
            "debt_ratio": null,
            "inventory_turnover_ratio": null,
            "account_receivable_turnover_ratio": null,
            "reinvestment_rate": null,
            "research_to_sale_ratio": null,
            "price_fair": 0,
            "eps_avg_yearly": 0,
            "eps_latest_yearly": 0,
            "eps_growth_yearly": 0
        },
        "20024": {
            "year_quarter": 20024,
            "year": 2002,
            "quarter": 4,
            "eps": null,
            "eps_growth_year": null,
            "eps_4q": null,
            "eps_4q_growth_year": null,
            "roe": null,
            "gross_profit": null,
            "gross_margin": null,
            "net_income": null,
            "revenue": null,
            "common_shares": null,
            "equity": null,
            "current_ratio": null,
            "debt_ratio": null,
            "inventory_turnover_ratio": null,
            "account_receivable_turnover_ratio": null,
            "reinvestment_rate": null,
            "research_to_sale_ratio": null,
            "price_fair": 0,
            "eps_avg_yearly": 0,
            "eps_latest_yearly": 0,
            "eps_growth_yearly": 0
        },
        "20031": {
            "year_quarter": 20031,
            "year": 2003,
            "quarter": 1,
            "eps": null,
            "eps_growth_year": null,
            "eps_4q": null,
            "eps_4q_growth_year": null,
            "roe": null,
            "gross_profit": null,
            "gross_margin": null,
            "net_income": null,
            "revenue": null,
            "common_shares": null,
            "equity": null,
            "current_ratio": null,
            "debt_ratio": null,
            "inventory_turnover_ratio": null,
            "account_receivable_turnover_ratio": null,
            "reinvestment_rate": null,
            "research_to_sale_ratio": null,
            "price_fair": 0,
            "eps_avg_yearly": 0,
            "eps_latest_yearly": 0,
            "eps_growth_yearly": 0
        },
        "20032": {
            "year_quarter": 20032,
            "year": 2003,
            "quarter": 2,
            "eps": null,
            "eps_growth_year": null,
            "eps_4q": null,
            "eps_4q_growth_year": null,
            "roe": null,
            "gross_profit": null,
            "gross_margin": null,
            "net_income": null,
            "revenue": null,
            "common_shares": null,
            "equity": null,
            "current_ratio": null,
            "debt_ratio": null,
            "inventory_turnover_ratio": null,
            "account_receivable_turnover_ratio": null,
            "reinvestment_rate": null,
            "research_to_sale_ratio": null,
            "price_fair": 0,
            "eps_avg_yearly": 0,
            "eps_latest_yearly": 0,
            "eps_growth_yearly": 0
        },
        "20033": {
            "year_quarter": 20033,
            "year": 2003,
            "quarter": 3,
            "eps": null,
            "eps_growth_year": null,
            "eps_4q": null,
            "eps_4q_growth_year": null,
            "roe": null,
            "gross_profit": null,
            "gross_margin": null,
            "net_income": null,
            "revenue": null,
            "common_shares": null,
            "equity": null,
            "current_ratio": null,
            "debt_ratio": null,
            "inventory_turnover_ratio": null,
            "account_receivable_turnover_ratio": null,
            "reinvestment_rate": null,
            "research_to_sale_ratio": null,
            "price_fair": 0,
            "eps_avg_yearly": 0,
            "eps_latest_yearly": 0,
            "eps_growth_yearly": 0
        },
        "20034": {
            "year_quarter": 20034,
            "year": 2003,
            "quarter": 4,
            "eps": null,
            "eps_growth_year": null,
            "eps_4q": null,
            "eps_4q_growth_year": null,
            "roe": null,
            "gross_profit": null,
            "gross_margin": null,
            "net_income": null,
            "revenue": null,
            "common_shares": null,
            "equity": null,
            "current_ratio": null,
            "debt_ratio": null,
            "inventory_turnover_ratio": null,
            "account_receivable_turnover_ratio": null,
            "reinvestment_rate": null,
            "research_to_sale_ratio": null,
            "price_fair": 0,
            "eps_avg_yearly": 0,
            "eps_latest_yearly": 0,
            "eps_growth_yearly": 0
        },
        "20041": {
            "year_quarter": 20041,
            "year": 2004,
            "quarter": 1,
            "eps": null,
            "eps_growth_year": null,
            "eps_4q": null,
            "eps_4q_growth_year": null,
            "roe": null,
            "gross_profit": null,
            "gross_margin": null,
            "net_income": null,
            "revenue": null,
            "common_shares": null,
            "equity": null,
            "current_ratio": null,
            "debt_ratio": null,
            "inventory_turnover_ratio": null,
            "account_receivable_turnover_ratio": null,
            "reinvestment_rate": null,
            "research_to_sale_ratio": null,
            "price_fair": 0,
            "eps_avg_yearly": 0,
            "eps_latest_yearly": 0,
            "eps_growth_yearly": 0
        },
        "20042": {
            "year_quarter": 20042,
            "year": 2004,
            "quarter": 2,
            "eps": null,
            "eps_growth_year": null,
            "eps_4q": null,
            "eps_4q_growth_year": null,
            "roe": null,
            "gross_profit": null,
            "gross_margin": null,
            "net_income": null,
            "revenue": null,
            "common_shares": null,
            "equity": null,
            "current_ratio": null,
            "debt_ratio": null,
            "inventory_turnover_ratio": null,
            "account_receivable_turnover_ratio": null,
            "reinvestment_rate": null,
            "research_to_sale_ratio": null,
            "price_fair": 0,
            "eps_avg_yearly": 0,
            "eps_latest_yearly": 0,
            "eps_growth_yearly": 0
        },
        "20043": {
            "year_quarter": 20043,
            "year": 2004,
            "quarter": 3,
            "eps": null,
            "eps_growth_year": null,
            "eps_4q": null,
            "eps_4q_growth_year": null,
            "roe": null,
            "gross_profit": null,
            "gross_margin": null,
            "net_income": null,
            "revenue": null,
            "common_shares": null,
            "equity": null,
            "current_ratio": null,
            "debt_ratio": null,
            "inventory_turnover_ratio": null,
            "account_receivable_turnover_ratio": null,
            "reinvestment_rate": null,
            "research_to_sale_ratio": null,
            "price_fair": 0,
            "eps_avg_yearly": 0,
            "eps_latest_yearly": 0,
            "eps_growth_yearly": 0
        },
        "20044": {
            "year_quarter": 20044,
            "year": 2004,
            "quarter": 4,
            "eps": null,
            "eps_growth_year": null,
            "eps_4q": null,
            "eps_4q_growth_year": null,
            "roe": null,
            "gross_profit": null,
            "gross_margin": null,
            "net_income": null,
            "revenue": null,
            "common_shares": null,
            "equity": null,
            "current_ratio": null,
            "debt_ratio": null,
            "inventory_turnover_ratio": null,
            "account_receivable_turnover_ratio": null,
            "reinvestment_rate": null,
            "research_to_sale_ratio": null,
            "price_fair": 0,
            "eps_avg_yearly": 0,
            "eps_latest_yearly": 0,
            "eps_growth_yearly": 0
        },
        "20051": {
            "year_quarter": 20051,
            "year": 2005,
            "quarter": 1,
            "eps": null,
            "eps_growth_year": null,
            "eps_4q": null,
            "eps_4q_growth_year": null,
            "roe": null,
            "gross_profit": null,
            "gross_margin": null,
            "net_income": null,
            "revenue": null,
            "common_shares": null,
            "equity": null,
            "current_ratio": null,
            "debt_ratio": null,
            "inventory_turnover_ratio": null,
            "account_receivable_turnover_ratio": null,
            "reinvestment_rate": null,
            "research_to_sale_ratio": null,
            "price_fair": 0,
            "eps_avg_yearly": 0,
            "eps_latest_yearly": 0,
            "eps_growth_yearly": 0
        },
        "20052": {
            "year_quarter": 20052,
            "year": 2005,
            "quarter": 2,
            "eps": null,
            "eps_growth_year": null,
            "eps_4q": null,
            "eps_4q_growth_year": null,
            "roe": null,
            "gross_profit": null,
            "gross_margin": null,
            "net_income": null,
            "revenue": null,
            "common_shares": null,
            "equity": null,
            "current_ratio": null,
            "debt_ratio": null,
            "inventory_turnover_ratio": null,
            "account_receivable_turnover_ratio": null,
            "reinvestment_rate": null,
            "research_to_sale_ratio": null,
            "price_fair": 0,
            "eps_avg_yearly": 0,
            "eps_latest_yearly": 0,
            "eps_growth_yearly": 0
        },
        "20053": {
            "year_quarter": 20053,
            "year": 2005,
            "quarter": 3,
            "eps": null,
            "eps_growth_year": null,
            "eps_4q": null,
            "eps_4q_growth_year": null,
            "roe": null,
            "gross_profit": null,
            "gross_margin": null,
            "net_income": null,
            "revenue": null,
            "common_shares": null,
            "equity": null,
            "current_ratio": null,
            "debt_ratio": null,
            "inventory_turnover_ratio": null,
            "account_receivable_turnover_ratio": null,
            "reinvestment_rate": null,
            "research_to_sale_ratio": null,
            "price_fair": 0,
            "eps_avg_yearly": 0,
            "eps_latest_yearly": 0,
            "eps_growth_yearly": 0
        },
        "20054": {
            "year_quarter": 20054,
            "year": 2005,
            "quarter": 4,
            "eps": null,
            "eps_growth_year": null,
            "eps_4q": null,
            "eps_4q_growth_year": null,
            "roe": null,
            "gross_profit": null,
            "gross_margin": null,
            "net_income": null,
            "revenue": null,
            "common_shares": null,
            "equity": null,
            "current_ratio": null,
            "debt_ratio": null,
            "inventory_turnover_ratio": null,
            "account_receivable_turnover_ratio": null,
            "reinvestment_rate": null,
            "research_to_sale_ratio": null,
            "price_fair": 0,
            "eps_avg_yearly": 0,
            "eps_latest_yearly": 0,
            "eps_growth_yearly": 0
        },
        "20061": {
            "year_quarter": 20061,
            "year": 2006,
            "quarter": 1,
            "eps": null,
            "eps_growth_year": null,
            "eps_4q": null,
            "eps_4q_growth_year": null,
            "roe": null,
            "gross_profit": null,
            "gross_margin": null,
            "net_income": null,
            "revenue": null,
            "common_shares": null,
            "equity": null,
            "current_ratio": null,
            "debt_ratio": null,
            "inventory_turnover_ratio": null,
            "account_receivable_turnover_ratio": null,
            "reinvestment_rate": null,
            "research_to_sale_ratio": null,
            "price_fair": 0,
            "eps_avg_yearly": 0,
            "eps_latest_yearly": 0,
            "eps_growth_yearly": 0
        },
        "20062": {
            "year_quarter": 20062,
            "year": 2006,
            "quarter": 2,
            "eps": null,
            "eps_growth_year": null,
            "eps_4q": null,
            "eps_4q_growth_year": null,
            "roe": null,
            "gross_profit": null,
            "gross_margin": null,
            "net_income": null,
            "revenue": null,
            "common_shares": null,
            "equity": null,
            "current_ratio": null,
            "debt_ratio": null,
            "inventory_turnover_ratio": null,
            "account_receivable_turnover_ratio": null,
            "reinvestment_rate": null,
            "research_to_sale_ratio": null,
            "price_fair": 0,
            "eps_avg_yearly": 0,
            "eps_latest_yearly": 0,
            "eps_growth_yearly": 0
        },
        "20063": {
            "year_quarter": 20063,
            "year": 2006,
            "quarter": 3,
            "eps": null,
            "eps_growth_year": null,
            "eps_4q": null,
            "eps_4q_growth_year": null,
            "roe": null,
            "gross_profit": null,
            "gross_margin": null,
            "net_income": null,
            "revenue": null,
            "common_shares": null,
            "equity": null,
            "current_ratio": null,
            "debt_ratio": null,
            "inventory_turnover_ratio": null,
            "account_receivable_turnover_ratio": null,
            "reinvestment_rate": null,
            "research_to_sale_ratio": null,
            "price_fair": 0,
            "eps_avg_yearly": 0,
            "eps_latest_yearly": 0,
            "eps_growth_yearly": 0
        },
        "20064": {
            "year_quarter": 20064,
            "year": 2006,
            "quarter": 4,
            "eps": null,
            "eps_growth_year": null,
            "eps_4q": null,
            "eps_4q_growth_year": null,
            "roe": null,
            "gross_profit": null,
            "gross_margin": null,
            "net_income": null,
            "revenue": null,
            "common_shares": null,
            "equity": null,
            "current_ratio": null,
            "debt_ratio": null,
            "inventory_turnover_ratio": null,
            "account_receivable_turnover_ratio": null,
            "reinvestment_rate": null,
            "research_to_sale_ratio": null,
            "price_fair": 0,
            "eps_avg_yearly": 0,
            "eps_latest_yearly": 0,
            "eps_growth_yearly": 0
        },
        "20071": {
            "year_quarter": 20071,
            "year": 2007,
            "quarter": 1,
            "eps": null,
            "eps_growth_year": null,
            "eps_4q": null,
            "eps_4q_growth_year": null,
            "roe": null,
            "gross_profit": null,
            "gross_margin": null,
            "net_income": null,
            "revenue": null,
            "common_shares": null,
            "equity": null,
            "current_ratio": null,
            "debt_ratio": null,
            "inventory_turnover_ratio": null,
            "account_receivable_turnover_ratio": null,
            "reinvestment_rate": null,
            "research_to_sale_ratio": null,
            "price_fair": 0,
            "eps_avg_yearly": 0,
            "eps_latest_yearly": 0,
            "eps_growth_yearly": 0
        },
        "20072": {
            "year_quarter": 20072,
            "year": 2007,
            "quarter": 2,
            "eps": null,
            "eps_growth_year": null,
            "eps_4q": null,
            "eps_4q_growth_year": null,
            "roe": null,
            "gross_profit": null,
            "gross_margin": null,
            "net_income": null,
            "revenue": null,
            "common_shares": null,
            "equity": null,
            "current_ratio": null,
            "debt_ratio": null,
            "inventory_turnover_ratio": null,
            "account_receivable_turnover_ratio": null,
            "reinvestment_rate": null,
            "research_to_sale_ratio": null,
            "price_fair": 0,
            "eps_avg_yearly": 0,
            "eps_latest_yearly": 0,
            "eps_growth_yearly": 0
        },
        "20073": {
            "year_quarter": 20073,
            "year": 2007,
            "quarter": 3,
            "eps": null,
            "eps_growth_year": null,
            "eps_4q": null,
            "eps_4q_growth_year": null,
            "roe": null,
            "gross_profit": null,
            "gross_margin": null,
            "net_income": null,
            "revenue": null,
            "common_shares": null,
            "equity": null,
            "current_ratio": null,
            "debt_ratio": null,
            "inventory_turnover_ratio": null,
            "account_receivable_turnover_ratio": null,
            "reinvestment_rate": null,
            "research_to_sale_ratio": null,
            "price_fair": 0,
            "eps_avg_yearly": 0,
            "eps_latest_yearly": 0,
            "eps_growth_yearly": 0
        },
        "20074": {
            "year_quarter": 20074,
            "year": 2007,
            "quarter": 4,
            "eps": null,
            "eps_growth_year": null,
            "eps_4q": null,
            "eps_4q_growth_year": null,
            "roe": null,
            "gross_profit": null,
            "gross_margin": null,
            "net_income": null,
            "revenue": null,
            "common_shares": null,
            "equity": null,
            "current_ratio": null,
            "debt_ratio": null,
            "inventory_turnover_ratio": null,
            "account_receivable_turnover_ratio": null,
            "reinvestment_rate": null,
            "research_to_sale_ratio": null,
            "price_fair": 0,
            "eps_avg_yearly": 0,
            "eps_latest_yearly": 0,
            "eps_growth_yearly": 0
        },
        "20081": {
            "year_quarter": 20081,
            "year": 2008,
            "quarter": 1,
            "eps": null,
            "eps_growth_year": null,
            "eps_4q": null,
            "eps_4q_growth_year": null,
            "roe": null,
            "gross_profit": null,
            "gross_margin": null,
            "net_income": null,
            "revenue": null,
            "common_shares": null,
            "equity": null,
            "current_ratio": null,
            "debt_ratio": null,
            "inventory_turnover_ratio": null,
            "account_receivable_turnover_ratio": null,
            "reinvestment_rate": null,
            "research_to_sale_ratio": null,
            "price_fair": 0,
            "eps_avg_yearly": 0,
            "eps_latest_yearly": 0,
            "eps_growth_yearly": 0
        },
        "20082": {
            "year_quarter": 20082,
            "year": 2008,
            "quarter": 2,
            "eps": null,
            "eps_growth_year": null,
            "eps_4q": null,
            "eps_4q_growth_year": null,
            "roe": null,
            "gross_profit": null,
            "gross_margin": null,
            "net_income": null,
            "revenue": null,
            "common_shares": null,
            "equity": null,
            "current_ratio": null,
            "debt_ratio": null,
            "inventory_turnover_ratio": null,
            "account_receivable_turnover_ratio": null,
            "reinvestment_rate": null,
            "research_to_sale_ratio": null,
            "price_fair": 0,
            "eps_avg_yearly": 0,
            "eps_latest_yearly": 0,
            "eps_growth_yearly": 0
        },
        "20083": {
            "year_quarter": 20083,
            "year": 2008,
            "quarter": 3,
            "eps": null,
            "eps_growth_year": null,
            "eps_4q": null,
            "eps_4q_growth_year": null,
            "roe": null,
            "gross_profit": null,
            "gross_margin": null,
            "net_income": null,
            "revenue": null,
            "common_shares": null,
            "equity": null,
            "current_ratio": null,
            "debt_ratio": null,
            "inventory_turnover_ratio": null,
            "account_receivable_turnover_ratio": null,
            "reinvestment_rate": null,
            "research_to_sale_ratio": null,
            "price_fair": 0,
            "eps_avg_yearly": 0,
            "eps_latest_yearly": 0,
            "eps_growth_yearly": 0
        },
        "20084": {
            "year_quarter": 20084,
            "year": 2008,
            "quarter": 4,
            "eps": null,
            "eps_growth_year": null,
            "eps_4q": null,
            "eps_4q_growth_year": null,
            "roe": null,
            "gross_profit": null,
            "gross_margin": null,
            "net_income": null,
            "revenue": null,
            "common_shares": null,
            "equity": null,
            "current_ratio": null,
            "debt_ratio": null,
            "inventory_turnover_ratio": null,
            "account_receivable_turnover_ratio": null,
            "reinvestment_rate": null,
            "research_to_sale_ratio": null,
            "price_fair": 0,
            "eps_avg_yearly": 0,
            "eps_latest_yearly": 0,
            "eps_growth_yearly": 0
        },
        "20091": {
            "year_quarter": 20091,
            "year": 2009,
            "quarter": 1,
            "eps": null,
            "eps_growth_year": null,
            "eps_4q": null,
            "eps_4q_growth_year": null,
            "roe": null,
            "gross_profit": null,
            "gross_margin": null,
            "net_income": null,
            "revenue": null,
            "common_shares": null,
            "equity": null,
            "current_ratio": null,
            "debt_ratio": null,
            "inventory_turnover_ratio": null,
            "account_receivable_turnover_ratio": null,
            "reinvestment_rate": null,
            "research_to_sale_ratio": null,
            "price_fair": 0,
            "eps_avg_yearly": 0,
            "eps_latest_yearly": 0,
            "eps_growth_yearly": 0
        },
        "20092": {
            "year_quarter": 20092,
            "year": 2009,
            "quarter": 2,
            "eps": null,
            "eps_growth_year": null,
            "eps_4q": null,
            "eps_4q_growth_year": null,
            "roe": null,
            "gross_profit": null,
            "gross_margin": null,
            "net_income": null,
            "revenue": null,
            "common_shares": null,
            "equity": null,
            "current_ratio": null,
            "debt_ratio": null,
            "inventory_turnover_ratio": null,
            "account_receivable_turnover_ratio": null,
            "reinvestment_rate": null,
            "research_to_sale_ratio": null,
            "price_fair": 0,
            "eps_avg_yearly": 0,
            "eps_latest_yearly": 0,
            "eps_growth_yearly": 0
        },
        "20093": {
            "year_quarter": 20093,
            "year": 2009,
            "quarter": 3,
            "eps": null,
            "eps_growth_year": null,
            "eps_4q": null,
            "eps_4q_growth_year": null,
            "roe": null,
            "gross_profit": null,
            "gross_margin": null,
            "net_income": null,
            "revenue": null,
            "common_shares": null,
            "equity": null,
            "current_ratio": null,
            "debt_ratio": null,
            "inventory_turnover_ratio": null,
            "account_receivable_turnover_ratio": null,
            "reinvestment_rate": null,
            "research_to_sale_ratio": null,
            "price_fair": 0,
            "eps_avg_yearly": 0,
            "eps_latest_yearly": 0,
            "eps_growth_yearly": 0
        },
        "20094": {
            "year_quarter": 20094,
            "year": 2009,
            "quarter": 4,
            "eps": null,
            "eps_growth_year": null,
            "eps_4q": null,
            "eps_4q_growth_year": null,
            "roe": null,
            "gross_profit": null,
            "gross_margin": null,
            "net_income": null,
            "revenue": null,
            "common_shares": null,
            "equity": null,
            "current_ratio": null,
            "debt_ratio": null,
            "inventory_turnover_ratio": null,
            "account_receivable_turnover_ratio": null,
            "reinvestment_rate": null,
            "research_to_sale_ratio": null,
            "price_fair": 0,
            "eps_avg_yearly": 0,
            "eps_latest_yearly": 0,
            "eps_growth_yearly": 0
        },
        "20101": {
            "year_quarter": 20101,
            "year": 2010,
            "quarter": 1,
            "eps": null,
            "eps_growth_year": null,
            "eps_4q": null,
            "eps_4q_growth_year": null,
            "roe": null,
            "gross_profit": null,
            "gross_margin": null,
            "net_income": null,
            "revenue": null,
            "common_shares": null,
            "equity": null,
            "current_ratio": null,
            "debt_ratio": null,
            "inventory_turnover_ratio": null,
            "account_receivable_turnover_ratio": null,
            "reinvestment_rate": null,
            "research_to_sale_ratio": null,
            "price_fair": 0,
            "eps_avg_yearly": 0,
            "eps_latest_yearly": 0,
            "eps_growth_yearly": 0
        },
        "20102": {
            "year_quarter": 20102,
            "year": 2010,
            "quarter": 2,
            "eps": null,
            "eps_growth_year": null,
            "eps_4q": null,
            "eps_4q_growth_year": null,
            "roe": null,
            "gross_profit": null,
            "gross_margin": null,
            "net_income": null,
            "revenue": null,
            "common_shares": null,
            "equity": null,
            "current_ratio": null,
            "debt_ratio": null,
            "inventory_turnover_ratio": null,
            "account_receivable_turnover_ratio": null,
            "reinvestment_rate": null,
            "research_to_sale_ratio": null,
            "price_fair": 0,
            "eps_avg_yearly": 0,
            "eps_latest_yearly": 0,
            "eps_growth_yearly": 0
        },
        "20103": {
            "year_quarter": 20103,
            "year": 2010,
            "quarter": 3,
            "eps": null,
            "eps_growth_year": null,
            "eps_4q": null,
            "eps_4q_growth_year": null,
            "roe": null,
            "gross_profit": null,
            "gross_margin": null,
            "net_income": null,
            "revenue": null,
            "common_shares": null,
            "equity": null,
            "current_ratio": null,
            "debt_ratio": null,
            "inventory_turnover_ratio": null,
            "account_receivable_turnover_ratio": null,
            "reinvestment_rate": null,
            "research_to_sale_ratio": null,
            "price_fair": 0,
            "eps_avg_yearly": 0,
            "eps_latest_yearly": 0,
            "eps_growth_yearly": 0
        },
        "20104": {
            "year_quarter": 20104,
            "year": 2010,
            "quarter": 4,
            "eps": null,
            "eps_growth_year": null,
            "eps_4q": null,
            "eps_4q_growth_year": null,
            "roe": null,
            "gross_profit": null,
            "gross_margin": null,
            "net_income": null,
            "revenue": null,
            "common_shares": null,
            "equity": null,
            "current_ratio": null,
            "debt_ratio": null,
            "inventory_turnover_ratio": null,
            "account_receivable_turnover_ratio": null,
            "reinvestment_rate": null,
            "research_to_sale_ratio": null,
            "price_fair": 0,
            "eps_avg_yearly": 0,
            "eps_latest_yearly": 0,
            "eps_growth_yearly": 0
        },
        "20111": {
            "year_quarter": 20111,
            "year": 2011,
            "quarter": 1,
            "eps": null,
            "eps_growth_year": null,
            "eps_4q": null,
            "eps_4q_growth_year": null,
            "roe": null,
            "gross_profit": null,
            "gross_margin": null,
            "net_income": null,
            "revenue": null,
            "common_shares": null,
            "equity": null,
            "current_ratio": null,
            "debt_ratio": null,
            "inventory_turnover_ratio": null,
            "account_receivable_turnover_ratio": null,
            "reinvestment_rate": null,
            "research_to_sale_ratio": null,
            "price_fair": 0,
            "eps_avg_yearly": 0,
            "eps_latest_yearly": 0,
            "eps_growth_yearly": 0
        },
        "20112": {
            "year_quarter": 20112,
            "year": 2011,
            "quarter": 2,
            "eps": null,
            "eps_growth_year": null,
            "eps_4q": null,
            "eps_4q_growth_year": null,
            "roe": null,
            "gross_profit": null,
            "gross_margin": null,
            "net_income": null,
            "revenue": null,
            "common_shares": null,
            "equity": null,
            "current_ratio": null,
            "debt_ratio": null,
            "inventory_turnover_ratio": null,
            "account_receivable_turnover_ratio": null,
            "reinvestment_rate": null,
            "research_to_sale_ratio": null,
            "price_fair": 0,
            "eps_avg_yearly": 0,
            "eps_latest_yearly": 0,
            "eps_growth_yearly": 0
        },
        "20113": {
            "year_quarter": 20113,
            "year": 2011,
            "quarter": 3,
            "eps": null,
            "eps_growth_year": null,
            "eps_4q": null,
            "eps_4q_growth_year": null,
            "roe": null,
            "gross_profit": null,
            "gross_margin": null,
            "net_income": null,
            "revenue": null,
            "common_shares": null,
            "equity": null,
            "current_ratio": null,
            "debt_ratio": null,
            "inventory_turnover_ratio": null,
            "account_receivable_turnover_ratio": null,
            "reinvestment_rate": null,
            "research_to_sale_ratio": null,
            "price_fair": 0,
            "eps_avg_yearly": 0,
            "eps_latest_yearly": 0,
            "eps_growth_yearly": 0
        },
        "20114": {
            "year_quarter": 20114,
            "year": 2011,
            "quarter": 4,
            "eps": null,
            "eps_growth_year": null,
            "eps_4q": null,
            "eps_4q_growth_year": null,
            "roe": null,
            "gross_profit": null,
            "gross_margin": null,
            "net_income": null,
            "revenue": null,
            "common_shares": null,
            "equity": null,
            "current_ratio": null,
            "debt_ratio": null,
            "inventory_turnover_ratio": null,
            "account_receivable_turnover_ratio": null,
            "reinvestment_rate": null,
            "research_to_sale_ratio": null,
            "price_fair": 0,
            "eps_avg_yearly": 0,
            "eps_latest_yearly": 0,
            "eps_growth_yearly": 0
        },
        "20121": {
            "year_quarter": 20121,
            "year": 2012,
            "quarter": 1,
            "eps": null,
            "eps_growth_year": null,
            "eps_4q": null,
            "eps_4q_growth_year": null,
            "roe": null,
            "gross_profit": null,
            "gross_margin": null,
            "net_income": null,
            "revenue": null,
            "common_shares": null,
            "equity": null,
            "current_ratio": null,
            "debt_ratio": null,
            "inventory_turnover_ratio": null,
            "account_receivable_turnover_ratio": null,
            "reinvestment_rate": null,
            "research_to_sale_ratio": null,
            "price_fair": 0,
            "eps_avg_yearly": 0,
            "eps_latest_yearly": 0,
            "eps_growth_yearly": 0
        },
        "20122": {
            "year_quarter": 20122,
            "year": 2012,
            "quarter": 2,
            "eps": null,
            "eps_growth_year": null,
            "eps_4q": null,
            "eps_4q_growth_year": null,
            "roe": null,
            "gross_profit": null,
            "gross_margin": null,
            "net_income": null,
            "revenue": null,
            "common_shares": null,
            "equity": null,
            "current_ratio": null,
            "debt_ratio": null,
            "inventory_turnover_ratio": null,
            "account_receivable_turnover_ratio": null,
            "reinvestment_rate": null,
            "research_to_sale_ratio": null,
            "price_fair": 0,
            "eps_avg_yearly": 0,
            "eps_latest_yearly": 0,
            "eps_growth_yearly": 0
        },
        "20123": {
            "year_quarter": 20123,
            "year": 2012,
            "quarter": 3,
            "eps": null,
            "eps_growth_year": null,
            "eps_4q": null,
            "eps_4q_growth_year": null,
            "roe": null,
            "gross_profit": null,
            "gross_margin": null,
            "net_income": null,
            "revenue": null,
            "common_shares": null,
            "equity": null,
            "current_ratio": null,
            "debt_ratio": null,
            "inventory_turnover_ratio": null,
            "account_receivable_turnover_ratio": null,
            "reinvestment_rate": null,
            "research_to_sale_ratio": null,
            "price_fair": 0,
            "eps_avg_yearly": 0,
            "eps_latest_yearly": 0,
            "eps_growth_yearly": 0
        },
        "20124": {
            "year_quarter": 20124,
            "year": 2012,
            "quarter": 4,
            "eps": null,
            "eps_growth_year": null,
            "eps_4q": null,
            "eps_4q_growth_year": null,
            "roe": null,
            "gross_profit": null,
            "gross_margin": null,
            "net_income": null,
            "revenue": null,
            "common_shares": 28500,
            "equity": 23416,
            "current_ratio": 237.71,
            "debt_ratio": 40.3,
            "inventory_turnover_ratio": null,
            "account_receivable_turnover_ratio": null,
            "reinvestment_rate": null,
            "research_to_sale_ratio": null,
            "price_fair": 0,
            "eps_avg_yearly": 0,
            "eps_latest_yearly": 0,
            "eps_growth_yearly": 0
        },
        "20131": {
            "year_quarter": 20131,
            "year": 2013,
            "quarter": 1,
            "eps": null,
            "eps_growth_year": null,
            "eps_4q": null,
            "eps_4q_growth_year": null,
            "roe": null,
            "gross_profit": null,
            "gross_margin": null,
            "net_income": null,
            "revenue": null,
            "common_shares": null,
            "equity": null,
            "current_ratio": null,
            "debt_ratio": null,
            "inventory_turnover_ratio": null,
            "account_receivable_turnover_ratio": null,
            "reinvestment_rate": null,
            "research_to_sale_ratio": null,
            "price_fair": 0,
            "eps_avg_yearly": 0,
            "eps_latest_yearly": 0,
            "eps_growth_yearly": 0
        },
        "20132": {
            "year_quarter": 20132,
            "year": 2013,
            "quarter": 2,
            "eps": null,
            "eps_growth_year": null,
            "eps_4q": null,
            "eps_4q_growth_year": null,
            "roe": null,
            "gross_profit": null,
            "gross_margin": null,
            "net_income": null,
            "revenue": null,
            "common_shares": null,
            "equity": null,
            "current_ratio": null,
            "debt_ratio": null,
            "inventory_turnover_ratio": null,
            "account_receivable_turnover_ratio": null,
            "reinvestment_rate": null,
            "research_to_sale_ratio": null,
            "price_fair": 0,
            "eps_avg_yearly": 0,
            "eps_latest_yearly": 0,
            "eps_growth_yearly": 0
        },
        "20133": {
            "year_quarter": 20133,
            "year": 2013,
            "quarter": 3,
            "eps": null,
            "eps_growth_year": null,
            "eps_4q": null,
            "eps_4q_growth_year": null,
            "roe": null,
            "gross_profit": null,
            "gross_margin": null,
            "net_income": null,
            "revenue": null,
            "common_shares": null,
            "equity": null,
            "current_ratio": null,
            "debt_ratio": null,
            "inventory_turnover_ratio": null,
            "account_receivable_turnover_ratio": null,
            "reinvestment_rate": null,
            "research_to_sale_ratio": null,
            "price_fair": 0,
            "eps_avg_yearly": 0,
            "eps_latest_yearly": 0,
            "eps_growth_yearly": 0
        },
        "20134": {
            "year_quarter": 20134,
            "year": 2013,
            "quarter": 4,
            "eps": null,
            "eps_growth_year": null,
            "eps_4q": null,
            "eps_4q_growth_year": null,
            "roe": null,
            "gross_profit": null,
            "gross_margin": null,
            "net_income": null,
            "revenue": null,
            "common_shares": null,
            "equity": null,
            "current_ratio": null,
            "debt_ratio": null,
            "inventory_turnover_ratio": null,
            "account_receivable_turnover_ratio": null,
            "reinvestment_rate": null,
            "research_to_sale_ratio": null,
            "price_fair": 0,
            "eps_avg_yearly": 0,
            "eps_latest_yearly": 0,
            "eps_growth_yearly": 0
        },
        "20141": {
            "year_quarter": 20141,
            "year": 2014,
            "quarter": 1,
            "eps": null,
            "eps_growth_year": null,
            "eps_4q": null,
            "eps_4q_growth_year": null,
            "roe": null,
            "gross_profit": null,
            "gross_margin": null,
            "net_income": null,
            "revenue": null,
            "common_shares": null,
            "equity": null,
            "current_ratio": null,
            "debt_ratio": null,
            "inventory_turnover_ratio": null,
            "account_receivable_turnover_ratio": null,
            "reinvestment_rate": null,
            "research_to_sale_ratio": null,
            "price_fair": 0,
            "eps_avg_yearly": 0,
            "eps_latest_yearly": 0,
            "eps_growth_yearly": 0
        },
        "20142": {
            "year_quarter": 20142,
            "year": 2014,
            "quarter": 2,
            "eps": null,
            "eps_growth_year": null,
            "eps_4q": null,
            "eps_4q_growth_year": null,
            "roe": null,
            "gross_profit": null,
            "gross_margin": null,
            "net_income": null,
            "revenue": null,
            "common_shares": 56180,
            "equity": 146936,
            "current_ratio": null,
            "debt_ratio": null,
            "inventory_turnover_ratio": null,
            "account_receivable_turnover_ratio": null,
            "reinvestment_rate": null,
            "research_to_sale_ratio": null,
            "price_fair": 0,
            "eps_avg_yearly": 0,
            "eps_latest_yearly": 0,
            "eps_growth_yearly": 0
        },
        "20143": {
            "year_quarter": 20143,
            "year": 2014,
            "quarter": 3,
            "eps": null,
            "eps_growth_year": null,
            "eps_4q": null,
            "eps_4q_growth_year": null,
            "roe": null,
            "gross_profit": null,
            "gross_margin": null,
            "net_income": null,
            "revenue": null,
            "common_shares": null,
            "equity": null,
            "current_ratio": null,
            "debt_ratio": null,
            "inventory_turnover_ratio": null,
            "account_receivable_turnover_ratio": null,
            "reinvestment_rate": null,
            "research_to_sale_ratio": null,
            "price_fair": 0,
            "eps_avg_yearly": 0,
            "eps_latest_yearly": 0,
            "eps_growth_yearly": 0
        },
        "20144": {
            "year_quarter": 20144,
            "year": 2014,
            "quarter": 4,
            "eps": null,
            "eps_growth_year": null,
            "eps_4q": null,
            "eps_4q_growth_year": null,
            "roe": null,
            "gross_profit": null,
            "gross_margin": null,
            "net_income": null,
            "revenue": null,
            "common_shares": 121180,
            "equity": 176202,
            "current_ratio": null,
            "debt_ratio": null,
            "inventory_turnover_ratio": null,
            "account_receivable_turnover_ratio": null,
            "reinvestment_rate": null,
            "research_to_sale_ratio": null,
            "price_fair": 0,
            "eps_avg_yearly": 0,
            "eps_latest_yearly": 0,
            "eps_growth_yearly": 0
        },
        "20151": {
            "year_quarter": 20151,
            "year": 2015,
            "quarter": 1,
            "eps": null,
            "eps_growth_year": null,
            "eps_4q": null,
            "eps_4q_growth_year": null,
            "roe": null,
            "gross_profit": 90688,
            "gross_margin": null,
            "net_income": 11984,
            "revenue": 540846,
            "common_shares": 133620,
            "equity": 204234,
            "current_ratio": null,
            "debt_ratio": null,
            "inventory_turnover_ratio": null,
            "account_receivable_turnover_ratio": null,
            "reinvestment_rate": null,
            "research_to_sale_ratio": null,
            "price_fair": 0,
            "eps_avg_yearly": 0,
            "eps_latest_yearly": 0,
            "eps_growth_yearly": 0
        },
        "20152": {
            "year_quarter": 20152,
            "year": 2015,
            "quarter": 2,
            "eps": null,
            "eps_growth_year": null,
            "eps_4q": null,
            "eps_4q_growth_year": null,
            "roe": null,
            "gross_profit": 90659,
            "gross_margin": null,
            "net_income": 8584,
            "revenue": 558695,
            "common_shares": 133620,
            "equity": 208275,
            "current_ratio": 198.49,
            "debt_ratio": 49.75,
            "inventory_turnover_ratio": null,
            "account_receivable_turnover_ratio": null,
            "reinvestment_rate": null,
            "research_to_sale_ratio": null,
            "price_fair": 0,
            "eps_avg_yearly": 0,
            "eps_latest_yearly": 0,
            "eps_growth_yearly": 0
        },
        "20153": {
            "year_quarter": 20153,
            "year": 2015,
            "quarter": 3,
            "eps": null,
            "eps_growth_year": null,
            "eps_4q": null,
            "eps_4q_growth_year": null,
            "roe": null,
            "gross_profit": 99338,
            "gross_margin": null,
            "net_income": 9193,
            "revenue": 602031,
            "common_shares": 157385,
            "equity": 217530,
            "current_ratio": null,
            "debt_ratio": null,
            "inventory_turnover_ratio": null,
            "account_receivable_turnover_ratio": null,
            "reinvestment_rate": null,
            "research_to_sale_ratio": null,
            "price_fair": 0,
            "eps_avg_yearly": 0,
            "eps_latest_yearly": 0,
            "eps_growth_yearly": 0
        },
        "20154": {
            "year_quarter": 20154,
            "year": 2015,
            "quarter": 4,
            "eps": null,
            "eps_growth_year": null,
            "eps_4q": null,
            "eps_4q_growth_year": null,
            "roe": null,
            "gross_profit": 111830,
            "gross_margin": null,
            "net_income": 13396,
            "revenue": 715431,
            "common_shares": 157385,
            "equity": 231108,
            "current_ratio": 180.63,
            "debt_ratio": 54.8,
            "inventory_turnover_ratio": null,
            "account_receivable_turnover_ratio": null,
            "reinvestment_rate": null,
            "research_to_sale_ratio": null,
            "price_fair": 0,
            "eps_avg_yearly": 0,
            "eps_latest_yearly": 0,
            "eps_growth_yearly": 0
        },
        "20161": {
            "year_quarter": 20161,
            "year": 2016,
            "quarter": 1,
            "eps": 1.64,
            "eps_growth_year": null,
            "eps_4q": 1.64,
            "eps_4q_growth_year": null,
            "roe": 10.56,
            "gross_profit": 128743,
            "gross_margin": 15.44,
            "net_income": 25782,
            "revenue": 834058,
            "common_shares": 157385,
            "equity": 257058,
            "current_ratio": 182.02,
            "debt_ratio": 54.03,
            "inventory_turnover_ratio": 66.21,
            "account_receivable_turnover_ratio": 30.83,
            "reinvestment_rate": null,
            "research_to_sale_ratio": 0.36,
            "price_fair": 0,
            "eps_avg_yearly": 0,
            "eps_latest_yearly": 0,
            "eps_growth_yearly": 0
        },
        "20162": {
            "year_quarter": 20162,
            "year": 2016,
            "quarter": 2,
            "eps": 0.34,
            "eps_growth_year": null,
            "eps_4q": 1.83,
            "eps_4q_growth_year": null,
            "roe": 2.39,
            "gross_profit": 117985,
            "gross_margin": 14.97,
            "net_income": 5936,
            "revenue": 788001,
            "common_shares": 157385,
            "equity": 240328,
            "current_ratio": 173.5,
            "debt_ratio": 56.65,
            "inventory_turnover_ratio": 76.41,
            "account_receivable_turnover_ratio": 31.28,
            "reinvestment_rate": null,
            "research_to_sale_ratio": 0.63,
            "price_fair": 4.08,
            "eps_avg_yearly": 1.36,
            "eps_latest_yearly": 1.36,
            "eps_growth_yearly": -317.07
        },
        "20163": {
            "year_quarter": 20163,
            "year": 2016,
            "quarter": 3,
            "eps": 0.38,
            "eps_growth_year": null,
            "eps_4q": 2.21,
            "eps_4q_growth_year": null,
            "roe": 2.7,
            "gross_profit": 117843,
            "gross_margin": 16.95,
            "net_income": 6569,
            "revenue": 695340,
            "common_shares": 173123,
            "equity": 247067,
            "current_ratio": 189.48,
            "debt_ratio": 51.86,
            "inventory_turnover_ratio": 67.34,
            "account_receivable_turnover_ratio": 27.66,
            "reinvestment_rate": null,
            "research_to_sale_ratio": 0.71,
            "price_fair": 4.32,
            "eps_avg_yearly": 1.44,
            "eps_latest_yearly": 1.52,
            "eps_growth_yearly": -135.01
        },
        "20164": {
            "year_quarter": 20164,
            "year": 2016,
            "quarter": 4,
            "eps": 0.69,
            "eps_growth_year": null,
            "eps_4q": 2.64,
            "eps_4q_growth_year": null,
            "roe": 4.11,
            "gross_profit": 150194,
            "gross_margin": 18.47,
            "net_income": 13501,
            "revenue": 813104,
            "common_shares": 196213,
            "equity": 410268,
            "current_ratio": 201.96,
            "debt_ratio": 48.8,
            "inventory_turnover_ratio": 102.09,
            "account_receivable_turnover_ratio": 20.57,
            "reinvestment_rate": null,
            "research_to_sale_ratio": 0.56,
            "price_fair": 54.08,
            "eps_avg_yearly": 1.88,
            "eps_latest_yearly": 2.76,
            "eps_growth_yearly": 18.77
        },
        "20171": {
            "year_quarter": 20171,
            "year": 2017,
            "quarter": 1,
            "eps": 0.48,
            "eps_growth_year": -70.73,
            "eps_4q": 1.8,
            "eps_4q_growth_year": 10.1,
            "roe": 2.26,
            "gross_profit": 154972,
            "gross_margin": 18.55,
            "net_income": 9384,
            "revenue": 835646,
            "common_shares": 196213,
            "equity": 419862,
            "current_ratio": 223.39,
            "debt_ratio": 44,
            "inventory_turnover_ratio": 112.05,
            "account_receivable_turnover_ratio": 15.76,
            "reinvestment_rate": null,
            "research_to_sale_ratio": 0.7,
            "price_fair": 5.67,
            "eps_avg_yearly": 1.89,
            "eps_latest_yearly": 1.92,
            "eps_growth_yearly": -16.36
        },
        "20172": {
            "year_quarter": 20172,
            "year": 2017,
            "quarter": 2,
            "eps": 0.13,
            "eps_growth_year": -61.76,
            "eps_4q": 1.55,
            "eps_4q_growth_year": -15.47,
            "roe": 0.61,
            "gross_profit": 150541,
            "gross_margin": 17.02,
            "net_income": 2453,
            "revenue": 884735,
            "common_shares": 196213,
            "equity": 385619,
            "current_ratio": 179.58,
            "debt_ratio": 54.78,
            "inventory_turnover_ratio": 69.8,
            "account_receivable_turnover_ratio": 13.33,
            "reinvestment_rate": null,
            "research_to_sale_ratio": 0.78,
            "price_fair": 4.85,
            "eps_avg_yearly": 1.62,
            "eps_latest_yearly": 0.52,
            "eps_growth_yearly": -71.42
        },
        "20173": {
            "year_quarter": 20173,
            "year": 2017,
            "quarter": 3,
            "eps": 0.16,
            "eps_growth_year": -57.89,
            "eps_4q": 1.39,
            "eps_4q_growth_year": -37.07,
            "roe": 0.86,
            "gross_profit": 147983,
            "gross_margin": 16.34,
            "net_income": 3336,
            "revenue": 905735,
            "common_shares": 206024,
            "equity": 389202,
            "current_ratio": 207.02,
            "debt_ratio": 47.35,
            "inventory_turnover_ratio": 73.14,
            "account_receivable_turnover_ratio": 12.45,
            "reinvestment_rate": null,
            "research_to_sale_ratio": 0.83,
            "price_fair": 4.36,
            "eps_avg_yearly": 1.45,
            "eps_latest_yearly": 0.64,
            "eps_growth_yearly": -44.13
        },
        "20174": {
            "year_quarter": 20174,
            "year": 2017,
            "quarter": 4,
            "eps": 0.18,
            "eps_growth_year": -73.74,
            "eps_4q": 0.92,
            "eps_4q_growth_year": -65.25,
            "roe": 0.95,
            "gross_profit": 160996,
            "gross_margin": 14.38,
            "net_income": 3723,
            "revenue": 1119698,
            "common_shares": 206024,
            "equity": 393122,
            "current_ratio": 165.16,
            "debt_ratio": 59.65,
            "inventory_turnover_ratio": 145.57,
            "account_receivable_turnover_ratio": 13.8,
            "reinvestment_rate": null,
            "research_to_sale_ratio": 0.76,
            "price_fair": 4.05,
            "eps_avg_yearly": 1.35,
            "eps_latest_yearly": 0.72,
            "eps_growth_yearly": -30.69
        },
        "20181": {
            "year_quarter": 20181,
            "year": 2018,
            "quarter": 1,
            "eps": 0.83,
            "eps_growth_year": 72.92,
            "eps_4q": 1.29,
            "eps_4q_growth_year": -28.44,
            "roe": 4.25,
            "gross_profit": 186043,
            "gross_margin": 14.64,
            "net_income": 17081,
            "revenue": 1270430,
            "common_shares": 206024,
            "equity": 410423,
            "current_ratio": 181.45,
            "debt_ratio": 54.26,
            "inventory_turnover_ratio": 182.23,
            "account_receivable_turnover_ratio": 13.93,
            "reinvestment_rate": null,
            "research_to_sale_ratio": 0.76,
            "price_fair": 55.83,
            "eps_avg_yearly": 1.6,
            "eps_latest_yearly": 3.32,
            "eps_growth_yearly": 153.71
        },
        "20182": {
            "year_quarter": 20182,
            "year": 2018,
            "quarter": 2,
            "eps": 0.75,
            "eps_growth_year": 476.92,
            "eps_4q": 1.75,
            "eps_4q_growth_year": 13.08,
            "roe": 3.79,
            "gross_profit": 186014,
            "gross_margin": 15.79,
            "net_income": 15550,
            "revenue": 1178252,
            "common_shares": 206024,
            "equity": 409209,
            "current_ratio": 164.94,
            "debt_ratio": 59.81,
            "inventory_turnover_ratio": 261.18,
            "account_receivable_turnover_ratio": 12.64,
            "reinvestment_rate": null,
            "research_to_sale_ratio": 0.83,
            "price_fair": 61.29,
            "eps_avg_yearly": 1.75,
            "eps_latest_yearly": 3,
            "eps_growth_yearly": 132.34
        },
        "20183": {
            "year_quarter": 20183,
            "year": 2018,
            "quarter": 3,
            "eps": 0.56,
            "eps_growth_year": 250,
            "eps_4q": 2.16,
            "eps_4q_growth_year": 55.24,
            "roe": 3.03,
            "gross_profit": 200478,
            "gross_margin": 16.93,
            "net_income": 12610,
            "revenue": 1183908,
            "common_shares": 226626,
            "equity": 421934,
            "current_ratio": 169.87,
            "debt_ratio": 57.86,
            "inventory_turnover_ratio": 3068.42,
            "account_receivable_turnover_ratio": 12.12,
            "reinvestment_rate": null,
            "research_to_sale_ratio": 0.95,
            "price_fair": 63,
            "eps_avg_yearly": 1.8,
            "eps_latest_yearly": 2.24,
            "eps_growth_yearly": 108.98
        },
        "20184": {
            "year_quarter": 20184,
            "year": 2018,
            "quarter": 4,
            "eps": 0.09,
            "eps_growth_year": -49.84,
            "eps_4q": 2.09,
            "eps_4q_growth_year": 127.54,
            "roe": 0.48,
            "gross_profit": 217450,
            "gross_margin": 16.39,
            "net_income": 2054,
            "revenue": 1326726,
            "common_shares": 226626,
            "equity": 430416,
            "current_ratio": 169.84,
            "debt_ratio": 57.83,
            "inventory_turnover_ratio": 3301.42,
            "account_receivable_turnover_ratio": 12.83,
            "reinvestment_rate": 3.29,
            "research_to_sale_ratio": 0.9,
            "price_fair": 58.42,
            "eps_avg_yearly": 1.67,
            "eps_latest_yearly": 0.36,
            "eps_growth_yearly": 68.55
        },
        "20191": {
            "year_quarter": 20191,
            "year": 2019,
            "quarter": 1,
            "eps": 0.89,
            "eps_growth_year": 7.23,
            "eps_4q": 2.22,
            "eps_4q_growth_year": 72.27,
            "roe": 3.89,
            "gross_profit": 220138,
            "gross_margin": 19.24,
            "net_income": 19190,
            "revenue": 1144370,
            "common_shares": 226851,
            "equity": 557054,
            "current_ratio": 187.8,
            "debt_ratio": 49.52,
            "inventory_turnover_ratio": 2929.42,
            "account_receivable_turnover_ratio": 10.5,
            "reinvestment_rate": 2.37,
            "research_to_sale_ratio": 1.15,
            "price_fair": 63.93,
            "eps_avg_yearly": 1.83,
            "eps_latest_yearly": 3.56,
            "eps_growth_yearly": 359.13
        },
        "20192": {
            "year_quarter": 20192,
            "year": 2019,
            "quarter": 2,
            "eps": 0.45,
            "eps_growth_year": -40,
            "eps_4q": 1.8,
            "eps_4q_growth_year": 3.06,
            "roe": 2.42,
            "gross_profit": 223292,
            "gross_margin": 18.05,
            "net_income": 13078,
            "revenue": 1237122,
            "common_shares": 226926,
            "equity": 525817,
            "current_ratio": 174.73,
            "debt_ratio": 56.14,
            "inventory_turnover_ratio": 8110.64,
            "account_receivable_turnover_ratio": 11.31,
            "reinvestment_rate": 2.13,
            "research_to_sale_ratio": 1.03,
            "price_fair": 63.86,
            "eps_avg_yearly": 1.82,
            "eps_latest_yearly": 1.8,
            "eps_growth_yearly": 316.3
        },
        "20193": {
            "year_quarter": 20193,
            "year": 2019,
            "quarter": 3,
            "eps": 0.19,
            "eps_growth_year": -66.07,
            "eps_4q": 1.49,
            "eps_4q_growth_year": -31.18,
            "roe": 0.97,
            "gross_profit": 239867,
            "gross_margin": 18.44,
            "net_income": 5116,
            "revenue": 1300848,
            "common_shares": 249611,
            "equity": 530943,
            "current_ratio": 182.38,
            "debt_ratio": 53.92,
            "inventory_turnover_ratio": 227.17,
            "account_receivable_turnover_ratio": 10.27,
            "reinvestment_rate": 1.84,
            "research_to_sale_ratio": 1.12,
            "price_fair": 61.2,
            "eps_avg_yearly": 1.75,
            "eps_latest_yearly": 0.76,
            "eps_growth_yearly": 277.2
        },
        "20194": {
            "year_quarter": 20194,
            "year": 2019,
            "quarter": 4,
            "eps": 0.12,
            "eps_growth_year": 36.45,
            "eps_4q": 1.53,
            "eps_4q_growth_year": -26.77,
            "roe": 0.98,
            "gross_profit": 246635,
            "gross_margin": 17.5,
            "net_income": 5240,
            "revenue": 1409046,
            "common_shares": 249611,
            "equity": 536183,
            "current_ratio": 193.3,
            "debt_ratio": 52.62,
            "inventory_turnover_ratio": 123.07,
            "account_receivable_turnover_ratio": 11.47,
            "reinvestment_rate": 1.45,
            "research_to_sale_ratio": 0.98,
            "price_fair": 58.24,
            "eps_avg_yearly": 1.66,
            "eps_latest_yearly": 0.48,
            "eps_growth_yearly": 248.89
        },
        "20201": {
            "year_quarter": 20201,
            "year": 2020,
            "quarter": 1,
            "eps": 1.13,
            "eps_growth_year": 26.97,
            "eps_4q": 1.85,
            "eps_4q_growth_year": -16.98,
            "roe": 6.48,
            "gross_profit": 269943,
            "gross_margin": 21.05,
            "net_income": 35900,
            "revenue": 1282293,
            "common_shares": 249611,
            "equity": 572083,
            "current_ratio": 177.24,
            "debt_ratio": 57.04,
            "inventory_turnover_ratio": 102.07,
            "account_receivable_turnover_ratio": 11.79,
            "reinvestment_rate": 1.25,
            "research_to_sale_ratio": 1.11,
            "price_fair": 64.49,
            "eps_avg_yearly": 1.84,
            "eps_latest_yearly": 4.52,
            "eps_growth_yearly": 443.75
        },
        "20202": {
            "year_quarter": 20202,
            "year": 2020,
            "quarter": 2,
            "eps": 0.25,
            "eps_growth_year": -44.44,
            "eps_4q": 1.69,
            "eps_4q_growth_year": -6.38,
            "roe": 1.57,
            "gross_profit": 237521,
            "gross_margin": 21.22,
            "net_income": 8733,
            "revenue": 1119198,
            "common_shares": 249611,
            "equity": 542057,
            "current_ratio": 204.72,
            "debt_ratio": 50,
            "inventory_turnover_ratio": 91.97,
            "account_receivable_turnover_ratio": 11.08,
            "reinvestment_rate": 1.18,
            "research_to_sale_ratio": 1.27,
            "price_fair": 63.7,
            "eps_avg_yearly": 1.82,
            "eps_latest_yearly": 1,
            "eps_growth_yearly": 444.1
        },
        "20203": {
            "year_quarter": 20203,
            "year": 2020,
            "quarter": 3,
            "eps": -0.25,
            "eps_growth_year": -231.58,
            "eps_4q": 1.25,
            "eps_4q_growth_year": -15.87,
            "roe": -1.54,
            "gross_profit": 211836,
            "gross_margin": 19.01,
            "net_income": -8279,
            "revenue": 1114064,
            "common_shares": 249611,
            "equity": 533778,
            "current_ratio": 211.24,
            "debt_ratio": 48.52,
            "inventory_turnover_ratio": 112.64,
            "account_receivable_turnover_ratio": 12.98,
            "reinvestment_rate": 1.62,
            "research_to_sale_ratio": 1.34,
            "price_fair": 64.4,
            "eps_avg_yearly": 1.84,
            "eps_latest_yearly": 1,
            "eps_growth_yearly": 470.57
        },
        "20204": {
            "year_quarter": 20204,
            "year": 2020,
            "quarter": 4,
            "eps": -0.63,
            "eps_growth_year": -611.31,
            "eps_4q": 0.49,
            "eps_4q_growth_year": -67.62,
            "roe": -3.15,
            "gross_profit": 179836,
            "gross_margin": 17.19,
            "net_income": -16555,
            "revenue": 1046292,
            "common_shares": 249611,
            "equity": 517223,
            "current_ratio": 204.19,
            "debt_ratio": 49.97,
            "inventory_turnover_ratio": 115.9,
            "account_receivable_turnover_ratio": 12,
            "reinvestment_rate": 1.98,
            "research_to_sale_ratio": 1.37,
            "price_fair": 62.1,
            "eps_avg_yearly": 1.77,
            "eps_latest_yearly": 1,
            "eps_growth_yearly": 480.87
        },
        "20211": {
            "year_quarter": 20211,
            "year": 2021,
            "quarter": 1,
            "eps": -0.64,
            "eps_growth_year": -156.64,
            "eps_4q": -1.27,
            "eps_4q_growth_year": -168.94,
            "roe": -3.17,
            "gross_profit": 168185,
            "gross_margin": 18.26,
            "net_income": -16139,
            "revenue": 921289,
            "common_shares": 249611,
            "equity": 501084,
            "current_ratio": 234.67,
            "debt_ratio": 43.88,
            "inventory_turnover_ratio": 99.31,
            "account_receivable_turnover_ratio": 11.46,
            "reinvestment_rate": 1.87,
            "research_to_sale_ratio": 1.66,
            "price_fair": 61.71,
            "eps_avg_yearly": 1.76,
            "eps_latest_yearly": 1,
            "eps_growth_yearly": 527.23
        },
        "20212": {
            "year_quarter": 20212,
            "year": 2021,
            "quarter": 2,
            "eps": 0.46,
            "eps_growth_year": 84,
            "eps_4q": -0.81,
            "eps_4q_growth_year": -147.77,
            "roe": 2.89,
            "gross_profit": 212240,
            "gross_margin": 18.8,
            "net_income": 13797,
            "revenue": 1128658,
            "common_shares": 315928,
            "equity": 453727,
            "current_ratio": 172,
            "debt_ratio": 58.35,
            "inventory_turnover_ratio": 105.54,
            "account_receivable_turnover_ratio": 13.94,
            "reinvestment_rate": 2.33,
            "research_to_sale_ratio": 1.22,
            "price_fair": 65.33,
            "eps_avg_yearly": 1.87,
            "eps_latest_yearly": 1,
            "eps_growth_yearly": 595.47
        },
        "20213": {
            "year_quarter": 20213,
            "year": 2021,
            "quarter": 3,
            "eps": 0.12,
            "eps_growth_year": null,
            "eps_4q": -0.49,
            "eps_4q_growth_year": -139.11,
            "roe": 0.83,
            "gross_profit": 152934,
            "gross_margin": 17.58,
            "net_income": 3766,
            "revenue": 870129,
            "common_shares": 315928,
            "equity": 457493,
            "current_ratio": 218.79,
            "debt_ratio": 46.19,
            "inventory_turnover_ratio": 90.25,
            "account_receivable_turnover_ratio": 11.88,
            "reinvestment_rate": 6.19,
            "research_to_sale_ratio": 1.76,
            "price_fair": 64.87,
            "eps_avg_yearly": 1.85,
            "eps_latest_yearly": 0.48,
            "eps_growth_yearly": 563.14
        },
        "20214": {
            "year_quarter": 20214,
            "year": 2021,
            "quarter": 4,
            "eps": -0.98,
            "eps_growth_year": null,
            "eps_4q": -0.97,
            "eps_4q_growth_year": -296.09,
            "roe": -7.01,
            "gross_profit": 109515,
            "gross_margin": 14.57,
            "net_income": -30988,
            "revenue": 751589,
            "common_shares": 315928,
            "equity": 426505,
            "current_ratio": 184.41,
            "debt_ratio": 53.47,
            "inventory_turnover_ratio": 208.8,
            "account_receivable_turnover_ratio": 13.21,
            "reinvestment_rate": 10.18,
            "research_to_sale_ratio": 2,
            "price_fair": 68.47,
            "eps_avg_yearly": 1.96,
            "eps_latest_yearly": 0.48,
            "eps_growth_yearly": 609.79
        },
        "20221": {
            "year_quarter": 20221,
            "year": 2022,
            "quarter": 1,
            "eps": -0.82,
            "eps_growth_year": null,
            "eps_4q": -1.29,
            "eps_4q_growth_year": null,
            "roe": -6.26,
            "gross_profit": 91766,
            "gross_margin": 13.34,
            "net_income": -25908,
            "revenue": 687904,
            "common_shares": 315928,
            "equity": 400597,
            "current_ratio": 222.14,
            "debt_ratio": 44.6,
            "inventory_turnover_ratio": 247.05,
            "account_receivable_turnover_ratio": 13.54,
            "reinvestment_rate": 25.28,
            "research_to_sale_ratio": 2.22,
            "price_fair": 63.7,
            "eps_avg_yearly": 1.82,
            "eps_latest_yearly": 0.48,
            "eps_growth_yearly": 526.32
        },
        "20222": {
            "year_quarter": 20222,
            "year": 2022,
            "quarter": 2,
            "eps": -0.9,
            "eps_growth_year": -295.65,
            "eps_4q": -2.58,
            "eps_4q_growth_year": null,
            "roe": -7.37,
            "gross_profit": 104646,
            "gross_margin": 16.32,
            "net_income": -28480,
            "revenue": 641342,
            "common_shares": 315928,
            "equity": 372117,
            "current_ratio": 193.42,
            "debt_ratio": 50.62,
            "inventory_turnover_ratio": 110.96,
            "account_receivable_turnover_ratio": 14.98,
            "reinvestment_rate": null,
            "research_to_sale_ratio": 2.18,
            "price_fair": 59.11,
            "eps_avg_yearly": 1.69,
            "eps_latest_yearly": 0.48,
            "eps_growth_yearly": 589.09
        },
        "20223": {
            "year_quarter": 20223,
            "year": 2022,
            "quarter": 3,
            "eps": -0.85,
            "eps_growth_year": -808.33,
            "eps_4q": -3.55,
            "eps_4q_growth_year": null,
            "roe": -7.5,
            "gross_profit": 76125,
            "gross_margin": 14.32,
            "net_income": -26913,
            "revenue": 531712,
            "common_shares": 315928,
            "equity": 345204,
            "current_ratio": 202.41,
            "debt_ratio": 48.3,
            "inventory_turnover_ratio": 92.97,
            "account_receivable_turnover_ratio": 13.19,
            "reinvestment_rate": null,
            "research_to_sale_ratio": 2.72,
            "price_fair": 56.7,
            "eps_avg_yearly": 1.62,
            "eps_latest_yearly": 0.48,
            "eps_growth_yearly": 675.39
        },
        "20224": {
            "year_quarter": 20224,
            "year": 2022,
            "quarter": 4,
            "eps": -1.19,
            "eps_growth_year": null,
            "eps_4q": -3.76,
            "eps_4q_growth_year": null,
            "roe": -11.48,
            "gross_profit": 69659,
            "gross_margin": 14.16,
            "net_income": -37469,
            "revenue": 492113,
            "common_shares": 315928,
            "equity": 307735,
            "current_ratio": 183.94,
            "debt_ratio": 52.66,
            "inventory_turnover_ratio": 180.92,
            "account_receivable_turnover_ratio": 13.21,
            "reinvestment_rate": null,
            "research_to_sale_ratio": 2.42,
            "price_fair": 63,
            "eps_avg_yearly": 1.8,
            "eps_latest_yearly": 0.48,
            "eps_growth_yearly": 819.83
        },
        "20231": {
            "year_quarter": 20231,
            "year": 2023,
            "quarter": 1,
            "eps": -0.5,
            "eps_growth_year": null,
            "eps_4q": -3.44,
            "eps_4q_growth_year": null,
            "roe": -5.23,
            "gross_profit": 56803,
            "gross_margin": 15.44,
            "net_income": -15677,
            "revenue": 367933,
            "common_shares": 315928,
            "equity": 292058,
            "current_ratio": 200.64,
            "debt_ratio": 44.16,
            "inventory_turnover_ratio": 228.69,
            "account_receivable_turnover_ratio": 13.42,
            "reinvestment_rate": null,
            "research_to_sale_ratio": 3.26,
            "price_fair": 52.73,
            "eps_avg_yearly": 1.51,
            "eps_latest_yearly": 0.48,
            "eps_growth_yearly": 363.88
        }
    },
    "months": {
        "2015-10": {
            "month": "2015-10",
            "price": "105.66",
            "revenue": 211342
        },
        "2015-11": {
            "month": "2015-11",
            "price": "97.03",
            "revenue": 256990
        },
        "2015-12": {
            "month": "2015-12",
            "price": "96.18",
            "revenue": 247099
        },
        "2016-01": {
            "month": "2016-01",
            "price": "92.87",
            "revenue": 336979
        },
        "2016-02": {
            "month": "2016-02",
            "price": "95.50",
            "revenue": 210028
        },
        "2016-03": {
            "month": "2016-03",
            "price": "97.40",
            "revenue": 287052
        },
        "2016-04": {
            "month": "2016-04",
            "price": "96.27",
            "revenue": 258610
        },
        "2016-05": {
            "month": "2016-05",
            "price": "98.99",
            "revenue": 256435
        },
        "2016-06": {
            "month": "2016-06",
            "price": "100.96",
            "revenue": 272955
        },
        "2016-07": {
            "month": "2016-07",
            "price": "102.08",
            "revenue": 227679
        },
        "2016-08": {
            "month": "2016-08",
            "price": "89.53",
            "revenue": 231180
        },
        "2016-09": {
            "month": "2016-09",
            "price": "78.63",
            "revenue": 236481
        },
        "2016-10": {
            "month": "2016-10",
            "price": "89.82",
            "revenue": 232234
        },
        "2016-11": {
            "month": "2016-11",
            "price": "73.68",
            "revenue": 307078
        },
        "2016-12": {
            "month": "2016-12",
            "price": "66.96",
            "revenue": 273792
        },
        "2017-01": {
            "month": "2017-01",
            "price": "65.79",
            "revenue": 310858
        },
        "2017-02": {
            "month": "2017-02",
            "price": "58.69",
            "revenue": 229870
        },
        "2017-03": {
            "month": "2017-03",
            "price": "58.99",
            "revenue": 294918
        },
        "2017-04": {
            "month": "2017-04",
            "price": "58.90",
            "revenue": 253716
        },
        "2017-05": {
            "month": "2017-05",
            "price": "52.69",
            "revenue": 247540
        },
        "2017-06": {
            "month": "2017-06",
            "price": "49.34",
            "revenue": 383479
        },
        "2017-07": {
            "month": "2017-07",
            "price": "48.58",
            "revenue": 286428
        },
        "2017-08": {
            "month": "2017-08",
            "price": "44.98",
            "revenue": 323158
        },
        "2017-09": {
            "month": "2017-09",
            "price": "42.98",
            "revenue": 296148
        },
        "2017-10": {
            "month": "2017-10",
            "price": "41.88",
            "revenue": 296795
        },
        "2017-11": {
            "month": "2017-11",
            "price": "43.20",
            "revenue": 437277
        },
        "2017-12": {
            "month": "2017-12",
            "price": "41.43",
            "revenue": 385627
        },
        "2018-01": {
            "month": "2018-01",
            "price": "42.61",
            "revenue": 454156
        },
        "2018-02": {
            "month": "2018-02",
            "price": "41.56",
            "revenue": 406112
        },
        "2018-03": {
            "month": "2018-03",
            "price": "44.65",
            "revenue": 410162
        },
        "2018-04": {
            "month": "2018-04",
            "price": "48.22",
            "revenue": 356574
        },
        "2018-05": {
            "month": "2018-05",
            "price": "47.32",
            "revenue": 405620
        },
        "2018-06": {
            "month": "2018-06",
            "price": "49.55",
            "revenue": 416057
        },
        "2018-07": {
            "month": "2018-07",
            "price": "49.84",
            "revenue": 381261
        },
        "2018-08": {
            "month": "2018-08",
            "price": "50.60",
            "revenue": 408670
        },
        "2018-09": {
            "month": "2018-09",
            "price": "49.84",
            "revenue": 393977
        },
        "2018-10": {
            "month": "2018-10",
            "price": "49.70",
            "revenue": 393899
        },
        "2018-11": {
            "month": "2018-11",
            "price": "50.49",
            "revenue": 521176
        },
        "2018-12": {
            "month": "2018-12",
            "price": "51.06",
            "revenue": 411604
        },
        "2019-01": {
            "month": "2019-01",
            "price": "49.84",
            "revenue": 505557
        },
        "2019-02": {
            "month": "2019-02",
            "price": "52.96",
            "revenue": 267649
        },
        "2019-03": {
            "month": "2019-03",
            "price": "53.64",
            "revenue": 371163
        },
        "2019-04": {
            "month": "2019-04",
            "price": "55.04",
            "revenue": 379837
        },
        "2019-05": {
            "month": "2019-05",
            "price": "54.14",
            "revenue": 436046
        },
        "2019-06": {
            "month": "2019-06",
            "price": "53.96",
            "revenue": 421240
        },
        "2019-07": {
            "month": "2019-07",
            "price": "52.37",
            "revenue": 441346
        },
        "2019-08": {
            "month": "2019-08",
            "price": "51.74",
            "revenue": 451058
        },
        "2019-09": {
            "month": "2019-09",
            "price": "49.15",
            "revenue": 408445
        },
        "2019-10": {
            "month": "2019-10",
            "price": "47.37",
            "revenue": 409462
        },
        "2019-11": {
            "month": "2019-11",
            "price": "42.92",
            "revenue": 541457
        },
        "2019-12": {
            "month": "2019-12",
            "price": "39.73",
            "revenue": 458034
        },
        "2020-01": {
            "month": "2020-01",
            "price": "37.85",
            "revenue": 383527
        },
        "2020-02": {
            "month": "2020-02",
            "price": "37.49",
            "revenue": 415504
        },
        "2020-03": {
            "month": "2020-03",
            "price": "32.69",
            "revenue": 483262
        },
        "2020-04": {
            "month": "2020-04",
            "price": "33.68",
            "revenue": 395943
        },
        "2020-05": {
            "month": "2020-05",
            "price": "48.66",
            "revenue": 374634
        },
        "2020-06": {
            "month": "2020-06",
            "price": "46.86",
            "revenue": 348741
        },
        "2020-07": {
            "month": "2020-07",
            "price": "44.35",
            "revenue": 364950
        },
        "2020-08": {
            "month": "2020-08",
            "price": "40.22",
            "revenue": 385760
        },
        "2020-09": {
            "month": "2020-09",
            "price": "40.60",
            "revenue": 363355
        },
        "2020-10": {
            "month": "2020-10",
            "price": "40.50",
            "revenue": 286672
        },
        "2020-11": {
            "month": "2020-11",
            "price": "40.06",
            "revenue": 362209
        },
        "2020-12": {
            "month": "2020-12",
            "price": "38.61",
            "revenue": 397403
        },
        "2021-01": {
            "month": "2021-01",
            "price": "35.23",
            "revenue": 376853
        },
        "2021-02": {
            "month": "2021-02",
            "price": "33.43",
            "revenue": 255776
        },
        "2021-03": {
            "month": "2021-03",
            "price": "34.14",
            "revenue": 288659
        },
        "2021-04": {
            "month": "2021-04",
            "price": "34.07",
            "revenue": 262801
        },
        "2021-05": {
            "month": "2021-05",
            "price": "34.34",
            "revenue": 396123
        },
        "2021-06": {
            "month": "2021-06",
            "price": "37.39",
            "revenue": 469734
        },
        "2021-07": {
            "month": "2021-07",
            "price": "40.34",
            "revenue": 339996
        },
        "2021-08": {
            "month": "2021-08",
            "price": "37.41",
            "revenue": 280122
        },
        "2021-09": {
            "month": "2021-09",
            "price": "36.51",
            "revenue": 250013
        },
        "2021-10": {
            "month": "2021-10",
            "price": "36.20",
            "revenue": 224825
        },
        "2021-11": {
            "month": "2021-11",
            "price": "35.42",
            "revenue": 279546
        },
        "2021-12": {
            "month": "2021-12",
            "price": "33.49",
            "revenue": 247220
        },
        "2022-01": {
            "month": "2022-01",
            "price": "32.98",
            "revenue": 265526
        },
        "2022-02": {
            "month": "2022-02",
            "price": "31.50",
            "revenue": 200642
        },
        "2022-03": {
            "month": "2022-03",
            "price": "27.96",
            "revenue": 221737
        },
        "2022-04": {
            "month": "2022-04",
            "price": "27.78",
            "revenue": 200460
        },
        "2022-05": {
            "month": "2022-05",
            "price": "26.74",
            "revenue": 228294
        },
        "2022-06": {
            "month": "2022-06",
            "price": "24.96",
            "revenue": 212589
        },
        "2022-07": {
            "month": "2022-07",
            "price": "22.63",
            "revenue": 180087
        },
        "2022-08": {
            "month": "2022-08",
            "price": "22.25",
            "revenue": 186810
        },
        "2022-09": {
            "month": "2022-09",
            "price": "22.40",
            "revenue": 164815
        },
        "2022-10": {
            "month": "2022-10",
            "price": "19.99",
            "revenue": 151954
        },
        "2022-11": {
            "month": "2022-11",
            "price": "18.35",
            "revenue": 176770
        },
        "2022-12": {
            "month": "2022-12",
            "price": "18.45",
            "revenue": 163219
        },
        "2023-01": {
            "month": "2023-01",
            "price": "17.41",
            "revenue": 126144
        },
        "2023-02": {
            "month": "2023-02",
            "price": "17.11",
            "revenue": 116219
        },
        "2023-03": {
            "month": "2023-03",
            "price": "17.99",
            "revenue": 125571
        },
        "2023-04": {
            "month": "2023-04",
            "price": "17.67",
            "revenue": 101623
        }
    }
}
