{
    "summary": {
        "stock_name": "東哥遊艇",
        "stock_id": "8478",
        "category": "運動休閒",
        "main_business": "豪華遊艇及其零配件製造及銷售。",
        "website_url": "https://oceanalexander.com/zh-hans/",
        "ceo": "曾雄威",
        "pe_ratio": 17,
        "report_year_from": 2015,
        "report_year_to": 2023,
        "age": 8,
        "eps_negative_percentage": 0,
        "eps_growth_avg": {
            "last_all": 29.76,
            "last_2y": 100,
            "last_4y": 42.09,
            "last_8y": null,
            "last_12y": null,
            "last_16y": null,
            "last_20y": null,
            "at_2006_last_3y": null,
            "at_2007_last_3y": null,
            "at_2008_last_3y": null,
            "at_2009_last_3y": null,
            "at_2010_last_3y": null,
            "at_2011_last_3y": null,
            "at_2012_last_3y": null,
            "at_2013_last_3y": null,
            "at_2014_last_3y": null,
            "at_2015_last_3y": null,
            "at_2016_last_3y": null,
            "at_2017_last_3y": null,
            "at_2018_last_3y": null,
            "at_2019_last_3y": null,
            "at_2020_last_3y": -5.37,
            "at_2021_last_3y": 27.61,
            "at_2022_last_3y": 52.86,
            "at_2023_last_3y": 52.86,
            "at_2006_last_all": null,
            "at_2007_last_all": null,
            "at_2008_last_all": null,
            "at_2009_last_all": null,
            "at_2010_last_all": null,
            "at_2011_last_all": null,
            "at_2012_last_all": null,
            "at_2013_last_all": null,
            "at_2014_last_all": null,
            "at_2015_last_all": null,
            "at_2016_last_all": null,
            "at_2017_last_all": null,
            "at_2018_last_all": -16.46,
            "at_2019_last_all": -40.49,
            "at_2020_last_all": -5.37,
            "at_2021_last_all": 15.71,
            "at_2022_last_all": 29.76,
            "at_2023_last_all": 29.76
        },
        "latest_eps": 22.06,
        "latest_price": 375,
        "latest_roe": 44.39,
        "latest_gross_margin": 47.8,
        "latest_equity": 4998973,
        "latest_revenue": 1452152,
        "latest_gross_profit": 694201,
        "latest_net_income": 499718,
        "latest_debt_ratio": 53.81,
        "latest_current_ratio": 257.09,
        "latest_account_receivable_turnover_ratio": 1.27,
        "latest_inventory_turnover_ratio": 0.2,
        "latest_reinvestment_rate": 4.64,
        "latest_research_to_sale_ratio": null
    },
    "eps_dividends": {
        "2001": {
            "cash": 0,
            "stock": 0,
            "eps": 0
        },
        "2002": {
            "cash": 0,
            "stock": 0,
            "eps": 0
        },
        "2003": {
            "cash": 0,
            "stock": 0,
            "eps": 0
        },
        "2004": {
            "cash": 0,
            "stock": 0,
            "eps": 0
        },
        "2005": {
            "cash": 0,
            "stock": 0,
            "eps": 0
        },
        "2006": {
            "cash": 0,
            "stock": 0,
            "eps": 0
        },
        "2007": {
            "cash": 0,
            "stock": 0,
            "eps": 0
        },
        "2008": {
            "cash": 0,
            "stock": 0,
            "eps": 0
        },
        "2009": {
            "cash": 0,
            "stock": 0,
            "eps": 0
        },
        "2010": {
            "cash": 0,
            "stock": 0,
            "eps": 0
        },
        "2011": {
            "cash": 0,
            "stock": 0,
            "eps": 0
        },
        "2012": {
            "cash": 0,
            "stock": 0,
            "eps": 0
        },
        "2013": {
            "cash": 0,
            "stock": 0,
            "eps": 0
        },
        "2014": {
            "cash": 0,
            "stock": 0,
            "eps": 0
        },
        "2015": {
            "cash": 0.2,
            "stock": 0,
            "eps": 0
        },
        "2016": {
            "cash": 0.21,
            "stock": 1.84,
            "eps": 5.83
        },
        "2017": {
            "cash": 0.65,
            "stock": 2.6,
            "eps": 3.97
        },
        "2018": {
            "cash": 2.03,
            "stock": 0,
            "eps": 3.93
        },
        "2019": {
            "cash": 2,
            "stock": 0,
            "eps": 0.45
        },
        "2020": {
            "cash": 0.5,
            "stock": 0,
            "eps": 1.04
        },
        "2021": {
            "cash": 1,
            "stock": 0,
            "eps": 9.59
        },
        "2022": {
            "cash": 5,
            "stock": 0,
            "eps": 19.93
        },
        "2023": {
            "cash": 10,
            "stock": 0,
            "eps": 12.68
        }
    },
    "dividends": {
        "2015-12-23": {
            "cash": 0.2,
            "stock": 0
        },
        "2016-07-07": {
            "cash": 0.21,
            "stock": 1.84
        },
        "2017-07-28": {
            "cash": 0.65,
            "stock": 2.6
        },
        "2018-10-12": {
            "cash": 2.03,
            "stock": 0
        },
        "2019-07-31": {
            "cash": 2,
            "stock": 0
        },
        "2020-11-18": {
            "cash": 0.5,
            "stock": 0
        },
        "2021-11-05": {
            "cash": 1,
            "stock": 0
        },
        "2022-08-19": {
            "cash": 5,
            "stock": 0
        },
        "2023-08-04": {
            "cash": 10,
            "stock": 0
        }
    },
    "prices": {
        "200101": "無",
        "200102": "無",
        "200103": "無",
        "200104": "無",
        "200105": "無",
        "200106": "無",
        "200107": "無",
        "200108": "無",
        "200109": "無",
        "200110": "無",
        "200111": "無",
        "200112": "無",
        "200201": "無",
        "200202": "無",
        "200203": "無",
        "200204": "無",
        "200205": "無",
        "200206": "無",
        "200207": "無",
        "200208": "無",
        "200209": "無",
        "200210": "無",
        "200211": "無",
        "200212": "無",
        "200301": "無",
        "200302": "無",
        "200303": "無",
        "200304": "無",
        "200305": "無",
        "200306": "無",
        "200307": "無",
        "200308": "無",
        "200309": "無",
        "200310": "無",
        "200311": "無",
        "200312": "無",
        "200401": "無",
        "200402": "無",
        "200403": "無",
        "200404": "無",
        "200405": "無",
        "200406": "無",
        "200407": "無",
        "200408": "無",
        "200409": "無",
        "200410": "無",
        "200411": "無",
        "200412": "無",
        "200501": "無",
        "200502": "無",
        "200503": "無",
        "200504": "無",
        "200505": "無",
        "200506": "無",
        "200507": "無",
        "200508": "無",
        "200509": "無",
        "200510": "無",
        "200511": "無",
        "200512": "無",
        "200601": "無",
        "200602": "無",
        "200603": "無",
        "200604": "無",
        "200605": "無",
        "200606": "無",
        "200607": "無",
        "200608": "無",
        "200609": "無",
        "200610": "無",
        "200611": "無",
        "200612": "無",
        "200701": "無",
        "200702": "無",
        "200703": "無",
        "200704": "無",
        "200705": "無",
        "200706": "無",
        "200707": "無",
        "200708": "無",
        "200709": "無",
        "200710": "無",
        "200711": "無",
        "200712": "無",
        "200801": "無",
        "200802": "無",
        "200803": "無",
        "200804": "無",
        "200805": "無",
        "200806": "無",
        "200807": "無",
        "200808": "無",
        "200809": "無",
        "200810": "無",
        "200811": "無",
        "200812": "無",
        "200901": "無",
        "200902": "無",
        "200903": "無",
        "200904": "無",
        "200905": "無",
        "200906": "無",
        "200907": "無",
        "200908": "無",
        "200909": "無",
        "200910": "無",
        "200911": "無",
        "200912": "無",
        "201001": "無",
        "201002": "無",
        "201003": "無",
        "201004": "無",
        "201005": "無",
        "201006": "無",
        "201007": "無",
        "201008": "無",
        "201009": "無",
        "201010": "無",
        "201011": "無",
        "201012": "無",
        "201101": "無",
        "201102": "無",
        "201103": "無",
        "201104": "無",
        "201105": "無",
        "201106": "無",
        "201107": "無",
        "201108": "無",
        "201109": "無",
        "201110": "無",
        "201111": "無",
        "201112": "無",
        "201201": "無",
        "201202": "無",
        "201203": "無",
        "201204": "無",
        "201205": "無",
        "201206": "無",
        "201207": "無",
        "201208": "無",
        "201209": "無",
        "201210": "無",
        "201211": "無",
        "201212": "無",
        "201301": "無",
        "201302": "無",
        "201303": "無",
        "201304": "無",
        "201305": "無",
        "201306": "無",
        "201307": "無",
        "201308": "無",
        "201309": "無",
        "201310": "無",
        "201311": "無",
        "201312": "無",
        "201401": "無",
        "201402": "無",
        "201403": "無",
        "201404": "無",
        "201405": "無",
        "201406": "無",
        "201407": "無",
        "201408": "無",
        "201409": "無",
        "201410": "無",
        "201411": "無",
        "201412": "無",
        "201501": "無",
        "201502": "無",
        "201503": "無",
        "201504": "無",
        "201505": "無",
        "201506": "無",
        "201507": "無",
        "201508": "無",
        "201509": "210.52",
        "201510": "210.18",
        "201511": "208.71",
        "201512": "207.66",
        "201601": "無",
        "201602": "207.83",
        "201603": "207.58",
        "201604": "208.59",
        "201605": "202.92",
        "201606": "174.53",
        "201607": "174.96",
        "201608": "160.24",
        "201609": "151.64",
        "201610": "148.04",
        "201611": "140.12",
        "201612": "131.96",
        "201701": "132.55",
        "201702": "132.60",
        "201703": "136.05",
        "201704": "142.49",
        "201705": "139.33",
        "201706": "136.16",
        "201707": "112.38",
        "201708": "98.15",
        "201709": "98.31",
        "201710": "102.62",
        "201711": "98.61",
        "201712": "83.10",
        "201801": "75.22",
        "201802": "66.88",
        "201803": "62.76",
        "201804": "55.69",
        "201805": "57.67",
        "201806": "63.53",
        "201807": "54.88",
        "201808": "49.84",
        "201809": "43.59",
        "201810": "36.88",
        "201811": "34.70",
        "201812": "41.55",
        "201901": "43.45",
        "201902": "42.09",
        "201903": "41.79",
        "201904": "41.67",
        "201905": "39.81",
        "201906": "40.59",
        "201907": "47.02",
        "201908": "44.63",
        "201909": "47.66",
        "201910": "46.82",
        "201911": "44.87",
        "201912": "44.52",
        "202001": "43.86",
        "202002": "41.33",
        "202003": "32.20",
        "202004": "30.45",
        "202005": "35.32",
        "202006": "37.95",
        "202007": "39.43",
        "202008": "46.46",
        "202009": "62.60",
        "202010": "58.64",
        "202011": "60.42",
        "202012": "60.24",
        "202101": "47.08",
        "202102": "42.52",
        "202103": "49.05",
        "202104": "57.80",
        "202105": "51.18",
        "202106": "58.82",
        "202107": "69.44",
        "202108": "86.22",
        "202109": "82.84",
        "202110": "78.20",
        "202111": "95.01",
        "202112": "146.39",
        "202201": "135.06",
        "202202": "139.50",
        "202203": "147.26",
        "202204": "157.74",
        "202205": "179.90",
        "202206": "201.05",
        "202207": "185.81",
        "202208": "247.15",
        "202209": "261.98",
        "202210": "253.68",
        "202211": "276.18",
        "202212": "309.30",
        "202301": "329.08",
        "202302": "353.97",
        "202303": "425.52",
        "202304": "492.50",
        "202305": "517.84",
        "202306": "584.90",
        "202307": "582.38",
        "202308": "464.89",
        "202309": "389.35"
    },
    "quarters": {
        "20011": {
            "year_quarter": 20011,
            "year": 2001,
            "quarter": 1,
            "eps": null,
            "eps_growth_year": null,
            "eps_4q": null,
            "eps_4q_growth_year": null,
            "roe": null,
            "roe_4q": 0,
            "gross_profit": null,
            "gross_margin": null,
            "gross_margin_4q_avg": 0,
            "net_income": null,
            "revenue": null,
            "common_shares": null,
            "book_valuer_per_share": null,
            "book_valuer_per_share_4q_avg": 0,
            "equity": null,
            "current_ratio": null,
            "debt_ratio": null,
            "inventory_turnover_ratio": null,
            "account_receivable_turnover_ratio": null,
            "reinvestment_rate": null,
            "research_to_sale_ratio": null,
            "price_fair": 0,
            "eps_avg_yearly": 0,
            "eps_latest_yearly": 0,
            "eps_growth_yearly": 0
        },
        "20012": {
            "year_quarter": 20012,
            "year": 2001,
            "quarter": 2,
            "eps": null,
            "eps_growth_year": null,
            "eps_4q": null,
            "eps_4q_growth_year": null,
            "roe": null,
            "roe_4q": 0,
            "gross_profit": null,
            "gross_margin": null,
            "gross_margin_4q_avg": 0,
            "net_income": null,
            "revenue": null,
            "common_shares": null,
            "book_valuer_per_share": null,
            "book_valuer_per_share_4q_avg": 0,
            "equity": null,
            "current_ratio": null,
            "debt_ratio": null,
            "inventory_turnover_ratio": null,
            "account_receivable_turnover_ratio": null,
            "reinvestment_rate": null,
            "research_to_sale_ratio": null,
            "price_fair": 0,
            "eps_avg_yearly": 0,
            "eps_latest_yearly": 0,
            "eps_growth_yearly": 0
        },
        "20013": {
            "year_quarter": 20013,
            "year": 2001,
            "quarter": 3,
            "eps": null,
            "eps_growth_year": null,
            "eps_4q": null,
            "eps_4q_growth_year": null,
            "roe": null,
            "roe_4q": 0,
            "gross_profit": null,
            "gross_margin": null,
            "gross_margin_4q_avg": 0,
            "net_income": null,
            "revenue": null,
            "common_shares": null,
            "book_valuer_per_share": null,
            "book_valuer_per_share_4q_avg": 0,
            "equity": null,
            "current_ratio": null,
            "debt_ratio": null,
            "inventory_turnover_ratio": null,
            "account_receivable_turnover_ratio": null,
            "reinvestment_rate": null,
            "research_to_sale_ratio": null,
            "price_fair": 0,
            "eps_avg_yearly": 0,
            "eps_latest_yearly": 0,
            "eps_growth_yearly": 0
        },
        "20014": {
            "year_quarter": 20014,
            "year": 2001,
            "quarter": 4,
            "eps": null,
            "eps_growth_year": null,
            "eps_4q": null,
            "eps_4q_growth_year": null,
            "roe": null,
            "roe_4q": 0,
            "gross_profit": null,
            "gross_margin": null,
            "gross_margin_4q_avg": 0,
            "net_income": null,
            "revenue": null,
            "common_shares": null,
            "book_valuer_per_share": null,
            "book_valuer_per_share_4q_avg": 0,
            "equity": null,
            "current_ratio": null,
            "debt_ratio": null,
            "inventory_turnover_ratio": null,
            "account_receivable_turnover_ratio": null,
            "reinvestment_rate": null,
            "research_to_sale_ratio": null,
            "price_fair": 0,
            "eps_avg_yearly": 0,
            "eps_latest_yearly": 0,
            "eps_growth_yearly": 0
        },
        "20021": {
            "year_quarter": 20021,
            "year": 2002,
            "quarter": 1,
            "eps": null,
            "eps_growth_year": null,
            "eps_4q": null,
            "eps_4q_growth_year": null,
            "roe": null,
            "roe_4q": 0,
            "gross_profit": null,
            "gross_margin": null,
            "gross_margin_4q_avg": 0,
            "net_income": null,
            "revenue": null,
            "common_shares": null,
            "book_valuer_per_share": null,
            "book_valuer_per_share_4q_avg": 0,
            "equity": null,
            "current_ratio": null,
            "debt_ratio": null,
            "inventory_turnover_ratio": null,
            "account_receivable_turnover_ratio": null,
            "reinvestment_rate": null,
            "research_to_sale_ratio": null,
            "price_fair": 0,
            "eps_avg_yearly": 0,
            "eps_latest_yearly": 0,
            "eps_growth_yearly": 0
        },
        "20022": {
            "year_quarter": 20022,
            "year": 2002,
            "quarter": 2,
            "eps": null,
            "eps_growth_year": null,
            "eps_4q": null,
            "eps_4q_growth_year": null,
            "roe": null,
            "roe_4q": 0,
            "gross_profit": null,
            "gross_margin": null,
            "gross_margin_4q_avg": 0,
            "net_income": null,
            "revenue": null,
            "common_shares": null,
            "book_valuer_per_share": null,
            "book_valuer_per_share_4q_avg": 0,
            "equity": null,
            "current_ratio": null,
            "debt_ratio": null,
            "inventory_turnover_ratio": null,
            "account_receivable_turnover_ratio": null,
            "reinvestment_rate": null,
            "research_to_sale_ratio": null,
            "price_fair": 0,
            "eps_avg_yearly": 0,
            "eps_latest_yearly": 0,
            "eps_growth_yearly": 0
        },
        "20023": {
            "year_quarter": 20023,
            "year": 2002,
            "quarter": 3,
            "eps": null,
            "eps_growth_year": null,
            "eps_4q": null,
            "eps_4q_growth_year": null,
            "roe": null,
            "roe_4q": 0,
            "gross_profit": null,
            "gross_margin": null,
            "gross_margin_4q_avg": 0,
            "net_income": null,
            "revenue": null,
            "common_shares": null,
            "book_valuer_per_share": null,
            "book_valuer_per_share_4q_avg": 0,
            "equity": null,
            "current_ratio": null,
            "debt_ratio": null,
            "inventory_turnover_ratio": null,
            "account_receivable_turnover_ratio": null,
            "reinvestment_rate": null,
            "research_to_sale_ratio": null,
            "price_fair": 0,
            "eps_avg_yearly": 0,
            "eps_latest_yearly": 0,
            "eps_growth_yearly": 0
        },
        "20024": {
            "year_quarter": 20024,
            "year": 2002,
            "quarter": 4,
            "eps": null,
            "eps_growth_year": null,
            "eps_4q": null,
            "eps_4q_growth_year": null,
            "roe": null,
            "roe_4q": 0,
            "gross_profit": null,
            "gross_margin": null,
            "gross_margin_4q_avg": 0,
            "net_income": null,
            "revenue": null,
            "common_shares": null,
            "book_valuer_per_share": null,
            "book_valuer_per_share_4q_avg": 0,
            "equity": null,
            "current_ratio": null,
            "debt_ratio": null,
            "inventory_turnover_ratio": null,
            "account_receivable_turnover_ratio": null,
            "reinvestment_rate": null,
            "research_to_sale_ratio": null,
            "price_fair": 0,
            "eps_avg_yearly": 0,
            "eps_latest_yearly": 0,
            "eps_growth_yearly": 0
        },
        "20031": {
            "year_quarter": 20031,
            "year": 2003,
            "quarter": 1,
            "eps": null,
            "eps_growth_year": null,
            "eps_4q": null,
            "eps_4q_growth_year": null,
            "roe": null,
            "roe_4q": 0,
            "gross_profit": null,
            "gross_margin": null,
            "gross_margin_4q_avg": 0,
            "net_income": null,
            "revenue": null,
            "common_shares": null,
            "book_valuer_per_share": null,
            "book_valuer_per_share_4q_avg": 0,
            "equity": null,
            "current_ratio": null,
            "debt_ratio": null,
            "inventory_turnover_ratio": null,
            "account_receivable_turnover_ratio": null,
            "reinvestment_rate": null,
            "research_to_sale_ratio": null,
            "price_fair": 0,
            "eps_avg_yearly": 0,
            "eps_latest_yearly": 0,
            "eps_growth_yearly": 0
        },
        "20032": {
            "year_quarter": 20032,
            "year": 2003,
            "quarter": 2,
            "eps": null,
            "eps_growth_year": null,
            "eps_4q": null,
            "eps_4q_growth_year": null,
            "roe": null,
            "roe_4q": 0,
            "gross_profit": null,
            "gross_margin": null,
            "gross_margin_4q_avg": 0,
            "net_income": null,
            "revenue": null,
            "common_shares": null,
            "book_valuer_per_share": null,
            "book_valuer_per_share_4q_avg": 0,
            "equity": null,
            "current_ratio": null,
            "debt_ratio": null,
            "inventory_turnover_ratio": null,
            "account_receivable_turnover_ratio": null,
            "reinvestment_rate": null,
            "research_to_sale_ratio": null,
            "price_fair": 0,
            "eps_avg_yearly": 0,
            "eps_latest_yearly": 0,
            "eps_growth_yearly": 0
        },
        "20033": {
            "year_quarter": 20033,
            "year": 2003,
            "quarter": 3,
            "eps": null,
            "eps_growth_year": null,
            "eps_4q": null,
            "eps_4q_growth_year": null,
            "roe": null,
            "roe_4q": 0,
            "gross_profit": null,
            "gross_margin": null,
            "gross_margin_4q_avg": 0,
            "net_income": null,
            "revenue": null,
            "common_shares": null,
            "book_valuer_per_share": null,
            "book_valuer_per_share_4q_avg": 0,
            "equity": null,
            "current_ratio": null,
            "debt_ratio": null,
            "inventory_turnover_ratio": null,
            "account_receivable_turnover_ratio": null,
            "reinvestment_rate": null,
            "research_to_sale_ratio": null,
            "price_fair": 0,
            "eps_avg_yearly": 0,
            "eps_latest_yearly": 0,
            "eps_growth_yearly": 0
        },
        "20034": {
            "year_quarter": 20034,
            "year": 2003,
            "quarter": 4,
            "eps": null,
            "eps_growth_year": null,
            "eps_4q": null,
            "eps_4q_growth_year": null,
            "roe": null,
            "roe_4q": 0,
            "gross_profit": null,
            "gross_margin": null,
            "gross_margin_4q_avg": 0,
            "net_income": null,
            "revenue": null,
            "common_shares": null,
            "book_valuer_per_share": null,
            "book_valuer_per_share_4q_avg": 0,
            "equity": null,
            "current_ratio": null,
            "debt_ratio": null,
            "inventory_turnover_ratio": null,
            "account_receivable_turnover_ratio": null,
            "reinvestment_rate": null,
            "research_to_sale_ratio": null,
            "price_fair": 0,
            "eps_avg_yearly": 0,
            "eps_latest_yearly": 0,
            "eps_growth_yearly": 0
        },
        "20041": {
            "year_quarter": 20041,
            "year": 2004,
            "quarter": 1,
            "eps": null,
            "eps_growth_year": null,
            "eps_4q": null,
            "eps_4q_growth_year": null,
            "roe": null,
            "roe_4q": 0,
            "gross_profit": null,
            "gross_margin": null,
            "gross_margin_4q_avg": 0,
            "net_income": null,
            "revenue": null,
            "common_shares": null,
            "book_valuer_per_share": null,
            "book_valuer_per_share_4q_avg": 0,
            "equity": null,
            "current_ratio": null,
            "debt_ratio": null,
            "inventory_turnover_ratio": null,
            "account_receivable_turnover_ratio": null,
            "reinvestment_rate": null,
            "research_to_sale_ratio": null,
            "price_fair": 0,
            "eps_avg_yearly": 0,
            "eps_latest_yearly": 0,
            "eps_growth_yearly": 0
        },
        "20042": {
            "year_quarter": 20042,
            "year": 2004,
            "quarter": 2,
            "eps": null,
            "eps_growth_year": null,
            "eps_4q": null,
            "eps_4q_growth_year": null,
            "roe": null,
            "roe_4q": 0,
            "gross_profit": null,
            "gross_margin": null,
            "gross_margin_4q_avg": 0,
            "net_income": null,
            "revenue": null,
            "common_shares": null,
            "book_valuer_per_share": null,
            "book_valuer_per_share_4q_avg": 0,
            "equity": null,
            "current_ratio": null,
            "debt_ratio": null,
            "inventory_turnover_ratio": null,
            "account_receivable_turnover_ratio": null,
            "reinvestment_rate": null,
            "research_to_sale_ratio": null,
            "price_fair": 0,
            "eps_avg_yearly": 0,
            "eps_latest_yearly": 0,
            "eps_growth_yearly": 0
        },
        "20043": {
            "year_quarter": 20043,
            "year": 2004,
            "quarter": 3,
            "eps": null,
            "eps_growth_year": null,
            "eps_4q": null,
            "eps_4q_growth_year": null,
            "roe": null,
            "roe_4q": 0,
            "gross_profit": null,
            "gross_margin": null,
            "gross_margin_4q_avg": 0,
            "net_income": null,
            "revenue": null,
            "common_shares": null,
            "book_valuer_per_share": null,
            "book_valuer_per_share_4q_avg": 0,
            "equity": null,
            "current_ratio": null,
            "debt_ratio": null,
            "inventory_turnover_ratio": null,
            "account_receivable_turnover_ratio": null,
            "reinvestment_rate": null,
            "research_to_sale_ratio": null,
            "price_fair": 0,
            "eps_avg_yearly": 0,
            "eps_latest_yearly": 0,
            "eps_growth_yearly": 0
        },
        "20044": {
            "year_quarter": 20044,
            "year": 2004,
            "quarter": 4,
            "eps": null,
            "eps_growth_year": null,
            "eps_4q": null,
            "eps_4q_growth_year": null,
            "roe": null,
            "roe_4q": 0,
            "gross_profit": null,
            "gross_margin": null,
            "gross_margin_4q_avg": 0,
            "net_income": null,
            "revenue": null,
            "common_shares": null,
            "book_valuer_per_share": null,
            "book_valuer_per_share_4q_avg": 0,
            "equity": null,
            "current_ratio": null,
            "debt_ratio": null,
            "inventory_turnover_ratio": null,
            "account_receivable_turnover_ratio": null,
            "reinvestment_rate": null,
            "research_to_sale_ratio": null,
            "price_fair": 0,
            "eps_avg_yearly": 0,
            "eps_latest_yearly": 0,
            "eps_growth_yearly": 0
        },
        "20051": {
            "year_quarter": 20051,
            "year": 2005,
            "quarter": 1,
            "eps": null,
            "eps_growth_year": null,
            "eps_4q": null,
            "eps_4q_growth_year": null,
            "roe": null,
            "roe_4q": 0,
            "gross_profit": null,
            "gross_margin": null,
            "gross_margin_4q_avg": 0,
            "net_income": null,
            "revenue": null,
            "common_shares": null,
            "book_valuer_per_share": null,
            "book_valuer_per_share_4q_avg": 0,
            "equity": null,
            "current_ratio": null,
            "debt_ratio": null,
            "inventory_turnover_ratio": null,
            "account_receivable_turnover_ratio": null,
            "reinvestment_rate": null,
            "research_to_sale_ratio": null,
            "price_fair": 0,
            "eps_avg_yearly": 0,
            "eps_latest_yearly": 0,
            "eps_growth_yearly": 0
        },
        "20052": {
            "year_quarter": 20052,
            "year": 2005,
            "quarter": 2,
            "eps": null,
            "eps_growth_year": null,
            "eps_4q": null,
            "eps_4q_growth_year": null,
            "roe": null,
            "roe_4q": 0,
            "gross_profit": null,
            "gross_margin": null,
            "gross_margin_4q_avg": 0,
            "net_income": null,
            "revenue": null,
            "common_shares": null,
            "book_valuer_per_share": null,
            "book_valuer_per_share_4q_avg": 0,
            "equity": null,
            "current_ratio": null,
            "debt_ratio": null,
            "inventory_turnover_ratio": null,
            "account_receivable_turnover_ratio": null,
            "reinvestment_rate": null,
            "research_to_sale_ratio": null,
            "price_fair": 0,
            "eps_avg_yearly": 0,
            "eps_latest_yearly": 0,
            "eps_growth_yearly": 0
        },
        "20053": {
            "year_quarter": 20053,
            "year": 2005,
            "quarter": 3,
            "eps": null,
            "eps_growth_year": null,
            "eps_4q": null,
            "eps_4q_growth_year": null,
            "roe": null,
            "roe_4q": 0,
            "gross_profit": null,
            "gross_margin": null,
            "gross_margin_4q_avg": 0,
            "net_income": null,
            "revenue": null,
            "common_shares": null,
            "book_valuer_per_share": null,
            "book_valuer_per_share_4q_avg": 0,
            "equity": null,
            "current_ratio": null,
            "debt_ratio": null,
            "inventory_turnover_ratio": null,
            "account_receivable_turnover_ratio": null,
            "reinvestment_rate": null,
            "research_to_sale_ratio": null,
            "price_fair": 0,
            "eps_avg_yearly": 0,
            "eps_latest_yearly": 0,
            "eps_growth_yearly": 0
        },
        "20054": {
            "year_quarter": 20054,
            "year": 2005,
            "quarter": 4,
            "eps": null,
            "eps_growth_year": null,
            "eps_4q": null,
            "eps_4q_growth_year": null,
            "roe": null,
            "roe_4q": 0,
            "gross_profit": null,
            "gross_margin": null,
            "gross_margin_4q_avg": 0,
            "net_income": null,
            "revenue": null,
            "common_shares": null,
            "book_valuer_per_share": null,
            "book_valuer_per_share_4q_avg": 0,
            "equity": null,
            "current_ratio": null,
            "debt_ratio": null,
            "inventory_turnover_ratio": null,
            "account_receivable_turnover_ratio": null,
            "reinvestment_rate": null,
            "research_to_sale_ratio": null,
            "price_fair": 0,
            "eps_avg_yearly": 0,
            "eps_latest_yearly": 0,
            "eps_growth_yearly": 0
        },
        "20061": {
            "year_quarter": 20061,
            "year": 2006,
            "quarter": 1,
            "eps": null,
            "eps_growth_year": null,
            "eps_4q": null,
            "eps_4q_growth_year": null,
            "roe": null,
            "roe_4q": 0,
            "gross_profit": null,
            "gross_margin": null,
            "gross_margin_4q_avg": 0,
            "net_income": null,
            "revenue": null,
            "common_shares": null,
            "book_valuer_per_share": null,
            "book_valuer_per_share_4q_avg": 0,
            "equity": null,
            "current_ratio": null,
            "debt_ratio": null,
            "inventory_turnover_ratio": null,
            "account_receivable_turnover_ratio": null,
            "reinvestment_rate": null,
            "research_to_sale_ratio": null,
            "price_fair": 0,
            "eps_avg_yearly": 0,
            "eps_latest_yearly": 0,
            "eps_growth_yearly": 0
        },
        "20062": {
            "year_quarter": 20062,
            "year": 2006,
            "quarter": 2,
            "eps": null,
            "eps_growth_year": null,
            "eps_4q": null,
            "eps_4q_growth_year": null,
            "roe": null,
            "roe_4q": 0,
            "gross_profit": null,
            "gross_margin": null,
            "gross_margin_4q_avg": 0,
            "net_income": null,
            "revenue": null,
            "common_shares": null,
            "book_valuer_per_share": null,
            "book_valuer_per_share_4q_avg": 0,
            "equity": null,
            "current_ratio": null,
            "debt_ratio": null,
            "inventory_turnover_ratio": null,
            "account_receivable_turnover_ratio": null,
            "reinvestment_rate": null,
            "research_to_sale_ratio": null,
            "price_fair": 0,
            "eps_avg_yearly": 0,
            "eps_latest_yearly": 0,
            "eps_growth_yearly": 0
        },
        "20063": {
            "year_quarter": 20063,
            "year": 2006,
            "quarter": 3,
            "eps": null,
            "eps_growth_year": null,
            "eps_4q": null,
            "eps_4q_growth_year": null,
            "roe": null,
            "roe_4q": 0,
            "gross_profit": null,
            "gross_margin": null,
            "gross_margin_4q_avg": 0,
            "net_income": null,
            "revenue": null,
            "common_shares": null,
            "book_valuer_per_share": null,
            "book_valuer_per_share_4q_avg": 0,
            "equity": null,
            "current_ratio": null,
            "debt_ratio": null,
            "inventory_turnover_ratio": null,
            "account_receivable_turnover_ratio": null,
            "reinvestment_rate": null,
            "research_to_sale_ratio": null,
            "price_fair": 0,
            "eps_avg_yearly": 0,
            "eps_latest_yearly": 0,
            "eps_growth_yearly": 0
        },
        "20064": {
            "year_quarter": 20064,
            "year": 2006,
            "quarter": 4,
            "eps": null,
            "eps_growth_year": null,
            "eps_4q": null,
            "eps_4q_growth_year": null,
            "roe": null,
            "roe_4q": 0,
            "gross_profit": null,
            "gross_margin": null,
            "gross_margin_4q_avg": 0,
            "net_income": null,
            "revenue": null,
            "common_shares": null,
            "book_valuer_per_share": null,
            "book_valuer_per_share_4q_avg": 0,
            "equity": null,
            "current_ratio": null,
            "debt_ratio": null,
            "inventory_turnover_ratio": null,
            "account_receivable_turnover_ratio": null,
            "reinvestment_rate": null,
            "research_to_sale_ratio": null,
            "price_fair": 0,
            "eps_avg_yearly": 0,
            "eps_latest_yearly": 0,
            "eps_growth_yearly": 0
        },
        "20071": {
            "year_quarter": 20071,
            "year": 2007,
            "quarter": 1,
            "eps": null,
            "eps_growth_year": null,
            "eps_4q": null,
            "eps_4q_growth_year": null,
            "roe": null,
            "roe_4q": 0,
            "gross_profit": null,
            "gross_margin": null,
            "gross_margin_4q_avg": 0,
            "net_income": null,
            "revenue": null,
            "common_shares": null,
            "book_valuer_per_share": null,
            "book_valuer_per_share_4q_avg": 0,
            "equity": null,
            "current_ratio": null,
            "debt_ratio": null,
            "inventory_turnover_ratio": null,
            "account_receivable_turnover_ratio": null,
            "reinvestment_rate": null,
            "research_to_sale_ratio": null,
            "price_fair": 0,
            "eps_avg_yearly": 0,
            "eps_latest_yearly": 0,
            "eps_growth_yearly": 0
        },
        "20072": {
            "year_quarter": 20072,
            "year": 2007,
            "quarter": 2,
            "eps": null,
            "eps_growth_year": null,
            "eps_4q": null,
            "eps_4q_growth_year": null,
            "roe": null,
            "roe_4q": 0,
            "gross_profit": null,
            "gross_margin": null,
            "gross_margin_4q_avg": 0,
            "net_income": null,
            "revenue": null,
            "common_shares": null,
            "book_valuer_per_share": null,
            "book_valuer_per_share_4q_avg": 0,
            "equity": null,
            "current_ratio": null,
            "debt_ratio": null,
            "inventory_turnover_ratio": null,
            "account_receivable_turnover_ratio": null,
            "reinvestment_rate": null,
            "research_to_sale_ratio": null,
            "price_fair": 0,
            "eps_avg_yearly": 0,
            "eps_latest_yearly": 0,
            "eps_growth_yearly": 0
        },
        "20073": {
            "year_quarter": 20073,
            "year": 2007,
            "quarter": 3,
            "eps": null,
            "eps_growth_year": null,
            "eps_4q": null,
            "eps_4q_growth_year": null,
            "roe": null,
            "roe_4q": 0,
            "gross_profit": null,
            "gross_margin": null,
            "gross_margin_4q_avg": 0,
            "net_income": null,
            "revenue": null,
            "common_shares": null,
            "book_valuer_per_share": null,
            "book_valuer_per_share_4q_avg": 0,
            "equity": null,
            "current_ratio": null,
            "debt_ratio": null,
            "inventory_turnover_ratio": null,
            "account_receivable_turnover_ratio": null,
            "reinvestment_rate": null,
            "research_to_sale_ratio": null,
            "price_fair": 0,
            "eps_avg_yearly": 0,
            "eps_latest_yearly": 0,
            "eps_growth_yearly": 0
        },
        "20074": {
            "year_quarter": 20074,
            "year": 2007,
            "quarter": 4,
            "eps": null,
            "eps_growth_year": null,
            "eps_4q": null,
            "eps_4q_growth_year": null,
            "roe": null,
            "roe_4q": 0,
            "gross_profit": null,
            "gross_margin": null,
            "gross_margin_4q_avg": 0,
            "net_income": null,
            "revenue": null,
            "common_shares": null,
            "book_valuer_per_share": null,
            "book_valuer_per_share_4q_avg": 0,
            "equity": null,
            "current_ratio": null,
            "debt_ratio": null,
            "inventory_turnover_ratio": null,
            "account_receivable_turnover_ratio": null,
            "reinvestment_rate": null,
            "research_to_sale_ratio": null,
            "price_fair": 0,
            "eps_avg_yearly": 0,
            "eps_latest_yearly": 0,
            "eps_growth_yearly": 0
        },
        "20081": {
            "year_quarter": 20081,
            "year": 2008,
            "quarter": 1,
            "eps": null,
            "eps_growth_year": null,
            "eps_4q": null,
            "eps_4q_growth_year": null,
            "roe": null,
            "roe_4q": 0,
            "gross_profit": null,
            "gross_margin": null,
            "gross_margin_4q_avg": 0,
            "net_income": null,
            "revenue": null,
            "common_shares": null,
            "book_valuer_per_share": null,
            "book_valuer_per_share_4q_avg": 0,
            "equity": null,
            "current_ratio": null,
            "debt_ratio": null,
            "inventory_turnover_ratio": null,
            "account_receivable_turnover_ratio": null,
            "reinvestment_rate": null,
            "research_to_sale_ratio": null,
            "price_fair": 0,
            "eps_avg_yearly": 0,
            "eps_latest_yearly": 0,
            "eps_growth_yearly": 0
        },
        "20082": {
            "year_quarter": 20082,
            "year": 2008,
            "quarter": 2,
            "eps": null,
            "eps_growth_year": null,
            "eps_4q": null,
            "eps_4q_growth_year": null,
            "roe": null,
            "roe_4q": 0,
            "gross_profit": null,
            "gross_margin": null,
            "gross_margin_4q_avg": 0,
            "net_income": null,
            "revenue": null,
            "common_shares": null,
            "book_valuer_per_share": null,
            "book_valuer_per_share_4q_avg": 0,
            "equity": null,
            "current_ratio": null,
            "debt_ratio": null,
            "inventory_turnover_ratio": null,
            "account_receivable_turnover_ratio": null,
            "reinvestment_rate": null,
            "research_to_sale_ratio": null,
            "price_fair": 0,
            "eps_avg_yearly": 0,
            "eps_latest_yearly": 0,
            "eps_growth_yearly": 0
        },
        "20083": {
            "year_quarter": 20083,
            "year": 2008,
            "quarter": 3,
            "eps": null,
            "eps_growth_year": null,
            "eps_4q": null,
            "eps_4q_growth_year": null,
            "roe": null,
            "roe_4q": 0,
            "gross_profit": null,
            "gross_margin": null,
            "gross_margin_4q_avg": 0,
            "net_income": null,
            "revenue": null,
            "common_shares": null,
            "book_valuer_per_share": null,
            "book_valuer_per_share_4q_avg": 0,
            "equity": null,
            "current_ratio": null,
            "debt_ratio": null,
            "inventory_turnover_ratio": null,
            "account_receivable_turnover_ratio": null,
            "reinvestment_rate": null,
            "research_to_sale_ratio": null,
            "price_fair": 0,
            "eps_avg_yearly": 0,
            "eps_latest_yearly": 0,
            "eps_growth_yearly": 0
        },
        "20084": {
            "year_quarter": 20084,
            "year": 2008,
            "quarter": 4,
            "eps": null,
            "eps_growth_year": null,
            "eps_4q": null,
            "eps_4q_growth_year": null,
            "roe": null,
            "roe_4q": 0,
            "gross_profit": null,
            "gross_margin": null,
            "gross_margin_4q_avg": 0,
            "net_income": null,
            "revenue": null,
            "common_shares": null,
            "book_valuer_per_share": null,
            "book_valuer_per_share_4q_avg": 0,
            "equity": null,
            "current_ratio": null,
            "debt_ratio": null,
            "inventory_turnover_ratio": null,
            "account_receivable_turnover_ratio": null,
            "reinvestment_rate": null,
            "research_to_sale_ratio": null,
            "price_fair": 0,
            "eps_avg_yearly": 0,
            "eps_latest_yearly": 0,
            "eps_growth_yearly": 0
        },
        "20091": {
            "year_quarter": 20091,
            "year": 2009,
            "quarter": 1,
            "eps": null,
            "eps_growth_year": null,
            "eps_4q": null,
            "eps_4q_growth_year": null,
            "roe": null,
            "roe_4q": 0,
            "gross_profit": null,
            "gross_margin": null,
            "gross_margin_4q_avg": 0,
            "net_income": null,
            "revenue": null,
            "common_shares": null,
            "book_valuer_per_share": null,
            "book_valuer_per_share_4q_avg": 0,
            "equity": null,
            "current_ratio": null,
            "debt_ratio": null,
            "inventory_turnover_ratio": null,
            "account_receivable_turnover_ratio": null,
            "reinvestment_rate": null,
            "research_to_sale_ratio": null,
            "price_fair": 0,
            "eps_avg_yearly": 0,
            "eps_latest_yearly": 0,
            "eps_growth_yearly": 0
        },
        "20092": {
            "year_quarter": 20092,
            "year": 2009,
            "quarter": 2,
            "eps": null,
            "eps_growth_year": null,
            "eps_4q": null,
            "eps_4q_growth_year": null,
            "roe": null,
            "roe_4q": 0,
            "gross_profit": null,
            "gross_margin": null,
            "gross_margin_4q_avg": 0,
            "net_income": null,
            "revenue": null,
            "common_shares": null,
            "book_valuer_per_share": null,
            "book_valuer_per_share_4q_avg": 0,
            "equity": null,
            "current_ratio": null,
            "debt_ratio": null,
            "inventory_turnover_ratio": null,
            "account_receivable_turnover_ratio": null,
            "reinvestment_rate": null,
            "research_to_sale_ratio": null,
            "price_fair": 0,
            "eps_avg_yearly": 0,
            "eps_latest_yearly": 0,
            "eps_growth_yearly": 0
        },
        "20093": {
            "year_quarter": 20093,
            "year": 2009,
            "quarter": 3,
            "eps": null,
            "eps_growth_year": null,
            "eps_4q": null,
            "eps_4q_growth_year": null,
            "roe": null,
            "roe_4q": 0,
            "gross_profit": null,
            "gross_margin": null,
            "gross_margin_4q_avg": 0,
            "net_income": null,
            "revenue": null,
            "common_shares": null,
            "book_valuer_per_share": null,
            "book_valuer_per_share_4q_avg": 0,
            "equity": null,
            "current_ratio": null,
            "debt_ratio": null,
            "inventory_turnover_ratio": null,
            "account_receivable_turnover_ratio": null,
            "reinvestment_rate": null,
            "research_to_sale_ratio": null,
            "price_fair": 0,
            "eps_avg_yearly": 0,
            "eps_latest_yearly": 0,
            "eps_growth_yearly": 0
        },
        "20094": {
            "year_quarter": 20094,
            "year": 2009,
            "quarter": 4,
            "eps": null,
            "eps_growth_year": null,
            "eps_4q": null,
            "eps_4q_growth_year": null,
            "roe": null,
            "roe_4q": 0,
            "gross_profit": null,
            "gross_margin": null,
            "gross_margin_4q_avg": 0,
            "net_income": null,
            "revenue": null,
            "common_shares": null,
            "book_valuer_per_share": null,
            "book_valuer_per_share_4q_avg": 0,
            "equity": null,
            "current_ratio": null,
            "debt_ratio": null,
            "inventory_turnover_ratio": null,
            "account_receivable_turnover_ratio": null,
            "reinvestment_rate": null,
            "research_to_sale_ratio": null,
            "price_fair": 0,
            "eps_avg_yearly": 0,
            "eps_latest_yearly": 0,
            "eps_growth_yearly": 0
        },
        "20101": {
            "year_quarter": 20101,
            "year": 2010,
            "quarter": 1,
            "eps": null,
            "eps_growth_year": null,
            "eps_4q": null,
            "eps_4q_growth_year": null,
            "roe": null,
            "roe_4q": 0,
            "gross_profit": null,
            "gross_margin": null,
            "gross_margin_4q_avg": 0,
            "net_income": null,
            "revenue": null,
            "common_shares": null,
            "book_valuer_per_share": null,
            "book_valuer_per_share_4q_avg": 0,
            "equity": null,
            "current_ratio": null,
            "debt_ratio": null,
            "inventory_turnover_ratio": null,
            "account_receivable_turnover_ratio": null,
            "reinvestment_rate": null,
            "research_to_sale_ratio": null,
            "price_fair": 0,
            "eps_avg_yearly": 0,
            "eps_latest_yearly": 0,
            "eps_growth_yearly": 0
        },
        "20102": {
            "year_quarter": 20102,
            "year": 2010,
            "quarter": 2,
            "eps": null,
            "eps_growth_year": null,
            "eps_4q": null,
            "eps_4q_growth_year": null,
            "roe": null,
            "roe_4q": 0,
            "gross_profit": null,
            "gross_margin": null,
            "gross_margin_4q_avg": 0,
            "net_income": null,
            "revenue": null,
            "common_shares": null,
            "book_valuer_per_share": null,
            "book_valuer_per_share_4q_avg": 0,
            "equity": null,
            "current_ratio": null,
            "debt_ratio": null,
            "inventory_turnover_ratio": null,
            "account_receivable_turnover_ratio": null,
            "reinvestment_rate": null,
            "research_to_sale_ratio": null,
            "price_fair": 0,
            "eps_avg_yearly": 0,
            "eps_latest_yearly": 0,
            "eps_growth_yearly": 0
        },
        "20103": {
            "year_quarter": 20103,
            "year": 2010,
            "quarter": 3,
            "eps": null,
            "eps_growth_year": null,
            "eps_4q": null,
            "eps_4q_growth_year": null,
            "roe": null,
            "roe_4q": 0,
            "gross_profit": null,
            "gross_margin": null,
            "gross_margin_4q_avg": 0,
            "net_income": null,
            "revenue": null,
            "common_shares": null,
            "book_valuer_per_share": null,
            "book_valuer_per_share_4q_avg": 0,
            "equity": null,
            "current_ratio": null,
            "debt_ratio": null,
            "inventory_turnover_ratio": null,
            "account_receivable_turnover_ratio": null,
            "reinvestment_rate": null,
            "research_to_sale_ratio": null,
            "price_fair": 0,
            "eps_avg_yearly": 0,
            "eps_latest_yearly": 0,
            "eps_growth_yearly": 0
        },
        "20104": {
            "year_quarter": 20104,
            "year": 2010,
            "quarter": 4,
            "eps": null,
            "eps_growth_year": null,
            "eps_4q": null,
            "eps_4q_growth_year": null,
            "roe": null,
            "roe_4q": 0,
            "gross_profit": null,
            "gross_margin": null,
            "gross_margin_4q_avg": 0,
            "net_income": null,
            "revenue": null,
            "common_shares": null,
            "book_valuer_per_share": null,
            "book_valuer_per_share_4q_avg": 0,
            "equity": null,
            "current_ratio": null,
            "debt_ratio": null,
            "inventory_turnover_ratio": null,
            "account_receivable_turnover_ratio": null,
            "reinvestment_rate": null,
            "research_to_sale_ratio": null,
            "price_fair": 0,
            "eps_avg_yearly": 0,
            "eps_latest_yearly": 0,
            "eps_growth_yearly": 0
        },
        "20111": {
            "year_quarter": 20111,
            "year": 2011,
            "quarter": 1,
            "eps": null,
            "eps_growth_year": null,
            "eps_4q": null,
            "eps_4q_growth_year": null,
            "roe": null,
            "roe_4q": 0,
            "gross_profit": null,
            "gross_margin": null,
            "gross_margin_4q_avg": 0,
            "net_income": null,
            "revenue": null,
            "common_shares": null,
            "book_valuer_per_share": null,
            "book_valuer_per_share_4q_avg": 0,
            "equity": null,
            "current_ratio": null,
            "debt_ratio": null,
            "inventory_turnover_ratio": null,
            "account_receivable_turnover_ratio": null,
            "reinvestment_rate": null,
            "research_to_sale_ratio": null,
            "price_fair": 0,
            "eps_avg_yearly": 0,
            "eps_latest_yearly": 0,
            "eps_growth_yearly": 0
        },
        "20112": {
            "year_quarter": 20112,
            "year": 2011,
            "quarter": 2,
            "eps": null,
            "eps_growth_year": null,
            "eps_4q": null,
            "eps_4q_growth_year": null,
            "roe": null,
            "roe_4q": 0,
            "gross_profit": null,
            "gross_margin": null,
            "gross_margin_4q_avg": 0,
            "net_income": null,
            "revenue": null,
            "common_shares": null,
            "book_valuer_per_share": null,
            "book_valuer_per_share_4q_avg": 0,
            "equity": null,
            "current_ratio": null,
            "debt_ratio": null,
            "inventory_turnover_ratio": null,
            "account_receivable_turnover_ratio": null,
            "reinvestment_rate": null,
            "research_to_sale_ratio": null,
            "price_fair": 0,
            "eps_avg_yearly": 0,
            "eps_latest_yearly": 0,
            "eps_growth_yearly": 0
        },
        "20113": {
            "year_quarter": 20113,
            "year": 2011,
            "quarter": 3,
            "eps": null,
            "eps_growth_year": null,
            "eps_4q": null,
            "eps_4q_growth_year": null,
            "roe": null,
            "roe_4q": 0,
            "gross_profit": null,
            "gross_margin": null,
            "gross_margin_4q_avg": 0,
            "net_income": null,
            "revenue": null,
            "common_shares": null,
            "book_valuer_per_share": null,
            "book_valuer_per_share_4q_avg": 0,
            "equity": null,
            "current_ratio": null,
            "debt_ratio": null,
            "inventory_turnover_ratio": null,
            "account_receivable_turnover_ratio": null,
            "reinvestment_rate": null,
            "research_to_sale_ratio": null,
            "price_fair": 0,
            "eps_avg_yearly": 0,
            "eps_latest_yearly": 0,
            "eps_growth_yearly": 0
        },
        "20114": {
            "year_quarter": 20114,
            "year": 2011,
            "quarter": 4,
            "eps": null,
            "eps_growth_year": null,
            "eps_4q": null,
            "eps_4q_growth_year": null,
            "roe": null,
            "roe_4q": 0,
            "gross_profit": null,
            "gross_margin": null,
            "gross_margin_4q_avg": 0,
            "net_income": null,
            "revenue": null,
            "common_shares": null,
            "book_valuer_per_share": null,
            "book_valuer_per_share_4q_avg": 0,
            "equity": null,
            "current_ratio": null,
            "debt_ratio": null,
            "inventory_turnover_ratio": null,
            "account_receivable_turnover_ratio": null,
            "reinvestment_rate": null,
            "research_to_sale_ratio": null,
            "price_fair": 0,
            "eps_avg_yearly": 0,
            "eps_latest_yearly": 0,
            "eps_growth_yearly": 0
        },
        "20121": {
            "year_quarter": 20121,
            "year": 2012,
            "quarter": 1,
            "eps": null,
            "eps_growth_year": null,
            "eps_4q": null,
            "eps_4q_growth_year": null,
            "roe": null,
            "roe_4q": 0,
            "gross_profit": null,
            "gross_margin": null,
            "gross_margin_4q_avg": 0,
            "net_income": null,
            "revenue": null,
            "common_shares": null,
            "book_valuer_per_share": null,
            "book_valuer_per_share_4q_avg": 0,
            "equity": null,
            "current_ratio": null,
            "debt_ratio": null,
            "inventory_turnover_ratio": null,
            "account_receivable_turnover_ratio": null,
            "reinvestment_rate": null,
            "research_to_sale_ratio": null,
            "price_fair": 0,
            "eps_avg_yearly": 0,
            "eps_latest_yearly": 0,
            "eps_growth_yearly": 0
        },
        "20122": {
            "year_quarter": 20122,
            "year": 2012,
            "quarter": 2,
            "eps": null,
            "eps_growth_year": null,
            "eps_4q": null,
            "eps_4q_growth_year": null,
            "roe": null,
            "roe_4q": 0,
            "gross_profit": null,
            "gross_margin": null,
            "gross_margin_4q_avg": 0,
            "net_income": null,
            "revenue": null,
            "common_shares": null,
            "book_valuer_per_share": null,
            "book_valuer_per_share_4q_avg": 0,
            "equity": null,
            "current_ratio": null,
            "debt_ratio": null,
            "inventory_turnover_ratio": null,
            "account_receivable_turnover_ratio": null,
            "reinvestment_rate": null,
            "research_to_sale_ratio": null,
            "price_fair": 0,
            "eps_avg_yearly": 0,
            "eps_latest_yearly": 0,
            "eps_growth_yearly": 0
        },
        "20123": {
            "year_quarter": 20123,
            "year": 2012,
            "quarter": 3,
            "eps": null,
            "eps_growth_year": null,
            "eps_4q": null,
            "eps_4q_growth_year": null,
            "roe": null,
            "roe_4q": 0,
            "gross_profit": null,
            "gross_margin": null,
            "gross_margin_4q_avg": 0,
            "net_income": null,
            "revenue": null,
            "common_shares": null,
            "book_valuer_per_share": null,
            "book_valuer_per_share_4q_avg": 0,
            "equity": null,
            "current_ratio": null,
            "debt_ratio": null,
            "inventory_turnover_ratio": null,
            "account_receivable_turnover_ratio": null,
            "reinvestment_rate": null,
            "research_to_sale_ratio": null,
            "price_fair": 0,
            "eps_avg_yearly": 0,
            "eps_latest_yearly": 0,
            "eps_growth_yearly": 0
        },
        "20124": {
            "year_quarter": 20124,
            "year": 2012,
            "quarter": 4,
            "eps": null,
            "eps_growth_year": null,
            "eps_4q": null,
            "eps_4q_growth_year": null,
            "roe": null,
            "roe_4q": 0,
            "gross_profit": null,
            "gross_margin": null,
            "gross_margin_4q_avg": 0,
            "net_income": null,
            "revenue": null,
            "common_shares": null,
            "book_valuer_per_share": null,
            "book_valuer_per_share_4q_avg": 0,
            "equity": null,
            "current_ratio": null,
            "debt_ratio": null,
            "inventory_turnover_ratio": null,
            "account_receivable_turnover_ratio": null,
            "reinvestment_rate": null,
            "research_to_sale_ratio": null,
            "price_fair": 0,
            "eps_avg_yearly": 0,
            "eps_latest_yearly": 0,
            "eps_growth_yearly": 0
        },
        "20131": {
            "year_quarter": 20131,
            "year": 2013,
            "quarter": 1,
            "eps": null,
            "eps_growth_year": null,
            "eps_4q": null,
            "eps_4q_growth_year": null,
            "roe": null,
            "roe_4q": 0,
            "gross_profit": null,
            "gross_margin": null,
            "gross_margin_4q_avg": 0,
            "net_income": null,
            "revenue": null,
            "common_shares": null,
            "book_valuer_per_share": null,
            "book_valuer_per_share_4q_avg": 0,
            "equity": null,
            "current_ratio": null,
            "debt_ratio": null,
            "inventory_turnover_ratio": null,
            "account_receivable_turnover_ratio": null,
            "reinvestment_rate": null,
            "research_to_sale_ratio": null,
            "price_fair": 0,
            "eps_avg_yearly": 0,
            "eps_latest_yearly": 0,
            "eps_growth_yearly": 0
        },
        "20132": {
            "year_quarter": 20132,
            "year": 2013,
            "quarter": 2,
            "eps": null,
            "eps_growth_year": null,
            "eps_4q": null,
            "eps_4q_growth_year": null,
            "roe": null,
            "roe_4q": 0,
            "gross_profit": null,
            "gross_margin": null,
            "gross_margin_4q_avg": 0,
            "net_income": null,
            "revenue": null,
            "common_shares": null,
            "book_valuer_per_share": null,
            "book_valuer_per_share_4q_avg": 0,
            "equity": null,
            "current_ratio": null,
            "debt_ratio": null,
            "inventory_turnover_ratio": null,
            "account_receivable_turnover_ratio": null,
            "reinvestment_rate": null,
            "research_to_sale_ratio": null,
            "price_fair": 0,
            "eps_avg_yearly": 0,
            "eps_latest_yearly": 0,
            "eps_growth_yearly": 0
        },
        "20133": {
            "year_quarter": 20133,
            "year": 2013,
            "quarter": 3,
            "eps": null,
            "eps_growth_year": null,
            "eps_4q": null,
            "eps_4q_growth_year": null,
            "roe": null,
            "roe_4q": 0,
            "gross_profit": null,
            "gross_margin": null,
            "gross_margin_4q_avg": 0,
            "net_income": null,
            "revenue": null,
            "common_shares": null,
            "book_valuer_per_share": null,
            "book_valuer_per_share_4q_avg": 0,
            "equity": null,
            "current_ratio": null,
            "debt_ratio": null,
            "inventory_turnover_ratio": null,
            "account_receivable_turnover_ratio": null,
            "reinvestment_rate": null,
            "research_to_sale_ratio": null,
            "price_fair": 0,
            "eps_avg_yearly": 0,
            "eps_latest_yearly": 0,
            "eps_growth_yearly": 0
        },
        "20134": {
            "year_quarter": 20134,
            "year": 2013,
            "quarter": 4,
            "eps": null,
            "eps_growth_year": null,
            "eps_4q": null,
            "eps_4q_growth_year": null,
            "roe": null,
            "roe_4q": 0,
            "gross_profit": null,
            "gross_margin": null,
            "gross_margin_4q_avg": 0,
            "net_income": null,
            "revenue": null,
            "common_shares": null,
            "book_valuer_per_share": null,
            "book_valuer_per_share_4q_avg": 0,
            "equity": null,
            "current_ratio": null,
            "debt_ratio": null,
            "inventory_turnover_ratio": null,
            "account_receivable_turnover_ratio": null,
            "reinvestment_rate": null,
            "research_to_sale_ratio": null,
            "price_fair": 0,
            "eps_avg_yearly": 0,
            "eps_latest_yearly": 0,
            "eps_growth_yearly": 0
        },
        "20141": {
            "year_quarter": 20141,
            "year": 2014,
            "quarter": 1,
            "eps": null,
            "eps_growth_year": null,
            "eps_4q": null,
            "eps_4q_growth_year": null,
            "roe": null,
            "roe_4q": 0,
            "gross_profit": null,
            "gross_margin": null,
            "gross_margin_4q_avg": 0,
            "net_income": null,
            "revenue": null,
            "common_shares": null,
            "book_valuer_per_share": null,
            "book_valuer_per_share_4q_avg": 0,
            "equity": null,
            "current_ratio": null,
            "debt_ratio": null,
            "inventory_turnover_ratio": null,
            "account_receivable_turnover_ratio": null,
            "reinvestment_rate": null,
            "research_to_sale_ratio": null,
            "price_fair": 0,
            "eps_avg_yearly": 0,
            "eps_latest_yearly": 0,
            "eps_growth_yearly": 0
        },
        "20142": {
            "year_quarter": 20142,
            "year": 2014,
            "quarter": 2,
            "eps": null,
            "eps_growth_year": null,
            "eps_4q": null,
            "eps_4q_growth_year": null,
            "roe": null,
            "roe_4q": 0,
            "gross_profit": null,
            "gross_margin": null,
            "gross_margin_4q_avg": 0,
            "net_income": null,
            "revenue": null,
            "common_shares": 499000,
            "book_valuer_per_share": null,
            "book_valuer_per_share_4q_avg": 0,
            "equity": 568777,
            "current_ratio": null,
            "debt_ratio": null,
            "inventory_turnover_ratio": null,
            "account_receivable_turnover_ratio": null,
            "reinvestment_rate": null,
            "research_to_sale_ratio": null,
            "price_fair": 0,
            "eps_avg_yearly": 0,
            "eps_latest_yearly": 0,
            "eps_growth_yearly": 0
        },
        "20143": {
            "year_quarter": 20143,
            "year": 2014,
            "quarter": 3,
            "eps": null,
            "eps_growth_year": null,
            "eps_4q": null,
            "eps_4q_growth_year": null,
            "roe": null,
            "roe_4q": 0,
            "gross_profit": null,
            "gross_margin": null,
            "gross_margin_4q_avg": 0,
            "net_income": null,
            "revenue": null,
            "common_shares": null,
            "book_valuer_per_share": null,
            "book_valuer_per_share_4q_avg": 0,
            "equity": null,
            "current_ratio": null,
            "debt_ratio": null,
            "inventory_turnover_ratio": null,
            "account_receivable_turnover_ratio": null,
            "reinvestment_rate": null,
            "research_to_sale_ratio": null,
            "price_fair": 0,
            "eps_avg_yearly": 0,
            "eps_latest_yearly": 0,
            "eps_growth_yearly": 0
        },
        "20144": {
            "year_quarter": 20144,
            "year": 2014,
            "quarter": 4,
            "eps": null,
            "eps_growth_year": null,
            "eps_4q": null,
            "eps_4q_growth_year": null,
            "roe": null,
            "roe_4q": 0,
            "gross_profit": null,
            "gross_margin": null,
            "gross_margin_4q_avg": 0,
            "net_income": null,
            "revenue": null,
            "common_shares": 541561,
            "book_valuer_per_share": null,
            "book_valuer_per_share_4q_avg": 0,
            "equity": 607543,
            "current_ratio": null,
            "debt_ratio": null,
            "inventory_turnover_ratio": null,
            "account_receivable_turnover_ratio": null,
            "reinvestment_rate": null,
            "research_to_sale_ratio": null,
            "price_fair": 0,
            "eps_avg_yearly": 0,
            "eps_latest_yearly": 0,
            "eps_growth_yearly": 0
        },
        "20151": {
            "year_quarter": 20151,
            "year": 2015,
            "quarter": 1,
            "eps": null,
            "eps_growth_year": null,
            "eps_4q": null,
            "eps_4q_growth_year": null,
            "roe": null,
            "roe_4q": 0,
            "gross_profit": 99726,
            "gross_margin": null,
            "gross_margin_4q_avg": 0,
            "net_income": 24195,
            "revenue": 258776,
            "common_shares": 541561,
            "book_valuer_per_share": null,
            "book_valuer_per_share_4q_avg": 0,
            "equity": 631742,
            "current_ratio": null,
            "debt_ratio": null,
            "inventory_turnover_ratio": null,
            "account_receivable_turnover_ratio": null,
            "reinvestment_rate": null,
            "research_to_sale_ratio": null,
            "price_fair": 0,
            "eps_avg_yearly": 0,
            "eps_latest_yearly": 0,
            "eps_growth_yearly": 0
        },
        "20152": {
            "year_quarter": 20152,
            "year": 2015,
            "quarter": 2,
            "eps": null,
            "eps_growth_year": null,
            "eps_4q": null,
            "eps_4q_growth_year": null,
            "roe": null,
            "roe_4q": 0,
            "gross_profit": 146070,
            "gross_margin": null,
            "gross_margin_4q_avg": 0,
            "net_income": 58007,
            "revenue": 476803,
            "common_shares": 541561,
            "book_valuer_per_share": 12.53,
            "book_valuer_per_share_4q_avg": 3.13,
            "equity": 678779,
            "current_ratio": 113.57,
            "debt_ratio": 60.65,
            "inventory_turnover_ratio": null,
            "account_receivable_turnover_ratio": null,
            "reinvestment_rate": null,
            "research_to_sale_ratio": null,
            "price_fair": 0,
            "eps_avg_yearly": 0,
            "eps_latest_yearly": 0,
            "eps_growth_yearly": 0
        },
        "20153": {
            "year_quarter": 20153,
            "year": 2015,
            "quarter": 3,
            "eps": null,
            "eps_growth_year": null,
            "eps_4q": null,
            "eps_4q_growth_year": null,
            "roe": null,
            "roe_4q": 0,
            "gross_profit": null,
            "gross_margin": null,
            "gross_margin_4q_avg": 0,
            "net_income": null,
            "revenue": null,
            "common_shares": null,
            "book_valuer_per_share": null,
            "book_valuer_per_share_4q_avg": 3.13,
            "equity": null,
            "current_ratio": null,
            "debt_ratio": null,
            "inventory_turnover_ratio": null,
            "account_receivable_turnover_ratio": null,
            "reinvestment_rate": null,
            "research_to_sale_ratio": null,
            "price_fair": 0,
            "eps_avg_yearly": 0,
            "eps_latest_yearly": 0,
            "eps_growth_yearly": 0
        },
        "20154": {
            "year_quarter": 20154,
            "year": 2015,
            "quarter": 4,
            "eps": null,
            "eps_growth_year": null,
            "eps_4q": null,
            "eps_4q_growth_year": null,
            "roe": null,
            "roe_4q": 0,
            "gross_profit": null,
            "gross_margin": null,
            "gross_margin_4q_avg": 0,
            "net_income": null,
            "revenue": null,
            "common_shares": 561561,
            "book_valuer_per_share": 22.84,
            "book_valuer_per_share_4q_avg": 8.84,
            "equity": 1282339,
            "current_ratio": 169.46,
            "debt_ratio": 46.42,
            "inventory_turnover_ratio": null,
            "account_receivable_turnover_ratio": null,
            "reinvestment_rate": null,
            "research_to_sale_ratio": null,
            "price_fair": 0,
            "eps_avg_yearly": 0,
            "eps_latest_yearly": 0,
            "eps_growth_yearly": 0
        },
        "20161": {
            "year_quarter": 20161,
            "year": 2016,
            "quarter": 1,
            "eps": 0.36,
            "eps_growth_year": null,
            "eps_4q": null,
            "eps_4q_growth_year": null,
            "roe": 1.58,
            "roe_4q": 1.58,
            "gross_profit": 131805,
            "gross_margin": 40.15,
            "gross_margin_4q_avg": 10.04,
            "net_income": 20450,
            "revenue": 328250,
            "common_shares": 561561,
            "book_valuer_per_share": 23.12,
            "book_valuer_per_share_4q_avg": 14.62,
            "equity": 1298411,
            "current_ratio": 161.4,
            "debt_ratio": 49.15,
            "inventory_turnover_ratio": 0.16,
            "account_receivable_turnover_ratio": 0.85,
            "reinvestment_rate": null,
            "research_to_sale_ratio": null,
            "price_fair": 0,
            "eps_avg_yearly": 0,
            "eps_latest_yearly": 0,
            "eps_growth_yearly": 0
        },
        "20162": {
            "year_quarter": 20162,
            "year": 2016,
            "quarter": 2,
            "eps": 5.47,
            "eps_growth_year": null,
            "eps_4q": null,
            "eps_4q_growth_year": null,
            "roe": 24.69,
            "roe_4q": 26.270000000000003,
            "gross_profit": 479943,
            "gross_margin": 38.59,
            "gross_margin_4q_avg": 19.69,
            "net_income": 363682,
            "revenue": 1243668,
            "common_shares": 664889,
            "book_valuer_per_share": 24.79,
            "book_valuer_per_share_4q_avg": 17.69,
            "equity": 1647962,
            "current_ratio": 180.27,
            "debt_ratio": 45.13,
            "inventory_turnover_ratio": 0.62,
            "account_receivable_turnover_ratio": 3.89,
            "reinvestment_rate": null,
            "research_to_sale_ratio": null,
            "price_fair": 765.8,
            "eps_avg_yearly": 21.88,
            "eps_latest_yearly": 21.88,
            "eps_growth_yearly": 5677.78
        },
        "20163": {
            "year_quarter": 20163,
            "year": 2016,
            "quarter": 3,
            "eps": null,
            "eps_growth_year": null,
            "eps_4q": null,
            "eps_4q_growth_year": null,
            "roe": null,
            "roe_4q": 26.270000000000003,
            "gross_profit": null,
            "gross_margin": null,
            "gross_margin_4q_avg": 19.69,
            "net_income": null,
            "revenue": null,
            "common_shares": null,
            "book_valuer_per_share": null,
            "book_valuer_per_share_4q_avg": 17.69,
            "equity": null,
            "current_ratio": null,
            "debt_ratio": null,
            "inventory_turnover_ratio": null,
            "account_receivable_turnover_ratio": null,
            "reinvestment_rate": null,
            "research_to_sale_ratio": null,
            "price_fair": 765.8,
            "eps_avg_yearly": 21.88,
            "eps_latest_yearly": 21.88,
            "eps_growth_yearly": 5677.78
        },
        "20164": {
            "year_quarter": 20164,
            "year": 2016,
            "quarter": 4,
            "eps": null,
            "eps_growth_year": null,
            "eps_4q": null,
            "eps_4q_growth_year": null,
            "roe": null,
            "roe_4q": 26.270000000000003,
            "gross_profit": null,
            "gross_margin": null,
            "gross_margin_4q_avg": 19.69,
            "net_income": null,
            "revenue": null,
            "common_shares": 666709,
            "book_valuer_per_share": 26.14,
            "book_valuer_per_share_4q_avg": 18.51,
            "equity": 1742807,
            "current_ratio": 154.2,
            "debt_ratio": 42.93,
            "inventory_turnover_ratio": null,
            "account_receivable_turnover_ratio": null,
            "reinvestment_rate": null,
            "research_to_sale_ratio": null,
            "price_fair": 765.8,
            "eps_avg_yearly": 21.88,
            "eps_latest_yearly": 21.88,
            "eps_growth_yearly": 5677.78
        },
        "20171": {
            "year_quarter": 20171,
            "year": 2017,
            "quarter": 1,
            "eps": null,
            "eps_growth_year": null,
            "eps_4q": null,
            "eps_4q_growth_year": null,
            "roe": null,
            "roe_4q": 24.69,
            "gross_profit": null,
            "gross_margin": null,
            "gross_margin_4q_avg": 9.65,
            "net_income": null,
            "revenue": null,
            "common_shares": null,
            "book_valuer_per_share": null,
            "book_valuer_per_share_4q_avg": 12.73,
            "equity": null,
            "current_ratio": null,
            "debt_ratio": null,
            "inventory_turnover_ratio": null,
            "account_receivable_turnover_ratio": null,
            "reinvestment_rate": null,
            "research_to_sale_ratio": null,
            "price_fair": 765.8,
            "eps_avg_yearly": 21.88,
            "eps_latest_yearly": 21.88,
            "eps_growth_yearly": 5677.78
        },
        "20172": {
            "year_quarter": 20172,
            "year": 2017,
            "quarter": 2,
            "eps": 2.41,
            "eps_growth_year": -55.94,
            "eps_4q": null,
            "eps_4q_growth_year": null,
            "roe": 11.17,
            "roe_4q": 11.17,
            "gross_profit": 402005,
            "gross_margin": 37.04,
            "gross_margin_4q_avg": 9.26,
            "net_income": 202047,
            "revenue": 1085249,
            "common_shares": 666829,
            "book_valuer_per_share": 27.13,
            "book_valuer_per_share_4q_avg": 13.32,
            "equity": 1808986,
            "current_ratio": 145.18,
            "debt_ratio": 51.12,
            "inventory_turnover_ratio": 0.32,
            "account_receivable_turnover_ratio": 5.01,
            "reinvestment_rate": null,
            "research_to_sale_ratio": null,
            "price_fair": 765.8,
            "eps_avg_yearly": 21.88,
            "eps_latest_yearly": 21.88,
            "eps_growth_yearly": 5677.78
        },
        "20173": {
            "year_quarter": 20173,
            "year": 2017,
            "quarter": 3,
            "eps": 0.43,
            "eps_growth_year": null,
            "eps_4q": null,
            "eps_4q_growth_year": null,
            "roe": 2,
            "roe_4q": 13.17,
            "gross_profit": 144025,
            "gross_margin": 21.97,
            "gross_margin_4q_avg": 14.75,
            "net_income": 36520,
            "revenue": 655518,
            "common_shares": 840173,
            "book_valuer_per_share": 21.99,
            "book_valuer_per_share_4q_avg": 18.82,
            "equity": 1847595,
            "current_ratio": 143.09,
            "debt_ratio": 52.26,
            "inventory_turnover_ratio": 0.23,
            "account_receivable_turnover_ratio": 6.01,
            "reinvestment_rate": null,
            "research_to_sale_ratio": null,
            "price_fair": 413,
            "eps_avg_yearly": 11.8,
            "eps_latest_yearly": 1.72,
            "eps_growth_yearly": 2674.57
        },
        "20174": {
            "year_quarter": 20174,
            "year": 2017,
            "quarter": 4,
            "eps": 1.13,
            "eps_growth_year": null,
            "eps_4q": null,
            "eps_4q_growth_year": null,
            "roe": 4.61,
            "roe_4q": 17.78,
            "gross_profit": 422396,
            "gross_margin": 35.32,
            "gross_margin_4q_avg": 23.58,
            "net_income": 106611,
            "revenue": 1195801,
            "common_shares": 945673,
            "book_valuer_per_share": 29.32,
            "book_valuer_per_share_4q_avg": 19.61,
            "equity": 2773030,
            "current_ratio": 207.83,
            "debt_ratio": 38.3,
            "inventory_turnover_ratio": 0.33,
            "account_receivable_turnover_ratio": 4.06,
            "reinvestment_rate": null,
            "research_to_sale_ratio": null,
            "price_fair": 328.07,
            "eps_avg_yearly": 9.37,
            "eps_latest_yearly": 4.52,
            "eps_growth_yearly": 2000.1
        },
        "20181": {
            "year_quarter": 20181,
            "year": 2018,
            "quarter": 1,
            "eps": -0.57,
            "eps_growth_year": null,
            "eps_4q": 3.08,
            "eps_4q_growth_year": null,
            "roe": -1.95,
            "roe_4q": 15.83,
            "gross_profit": 143170,
            "gross_margin": 22.82,
            "gross_margin_4q_avg": 29.29,
            "net_income": -53512,
            "revenue": 627371,
            "common_shares": 945673,
            "book_valuer_per_share": 28.62,
            "book_valuer_per_share_4q_avg": 26.77,
            "equity": 2706577,
            "current_ratio": 189.26,
            "debt_ratio": 41.68,
            "inventory_turnover_ratio": 0.19,
            "account_receivable_turnover_ratio": 2.1,
            "reinvestment_rate": null,
            "research_to_sale_ratio": null,
            "price_fair": 328.07,
            "eps_avg_yearly": 9.37,
            "eps_latest_yearly": 4.52,
            "eps_growth_yearly": 2000.1
        },
        "20182": {
            "year_quarter": 20182,
            "year": 2018,
            "quarter": 2,
            "eps": 1.92,
            "eps_growth_year": -20.33,
            "eps_4q": 2.9,
            "eps_4q_growth_year": null,
            "roe": 6.77,
            "roe_4q": 11.43,
            "gross_profit": 318567,
            "gross_margin": 33.73,
            "gross_margin_4q_avg": 28.46,
            "net_income": 179888,
            "revenue": 944381,
            "common_shares": 948773,
            "book_valuer_per_share": 28.09,
            "book_valuer_per_share_4q_avg": 27.01,
            "equity": 2609298,
            "current_ratio": 172.54,
            "debt_ratio": 46.13,
            "inventory_turnover_ratio": 0.22,
            "account_receivable_turnover_ratio": 5.04,
            "reinvestment_rate": null,
            "research_to_sale_ratio": null,
            "price_fair": 328.07,
            "eps_avg_yearly": 9.37,
            "eps_latest_yearly": 4.52,
            "eps_growth_yearly": 2000.1
        },
        "20183": {
            "year_quarter": 20183,
            "year": 2018,
            "quarter": 3,
            "eps": -1.63,
            "eps_growth_year": -479.07,
            "eps_4q": 0.85,
            "eps_4q_growth_year": null,
            "roe": -6.08,
            "roe_4q": 3.3499999999999996,
            "gross_profit": 34696,
            "gross_margin": 14.57,
            "gross_margin_4q_avg": 26.61,
            "net_income": -153885,
            "revenue": 238094,
            "common_shares": 930623,
            "book_valuer_per_share": 26.34,
            "book_valuer_per_share_4q_avg": 28.09,
            "equity": 2451062,
            "current_ratio": 152.32,
            "debt_ratio": 52.97,
            "inventory_turnover_ratio": 0.06,
            "account_receivable_turnover_ratio": 1.27,
            "reinvestment_rate": null,
            "research_to_sale_ratio": null,
            "price_fair": 328.07,
            "eps_avg_yearly": 9.37,
            "eps_latest_yearly": 4.52,
            "eps_growth_yearly": 2000.1
        },
        "20184": {
            "year_quarter": 20184,
            "year": 2018,
            "quarter": 4,
            "eps": 4.21,
            "eps_growth_year": 273.64,
            "eps_4q": 3.91,
            "eps_4q_growth_year": null,
            "roe": 14.71,
            "roe_4q": 13.450000000000001,
            "gross_profit": 607185,
            "gross_margin": 28.25,
            "gross_margin_4q_avg": 24.84,
            "net_income": 386292,
            "revenue": 2149641,
            "common_shares": 930623,
            "book_valuer_per_share": 30.56,
            "book_valuer_per_share_4q_avg": 28.4,
            "equity": 2802328,
            "current_ratio": 265.38,
            "debt_ratio": 52.44,
            "inventory_turnover_ratio": 0.5,
            "account_receivable_turnover_ratio": 6.86,
            "reinvestment_rate": null,
            "research_to_sale_ratio": null,
            "price_fair": 328.07,
            "eps_avg_yearly": 9.37,
            "eps_latest_yearly": 4.52,
            "eps_growth_yearly": 2000.1
        },
        "20191": {
            "year_quarter": 20191,
            "year": 2019,
            "quarter": 1,
            "eps": -2.96,
            "eps_growth_year": null,
            "eps_4q": 1.59,
            "eps_4q_growth_year": -48.46,
            "roe": -10.08,
            "roe_4q": 5.32,
            "gross_profit": -12500,
            "gross_margin": -4.97,
            "gross_margin_4q_avg": 17.9,
            "net_income": -267700,
            "revenue": 251539,
            "common_shares": 930453,
            "book_valuer_per_share": 27.61,
            "book_valuer_per_share_4q_avg": 28.15,
            "equity": 2510546,
            "current_ratio": 213.49,
            "debt_ratio": 61,
            "inventory_turnover_ratio": 0.09,
            "account_receivable_turnover_ratio": 0.65,
            "reinvestment_rate": null,
            "research_to_sale_ratio": null,
            "price_fair": 328.07,
            "eps_avg_yearly": 9.37,
            "eps_latest_yearly": 4.52,
            "eps_growth_yearly": 2000.1
        },
        "20192": {
            "year_quarter": 20192,
            "year": 2019,
            "quarter": 2,
            "eps": 3.23,
            "eps_growth_year": 68.23,
            "eps_4q": 2.88,
            "eps_4q_growth_year": -0.72,
            "roe": 11.53,
            "roe_4q": 10.08,
            "gross_profit": 481223,
            "gross_margin": 28.01,
            "gross_margin_4q_avg": 16.47,
            "net_income": 297194,
            "revenue": 1717841,
            "common_shares": 909083,
            "book_valuer_per_share": 29.08,
            "book_valuer_per_share_4q_avg": 28.4,
            "equity": 2643479,
            "current_ratio": 252.37,
            "debt_ratio": 59.84,
            "inventory_turnover_ratio": 0.42,
            "account_receivable_turnover_ratio": 2.98,
            "reinvestment_rate": null,
            "research_to_sale_ratio": null,
            "price_fair": 328.07,
            "eps_avg_yearly": 9.37,
            "eps_latest_yearly": 4.52,
            "eps_growth_yearly": 2000.1
        },
        "20193": {
            "year_quarter": 20193,
            "year": 2019,
            "quarter": 3,
            "eps": -1.76,
            "eps_growth_year": null,
            "eps_4q": 2.82,
            "eps_4q_growth_year": 231.35,
            "roe": -6.23,
            "roe_4q": 9.93,
            "gross_profit": 5468,
            "gross_margin": 1.96,
            "gross_margin_4q_avg": 13.31,
            "net_income": -159723,
            "revenue": 278831,
            "common_shares": 909083,
            "book_valuer_per_share": 27.35,
            "book_valuer_per_share_4q_avg": 28.65,
            "equity": 2486557,
            "current_ratio": 217.67,
            "debt_ratio": 64.26,
            "inventory_turnover_ratio": 0.09,
            "account_receivable_turnover_ratio": 0.54,
            "reinvestment_rate": null,
            "research_to_sale_ratio": null,
            "price_fair": 328.07,
            "eps_avg_yearly": 9.37,
            "eps_latest_yearly": 4.52,
            "eps_growth_yearly": 2000.1
        },
        "20194": {
            "year_quarter": 20194,
            "year": 2019,
            "quarter": 4,
            "eps": 1.94,
            "eps_growth_year": -53.94,
            "eps_4q": 0.51,
            "eps_4q_growth_year": -87.03,
            "roe": 6.94,
            "roe_4q": 2.1599999999999984,
            "gross_profit": 500636,
            "gross_margin": 34.72,
            "gross_margin_4q_avg": 14.93,
            "net_income": 176346,
            "revenue": 1441904,
            "common_shares": 908933,
            "book_valuer_per_share": 28.58,
            "book_valuer_per_share_4q_avg": 28.16,
            "equity": 2597974,
            "current_ratio": 217.54,
            "debt_ratio": 58.51,
            "inventory_turnover_ratio": 0.28,
            "account_receivable_turnover_ratio": 6.24,
            "reinvestment_rate": null,
            "research_to_sale_ratio": null,
            "price_fair": 328.07,
            "eps_avg_yearly": 9.37,
            "eps_latest_yearly": 4.52,
            "eps_growth_yearly": 2000.1
        },
        "20201": {
            "year_quarter": 20201,
            "year": 2020,
            "quarter": 1,
            "eps": -0.49,
            "eps_growth_year": null,
            "eps_4q": 2.97,
            "eps_4q_growth_year": 86.65,
            "roe": -1.71,
            "roe_4q": 10.53,
            "gross_profit": 157197,
            "gross_margin": 32.68,
            "gross_margin_4q_avg": 24.34,
            "net_income": -44139,
            "revenue": 481052,
            "common_shares": 908863,
            "book_valuer_per_share": 28.31,
            "book_valuer_per_share_4q_avg": 28.33,
            "equity": 2572993,
            "current_ratio": 192.89,
            "debt_ratio": 61.73,
            "inventory_turnover_ratio": 0.1,
            "account_receivable_turnover_ratio": 2.18,
            "reinvestment_rate": null,
            "research_to_sale_ratio": null,
            "price_fair": 328.07,
            "eps_avg_yearly": 9.37,
            "eps_latest_yearly": 4.52,
            "eps_growth_yearly": 2000.1
        },
        "20202": {
            "year_quarter": 20202,
            "year": 2020,
            "quarter": 2,
            "eps": 2.98,
            "eps_growth_year": -7.74,
            "eps_4q": 2.67,
            "eps_4q_growth_year": -7.29,
            "roe": 10.15,
            "roe_4q": 9.150000000000002,
            "gross_profit": 538067,
            "gross_margin": 34.28,
            "gross_margin_4q_avg": 25.91,
            "net_income": 270241,
            "revenue": 1569405,
            "common_shares": 908863,
            "book_valuer_per_share": 30.28,
            "book_valuer_per_share_4q_avg": 28.63,
            "equity": 2751651,
            "current_ratio": 184.63,
            "debt_ratio": 61.21,
            "inventory_turnover_ratio": 0.31,
            "account_receivable_turnover_ratio": 3.47,
            "reinvestment_rate": null,
            "research_to_sale_ratio": null,
            "price_fair": 109.2,
            "eps_avg_yearly": 3.12,
            "eps_latest_yearly": 4.52,
            "eps_growth_yearly": 161.27
        },
        "20203": {
            "year_quarter": 20203,
            "year": 2020,
            "quarter": 3,
            "eps": -3.27,
            "eps_growth_year": null,
            "eps_4q": 1.19,
            "eps_4q_growth_year": -57.77,
            "roe": -11.55,
            "roe_4q": 3.83,
            "gross_profit": -101163,
            "gross_margin": -11.79,
            "gross_margin_4q_avg": 22.47,
            "net_income": -295627,
            "revenue": 858179,
            "common_shares": 908863,
            "book_valuer_per_share": 26.38,
            "book_valuer_per_share_4q_avg": 28.39,
            "equity": 2369314,
            "current_ratio": 164.72,
            "debt_ratio": 67.01,
            "inventory_turnover_ratio": 0.31,
            "account_receivable_turnover_ratio": 1.19,
            "reinvestment_rate": null,
            "research_to_sale_ratio": null,
            "price_fair": 109.2,
            "eps_avg_yearly": 3.12,
            "eps_latest_yearly": 4.52,
            "eps_growth_yearly": 161.27
        },
        "20204": {
            "year_quarter": 20204,
            "year": 2020,
            "quarter": 4,
            "eps": 1.82,
            "eps_growth_year": -6.06,
            "eps_4q": 1.05,
            "eps_4q_growth_year": 106.91,
            "roe": 6.75,
            "roe_4q": 3.6399999999999997,
            "gross_profit": 407221,
            "gross_margin": 30.94,
            "gross_margin_4q_avg": 21.53,
            "net_income": 163978,
            "revenue": 1316138,
            "common_shares": 908863,
            "book_valuer_per_share": 27.69,
            "book_valuer_per_share_4q_avg": 28.17,
            "equity": 2491596,
            "current_ratio": 171.61,
            "debt_ratio": 63.41,
            "inventory_turnover_ratio": 0.31,
            "account_receivable_turnover_ratio": 1.58,
            "reinvestment_rate": null,
            "research_to_sale_ratio": null,
            "price_fair": 109.2,
            "eps_avg_yearly": 3.12,
            "eps_latest_yearly": 4.52,
            "eps_growth_yearly": 161.27
        },
        "20211": {
            "year_quarter": 20211,
            "year": 2021,
            "quarter": 1,
            "eps": 0.1,
            "eps_growth_year": null,
            "eps_4q": 1.64,
            "eps_4q_growth_year": -44.61,
            "roe": 0.37,
            "roe_4q": 5.72,
            "gross_profit": 146988,
            "gross_margin": 21.49,
            "gross_margin_4q_avg": 18.73,
            "net_income": 9275,
            "revenue": 683912,
            "common_shares": 908863,
            "book_valuer_per_share": 27.85,
            "book_valuer_per_share_4q_avg": 28.05,
            "equity": 2505707,
            "current_ratio": 169.21,
            "debt_ratio": 63.77,
            "inventory_turnover_ratio": 0.19,
            "account_receivable_turnover_ratio": 0.96,
            "reinvestment_rate": 159.98,
            "research_to_sale_ratio": null,
            "price_fair": 6.64,
            "eps_avg_yearly": 2.21,
            "eps_latest_yearly": 0.4,
            "eps_growth_yearly": -18.5
        },
        "20212": {
            "year_quarter": 20212,
            "year": 2021,
            "quarter": 2,
            "eps": 4.48,
            "eps_growth_year": 50.34,
            "eps_4q": 3.12,
            "eps_4q_growth_year": 16.68,
            "roe": 15.27,
            "roe_4q": 10.84,
            "gross_profit": 628452,
            "gross_margin": 37.19,
            "gross_margin_4q_avg": 19.46,
            "net_income": 402743,
            "revenue": 1689977,
            "common_shares": 908863,
            "book_valuer_per_share": 30.76,
            "book_valuer_per_share_4q_avg": 28.17,
            "equity": 2767551,
            "current_ratio": 166.26,
            "debt_ratio": 61.79,
            "inventory_turnover_ratio": 0.39,
            "account_receivable_turnover_ratio": 2.33,
            "reinvestment_rate": 62.49,
            "research_to_sale_ratio": null,
            "price_fair": 214.9,
            "eps_avg_yearly": 6.14,
            "eps_latest_yearly": 17.92,
            "eps_growth_yearly": 4366.13
        },
        "20213": {
            "year_quarter": 20213,
            "year": 2021,
            "quarter": 3,
            "eps": 2.02,
            "eps_growth_year": null,
            "eps_4q": 8.59,
            "eps_4q_growth_year": 622.08,
            "roe": 6.47,
            "roe_4q": 28.86,
            "gross_profit": 398506,
            "gross_margin": 38.08,
            "gross_margin_4q_avg": 31.93,
            "net_income": 179441,
            "revenue": 1046561,
            "common_shares": 908863,
            "book_valuer_per_share": 31.62,
            "book_valuer_per_share_4q_avg": 29.48,
            "equity": 2781478,
            "current_ratio": 173.46,
            "debt_ratio": 60.11,
            "inventory_turnover_ratio": 0.25,
            "account_receivable_turnover_ratio": 1.17,
            "reinvestment_rate": 56.86,
            "research_to_sale_ratio": null,
            "price_fair": 270.55,
            "eps_avg_yearly": 7.73,
            "eps_latest_yearly": 8.08,
            "eps_growth_yearly": 4393.37
        },
        "20214": {
            "year_quarter": 20214,
            "year": 2021,
            "quarter": 4,
            "eps": 2.99,
            "eps_growth_year": 64.19,
            "eps_4q": 9.72,
            "eps_4q_growth_year": 825.47,
            "roe": 9.06,
            "roe_4q": 31.17,
            "gross_profit": 425109,
            "gross_margin": 37.49,
            "gross_margin_4q_avg": 33.56,
            "net_income": 263244,
            "revenue": 1133807,
            "common_shares": 888863,
            "book_valuer_per_share": 34.41,
            "book_valuer_per_share_4q_avg": 31.16,
            "equity": 3027381,
            "current_ratio": 179.43,
            "debt_ratio": 55.85,
            "inventory_turnover_ratio": 0.26,
            "account_receivable_turnover_ratio": 1.82,
            "reinvestment_rate": 51.38,
            "research_to_sale_ratio": null,
            "price_fair": 335.65,
            "eps_avg_yearly": 9.59,
            "eps_latest_yearly": 11.96,
            "eps_growth_yearly": 4278.6
        },
        "20221": {
            "year_quarter": 20221,
            "year": 2022,
            "quarter": 1,
            "eps": 4.4,
            "eps_growth_year": 4300,
            "eps_4q": 14.01,
            "eps_4q_growth_year": 752.66,
            "roe": 11.85,
            "roe_4q": 42.65,
            "gross_profit": 536937,
            "gross_margin": 41.11,
            "gross_margin_4q_avg": 38.47,
            "net_income": 387345,
            "revenue": 1306095,
            "common_shares": 888863,
            "book_valuer_per_share": 39.91,
            "book_valuer_per_share_4q_avg": 34.18,
            "equity": 3511379,
            "current_ratio": 190.85,
            "debt_ratio": 53.38,
            "inventory_turnover_ratio": 0.27,
            "account_receivable_turnover_ratio": 1.86,
            "reinvestment_rate": 38.11,
            "research_to_sale_ratio": null,
            "price_fair": 391.72,
            "eps_avg_yearly": 11.19,
            "eps_latest_yearly": 17.6,
            "eps_growth_yearly": 3460.61
        },
        "20222": {
            "year_quarter": 20222,
            "year": 2022,
            "quarter": 2,
            "eps": 6.15,
            "eps_growth_year": 37.28,
            "eps_4q": 15.58,
            "eps_4q_growth_year": 400.07,
            "roe": 14.91,
            "roe_4q": 42.29,
            "gross_profit": 727528,
            "gross_margin": 44.94,
            "gross_margin_4q_avg": 40.41,
            "net_income": 540858,
            "revenue": 1618799,
            "common_shares": 888863,
            "book_valuer_per_share": 42.56,
            "book_valuer_per_share_4q_avg": 37.13,
            "equity": 3744217,
            "current_ratio": 169.46,
            "debt_ratio": 56.51,
            "inventory_turnover_ratio": 0.3,
            "account_receivable_turnover_ratio": 1.61,
            "reinvestment_rate": 28.96,
            "research_to_sale_ratio": null,
            "price_fair": 469.93,
            "eps_avg_yearly": 13.43,
            "eps_latest_yearly": 24.6,
            "eps_growth_yearly": 2910.36
        },
        "20223": {
            "year_quarter": 20223,
            "year": 2022,
            "quarter": 3,
            "eps": 4.72,
            "eps_growth_year": 133.66,
            "eps_4q": 18.27,
            "eps_4q_growth_year": 112.71,
            "roe": 10.16,
            "roe_4q": 45.980000000000004,
            "gross_profit": 577674,
            "gross_margin": 47.09,
            "gross_margin_4q_avg": 42.66,
            "net_income": 415408,
            "revenue": 1226731,
            "common_shares": 888863,
            "book_valuer_per_share": 50.36,
            "book_valuer_per_share_4q_avg": 41.81,
            "equity": 4430100,
            "current_ratio": 208.89,
            "debt_ratio": 47.78,
            "inventory_turnover_ratio": 0.21,
            "account_receivable_turnover_ratio": 1.19,
            "reinvestment_rate": 22.17,
            "research_to_sale_ratio": null,
            "price_fair": 497.2,
            "eps_avg_yearly": 14.21,
            "eps_latest_yearly": 18.88,
            "eps_growth_yearly": 2481.3
        },
        "20224": {
            "year_quarter": 20224,
            "year": 2022,
            "quarter": 4,
            "eps": 4.66,
            "eps_growth_year": 55.62,
            "eps_4q": 19.93,
            "eps_4q_growth_year": 105.13,
            "roe": 8.99,
            "roe_4q": 45.910000000000004,
            "gross_profit": 681978,
            "gross_margin": 48.58,
            "gross_margin_4q_avg": 45.43,
            "net_income": 409667,
            "revenue": 1403827,
            "common_shares": 888863,
            "book_valuer_per_share": 53.21,
            "book_valuer_per_share_4q_avg": 46.51,
            "equity": 4680861,
            "current_ratio": 341.08,
            "debt_ratio": 48.27,
            "inventory_turnover_ratio": 0.22,
            "account_receivable_turnover_ratio": 1.84,
            "reinvestment_rate": 8.56,
            "research_to_sale_ratio": null,
            "price_fair": 516.6,
            "eps_avg_yearly": 14.76,
            "eps_latest_yearly": 18.64,
            "eps_growth_yearly": 2170.51
        },
        "20231": {
            "year_quarter": 20231,
            "year": 2023,
            "quarter": 1,
            "eps": 7,
            "eps_growth_year": 59.09,
            "eps_4q": 22.53,
            "eps_4q_growth_year": 60.75,
            "roe": 12.39,
            "roe_4q": 46.45,
            "gross_profit": 815507,
            "gross_margin": 51.39,
            "gross_margin_4q_avg": 48,
            "net_income": 615781,
            "revenue": 1586836,
            "common_shares": 888863,
            "book_valuer_per_share": 59.79,
            "book_valuer_per_share_4q_avg": 51.48,
            "equity": 5259568,
            "current_ratio": 329.71,
            "debt_ratio": 47.35,
            "inventory_turnover_ratio": 0.22,
            "account_receivable_turnover_ratio": 1.58,
            "reinvestment_rate": 5.18,
            "research_to_sale_ratio": null,
            "price_fair": 568.09,
            "eps_avg_yearly": 16.23,
            "eps_latest_yearly": 28,
            "eps_growth_yearly": 1951.66
        },
        "20232": {
            "year_quarter": 20232,
            "year": 2023,
            "quarter": 2,
            "eps": 5.68,
            "eps_growth_year": -7.64,
            "eps_4q": 22.06,
            "eps_4q_growth_year": 41.56,
            "roe": 9.74,
            "roe_4q": 41.28,
            "gross_profit": 694201,
            "gross_margin": 47.8,
            "gross_margin_4q_avg": 48.72,
            "net_income": 499718,
            "revenue": 1452152,
            "common_shares": 888863,
            "book_valuer_per_share": 56.82,
            "book_valuer_per_share_4q_avg": 55.05,
            "equity": 4998973,
            "current_ratio": 257.09,
            "debt_ratio": 53.81,
            "inventory_turnover_ratio": 0.2,
            "account_receivable_turnover_ratio": 1.27,
            "reinvestment_rate": 4.64,
            "research_to_sale_ratio": null,
            "price_fair": 590.8,
            "eps_avg_yearly": 16.88,
            "eps_latest_yearly": 22.72,
            "eps_growth_yearly": 1748.95
        }
    },
    "months": {
        "2015-09": {
            "month": "2015-09",
            "price": "210.52",
            "revenue": 43229
        },
        "2015-10": {
            "month": "2015-10",
            "price": "210.18",
            "revenue": 11228
        },
        "2015-11": {
            "month": "2015-11",
            "price": "208.71",
            "revenue": 294844
        },
        "2015-12": {
            "month": "2015-12",
            "price": "207.66",
            "revenue": 484377
        },
        "2016-02": {
            "month": "2016-02",
            "price": "207.83",
            "revenue": 28995
        },
        "2016-03": {
            "month": "2016-03",
            "price": "207.58",
            "revenue": 276115
        },
        "2016-04": {
            "month": "2016-04",
            "price": "208.59",
            "revenue": 92532
        },
        "2016-05": {
            "month": "2016-05",
            "price": "202.92",
            "revenue": 12728
        },
        "2016-06": {
            "month": "2016-06",
            "price": "174.53",
            "revenue": 1138408
        },
        "2016-07": {
            "month": "2016-07",
            "price": "174.96",
            "revenue": 26707
        },
        "2016-08": {
            "month": "2016-08",
            "price": "160.24",
            "revenue": 95347
        },
        "2016-09": {
            "month": "2016-09",
            "price": "151.64",
            "revenue": 24495
        },
        "2016-10": {
            "month": "2016-10",
            "price": "148.04",
            "revenue": 269718
        },
        "2016-11": {
            "month": "2016-11",
            "price": "140.12",
            "revenue": 19160
        },
        "2016-12": {
            "month": "2016-12",
            "price": "131.96",
            "revenue": 800706
        },
        "2017-01": {
            "month": "2017-01",
            "price": "132.55",
            "revenue": 23872
        },
        "2017-02": {
            "month": "2017-02",
            "price": "132.60",
            "revenue": 279215
        },
        "2017-03": {
            "month": "2017-03",
            "price": "136.05",
            "revenue": 383338
        },
        "2017-04": {
            "month": "2017-04",
            "price": "142.49",
            "revenue": 361324
        },
        "2017-05": {
            "month": "2017-05",
            "price": "139.33",
            "revenue": 28158
        },
        "2017-06": {
            "month": "2017-06",
            "price": "136.16",
            "revenue": 695767
        },
        "2017-07": {
            "month": "2017-07",
            "price": "112.38",
            "revenue": 95297
        },
        "2017-08": {
            "month": "2017-08",
            "price": "98.15",
            "revenue": 212956
        },
        "2017-09": {
            "month": "2017-09",
            "price": "98.31",
            "revenue": 347265
        },
        "2017-10": {
            "month": "2017-10",
            "price": "102.62",
            "revenue": 105932
        },
        "2017-11": {
            "month": "2017-11",
            "price": "98.61",
            "revenue": 538178
        },
        "2017-12": {
            "month": "2017-12",
            "price": "83.10",
            "revenue": 551693
        },
        "2018-01": {
            "month": "2018-01",
            "price": "75.22",
            "revenue": 97031
        },
        "2018-02": {
            "month": "2018-02",
            "price": "66.88",
            "revenue": 53365
        },
        "2018-03": {
            "month": "2018-03",
            "price": "62.76",
            "revenue": 476975
        },
        "2018-04": {
            "month": "2018-04",
            "price": "55.69",
            "revenue": 65957
        },
        "2018-05": {
            "month": "2018-05",
            "price": "57.67",
            "revenue": 473131
        },
        "2018-06": {
            "month": "2018-06",
            "price": "63.53",
            "revenue": 405292
        },
        "2018-07": {
            "month": "2018-07",
            "price": "54.88",
            "revenue": 63301
        },
        "2018-08": {
            "month": "2018-08",
            "price": "49.84",
            "revenue": 45663
        },
        "2018-09": {
            "month": "2018-09",
            "price": "43.59",
            "revenue": 128973
        },
        "2018-10": {
            "month": "2018-10",
            "price": "36.88",
            "revenue": 390714
        },
        "2018-11": {
            "month": "2018-11",
            "price": "34.70",
            "revenue": 751035
        },
        "2018-12": {
            "month": "2018-12",
            "price": "41.55",
            "revenue": 1003947
        },
        "2019-01": {
            "month": "2019-01",
            "price": "43.45",
            "revenue": 16609
        },
        "2019-02": {
            "month": "2019-02",
            "price": "42.09",
            "revenue": 17017
        },
        "2019-03": {
            "month": "2019-03",
            "price": "41.79",
            "revenue": 217913
        },
        "2019-04": {
            "month": "2019-04",
            "price": "41.67",
            "revenue": 148040
        },
        "2019-05": {
            "month": "2019-05",
            "price": "39.81",
            "revenue": 220004
        },
        "2019-06": {
            "month": "2019-06",
            "price": "40.59",
            "revenue": 1349797
        },
        "2019-07": {
            "month": "2019-07",
            "price": "47.02",
            "revenue": 28531
        },
        "2019-08": {
            "month": "2019-08",
            "price": "44.63",
            "revenue": 213141
        },
        "2019-09": {
            "month": "2019-09",
            "price": "47.66",
            "revenue": 37159
        },
        "2019-10": {
            "month": "2019-10",
            "price": "46.82",
            "revenue": 71758
        },
        "2019-11": {
            "month": "2019-11",
            "price": "44.87",
            "revenue": 295436
        },
        "2019-12": {
            "month": "2019-12",
            "price": "44.52",
            "revenue": 1074710
        },
        "2020-01": {
            "month": "2020-01",
            "price": "43.86",
            "revenue": 79707
        },
        "2020-02": {
            "month": "2020-02",
            "price": "41.33",
            "revenue": 45500
        },
        "2020-03": {
            "month": "2020-03",
            "price": "32.20",
            "revenue": 355846
        },
        "2020-04": {
            "month": "2020-04",
            "price": "30.45",
            "revenue": 328192
        },
        "2020-05": {
            "month": "2020-05",
            "price": "35.32",
            "revenue": 253753
        },
        "2020-06": {
            "month": "2020-06",
            "price": "37.95",
            "revenue": 987459
        },
        "2020-07": {
            "month": "2020-07",
            "price": "39.43",
            "revenue": 187855
        },
        "2020-08": {
            "month": "2020-08",
            "price": "46.46",
            "revenue": 444701
        },
        "2020-09": {
            "month": "2020-09",
            "price": "62.60",
            "revenue": 225623
        },
        "2020-10": {
            "month": "2020-10",
            "price": "58.64",
            "revenue": 278795
        },
        "2020-11": {
            "month": "2020-11",
            "price": "60.42",
            "revenue": 102912
        },
        "2020-12": {
            "month": "2020-12",
            "price": "60.24",
            "revenue": 934431
        },
        "2021-01": {
            "month": "2021-01",
            "price": "47.08",
            "revenue": 79033
        },
        "2021-02": {
            "month": "2021-02",
            "price": "42.52",
            "revenue": 171532
        },
        "2021-03": {
            "month": "2021-03",
            "price": "49.05",
            "revenue": 433347
        },
        "2021-04": {
            "month": "2021-04",
            "price": "57.80",
            "revenue": 374656
        },
        "2021-05": {
            "month": "2021-05",
            "price": "51.18",
            "revenue": 299083
        },
        "2021-06": {
            "month": "2021-06",
            "price": "58.82",
            "revenue": 1016238
        },
        "2021-07": {
            "month": "2021-07",
            "price": "69.44",
            "revenue": 248745
        },
        "2021-08": {
            "month": "2021-08",
            "price": "86.22",
            "revenue": 506087
        },
        "2021-09": {
            "month": "2021-09",
            "price": "82.84",
            "revenue": 291729
        },
        "2021-10": {
            "month": "2021-10",
            "price": "78.20",
            "revenue": 308586
        },
        "2021-11": {
            "month": "2021-11",
            "price": "95.01",
            "revenue": 338271
        },
        "2021-12": {
            "month": "2021-12",
            "price": "146.39",
            "revenue": 486950
        },
        "2022-01": {
            "month": "2022-01",
            "price": "135.06",
            "revenue": 289185
        },
        "2022-02": {
            "month": "2022-02",
            "price": "139.50",
            "revenue": 310809
        },
        "2022-03": {
            "month": "2022-03",
            "price": "147.26",
            "revenue": 706101
        },
        "2022-04": {
            "month": "2022-04",
            "price": "157.74",
            "revenue": 491088
        },
        "2022-05": {
            "month": "2022-05",
            "price": "179.90",
            "revenue": 299780
        },
        "2022-06": {
            "month": "2022-06",
            "price": "201.05",
            "revenue": 827931
        },
        "2022-07": {
            "month": "2022-07",
            "price": "185.81",
            "revenue": 296568
        },
        "2022-08": {
            "month": "2022-08",
            "price": "247.15",
            "revenue": 337509
        },
        "2022-09": {
            "month": "2022-09",
            "price": "261.98",
            "revenue": 592654
        },
        "2022-10": {
            "month": "2022-10",
            "price": "253.68",
            "revenue": 409453
        },
        "2022-11": {
            "month": "2022-11",
            "price": "276.18",
            "revenue": 428822
        },
        "2022-12": {
            "month": "2022-12",
            "price": "309.30",
            "revenue": 565552
        },
        "2023-01": {
            "month": "2023-01",
            "price": "329.08",
            "revenue": 409276
        },
        "2023-02": {
            "month": "2023-02",
            "price": "353.97",
            "revenue": 283912
        },
        "2023-03": {
            "month": "2023-03",
            "price": "425.52",
            "revenue": 893648
        },
        "2023-04": {
            "month": "2023-04",
            "price": "492.50",
            "revenue": 369280
        },
        "2023-05": {
            "month": "2023-05",
            "price": "517.84",
            "revenue": 433404
        },
        "2023-06": {
            "month": "2023-06",
            "price": "584.90",
            "revenue": 649468
        },
        "2023-07": {
            "month": "2023-07",
            "price": "582.38",
            "revenue": 398478
        },
        "2023-08": {
            "month": "2023-08",
            "price": "464.89",
            "revenue": 230754
        }
    }
}
