{
    "summary": {
        "stock_name": "泰昇-KY",
        "stock_id": "8480",
        "category": "其他",
        "main_business": "生產及銷售嬰兒紙尿布(褲)<br>生產及銷售成人失禁產品<br>生產及銷售女性衛生棉",
        "website_url": "http://www.taisunholding.com/",
        "ceo": "戴朝榮",
        "pe_ratio": 20,
        "report_year_from": 2014,
        "report_year_to": 2022,
        "age": 9,
        "eps_negative_percentage": 0,
        "eps_growth_avg": {
            "last_all": -3.16,
            "last_2y": -27.92,
            "last_4y": -12.43,
            "last_8y": null,
            "last_12y": null,
            "last_16y": null,
            "last_20y": null,
            "at_2006_last_3y": null,
            "at_2007_last_3y": null,
            "at_2008_last_3y": null,
            "at_2009_last_3y": null,
            "at_2010_last_3y": null,
            "at_2011_last_3y": null,
            "at_2012_last_3y": null,
            "at_2013_last_3y": null,
            "at_2014_last_3y": null,
            "at_2015_last_3y": null,
            "at_2016_last_3y": null,
            "at_2017_last_3y": null,
            "at_2018_last_3y": null,
            "at_2019_last_3y": null,
            "at_2020_last_3y": 19.53,
            "at_2021_last_3y": 1.53,
            "at_2022_last_3y": -17.81,
            "at_2023_last_3y": -17.81,
            "at_2006_last_all": null,
            "at_2007_last_all": null,
            "at_2008_last_all": null,
            "at_2009_last_all": null,
            "at_2010_last_all": null,
            "at_2011_last_all": null,
            "at_2012_last_all": null,
            "at_2013_last_all": null,
            "at_2014_last_all": null,
            "at_2015_last_all": null,
            "at_2016_last_all": null,
            "at_2017_last_all": null,
            "at_2018_last_all": 26.14,
            "at_2019_last_all": 21.61,
            "at_2020_last_all": 19.53,
            "at_2021_last_all": 9.86,
            "at_2022_last_all": -3.16,
            "at_2023_last_all": -3.16
        },
        "latest_eps": 4.19,
        "latest_price": 84.6,
        "latest_roe": 8.94,
        "latest_gross_margin": 28.6,
        "latest_equity": 1938307,
        "latest_revenue": 405786,
        "latest_gross_profit": 116064,
        "latest_net_income": 24860,
        "latest_debt_ratio": 48.27,
        "latest_current_ratio": 165.5,
        "latest_account_receivable_turnover_ratio": 7.84,
        "latest_inventory_turnover_ratio": 0.87,
        "latest_reinvestment_rate": 8.4,
        "latest_research_to_sale_ratio": 1.13
    },
    "eps_dividends": {
        "2001": {
            "cash": 0,
            "stock": 0,
            "eps": 0
        },
        "2002": {
            "cash": 0,
            "stock": 0,
            "eps": 0
        },
        "2003": {
            "cash": 0,
            "stock": 0,
            "eps": 0
        },
        "2004": {
            "cash": 0,
            "stock": 0,
            "eps": 0
        },
        "2005": {
            "cash": 0,
            "stock": 0,
            "eps": 0
        },
        "2006": {
            "cash": 0,
            "stock": 0,
            "eps": 0
        },
        "2007": {
            "cash": 0,
            "stock": 0,
            "eps": 0
        },
        "2008": {
            "cash": 0,
            "stock": 0,
            "eps": 0
        },
        "2009": {
            "cash": 0,
            "stock": 0,
            "eps": 0
        },
        "2010": {
            "cash": 0,
            "stock": 0,
            "eps": 0
        },
        "2011": {
            "cash": 0,
            "stock": 0,
            "eps": 0
        },
        "2012": {
            "cash": 0,
            "stock": 0,
            "eps": 0
        },
        "2013": {
            "cash": 0,
            "stock": 0,
            "eps": 0
        },
        "2014": {
            "cash": 0,
            "stock": 0,
            "eps": 0
        },
        "2015": {
            "cash": 0,
            "stock": 0,
            "eps": 0
        },
        "2016": {
            "cash": 2,
            "stock": 0,
            "eps": 5
        },
        "2017": {
            "cash": 6,
            "stock": 0,
            "eps": 7.16
        },
        "2018": {
            "cash": 4,
            "stock": 1,
            "eps": 7.81
        },
        "2019": {
            "cash": 5,
            "stock": 0,
            "eps": 8.79
        },
        "2020": {
            "cash": 6,
            "stock": 0,
            "eps": 9.96
        },
        "2021": {
            "cash": 6,
            "stock": 0,
            "eps": 7.09
        },
        "2022": {
            "cash": 3,
            "stock": 0,
            "eps": 2.25
        }
    },
    "dividends": {
        "2016-04-14": {
            "cash": 2.15,
            "stock": 0
        },
        "2017-09-06": {
            "cash": 6,
            "stock": 0
        },
        "2018-08-31": {
            "cash": 4,
            "stock": 1
        },
        "2019-08-29": {
            "cash": 5.3,
            "stock": 0
        },
        "2020-08-20": {
            "cash": 6.2,
            "stock": 0
        },
        "2021-10-12": {
            "cash": 6,
            "stock": 0
        },
        "2022-09-02": {
            "cash": 3.2,
            "stock": 0
        }
    },
    "prices": {
        "200101": "無",
        "200102": "無",
        "200103": "無",
        "200104": "無",
        "200105": "無",
        "200106": "無",
        "200107": "無",
        "200108": "無",
        "200109": "無",
        "200110": "無",
        "200111": "無",
        "200112": "無",
        "200201": "無",
        "200202": "無",
        "200203": "無",
        "200204": "無",
        "200205": "無",
        "200206": "無",
        "200207": "無",
        "200208": "無",
        "200209": "無",
        "200210": "無",
        "200211": "無",
        "200212": "無",
        "200301": "無",
        "200302": "無",
        "200303": "無",
        "200304": "無",
        "200305": "無",
        "200306": "無",
        "200307": "無",
        "200308": "無",
        "200309": "無",
        "200310": "無",
        "200311": "無",
        "200312": "無",
        "200401": "無",
        "200402": "無",
        "200403": "無",
        "200404": "無",
        "200405": "無",
        "200406": "無",
        "200407": "無",
        "200408": "無",
        "200409": "無",
        "200410": "無",
        "200411": "無",
        "200412": "無",
        "200501": "無",
        "200502": "無",
        "200503": "無",
        "200504": "無",
        "200505": "無",
        "200506": "無",
        "200507": "無",
        "200508": "無",
        "200509": "無",
        "200510": "無",
        "200511": "無",
        "200512": "無",
        "200601": "無",
        "200602": "無",
        "200603": "無",
        "200604": "無",
        "200605": "無",
        "200606": "無",
        "200607": "無",
        "200608": "無",
        "200609": "無",
        "200610": "無",
        "200611": "無",
        "200612": "無",
        "200701": "無",
        "200702": "無",
        "200703": "無",
        "200704": "無",
        "200705": "無",
        "200706": "無",
        "200707": "無",
        "200708": "無",
        "200709": "無",
        "200710": "無",
        "200711": "無",
        "200712": "無",
        "200801": "無",
        "200802": "無",
        "200803": "無",
        "200804": "無",
        "200805": "無",
        "200806": "無",
        "200807": "無",
        "200808": "無",
        "200809": "無",
        "200810": "無",
        "200811": "無",
        "200812": "無",
        "200901": "無",
        "200902": "無",
        "200903": "無",
        "200904": "無",
        "200905": "無",
        "200906": "無",
        "200907": "無",
        "200908": "無",
        "200909": "無",
        "200910": "無",
        "200911": "無",
        "200912": "無",
        "201001": "無",
        "201002": "無",
        "201003": "無",
        "201004": "無",
        "201005": "無",
        "201006": "無",
        "201007": "無",
        "201008": "無",
        "201009": "無",
        "201010": "無",
        "201011": "無",
        "201012": "無",
        "201101": "無",
        "201102": "無",
        "201103": "無",
        "201104": "無",
        "201105": "無",
        "201106": "無",
        "201107": "無",
        "201108": "無",
        "201109": "無",
        "201110": "無",
        "201111": "無",
        "201112": "無",
        "201201": "無",
        "201202": "無",
        "201203": "無",
        "201204": "無",
        "201205": "無",
        "201206": "無",
        "201207": "無",
        "201208": "無",
        "201209": "無",
        "201210": "無",
        "201211": "無",
        "201212": "無",
        "201301": "無",
        "201302": "無",
        "201303": "無",
        "201304": "無",
        "201305": "無",
        "201306": "無",
        "201307": "無",
        "201308": "無",
        "201309": "無",
        "201310": "無",
        "201311": "無",
        "201312": "無",
        "201401": "無",
        "201402": "無",
        "201403": "無",
        "201404": "無",
        "201405": "無",
        "201406": "無",
        "201407": "無",
        "201408": "無",
        "201409": "無",
        "201410": "無",
        "201411": "無",
        "201412": "無",
        "201501": "無",
        "201502": "無",
        "201503": "無",
        "201504": "無",
        "201505": "無",
        "201506": "無",
        "201507": "無",
        "201508": "無",
        "201509": "無",
        "201510": "無",
        "201511": "無",
        "201512": "無",
        "201601": "無",
        "201602": "無",
        "201603": "無",
        "201604": "無",
        "201605": "無",
        "201606": "無",
        "201607": "133.21",
        "201608": "137.55",
        "201609": "137.84",
        "201610": "132.21",
        "201611": "123.05",
        "201612": "126.13",
        "201701": "119.14",
        "201702": "119.61",
        "201703": "141.17",
        "201704": "136.39",
        "201705": "134.68",
        "201706": "134.70",
        "201707": "132.95",
        "201708": "127.67",
        "201709": "125.42",
        "201710": "125.92",
        "201711": "127.12",
        "201712": "127.32",
        "201801": "129.80",
        "201802": "127.41",
        "201803": "129.80",
        "201804": "144.94",
        "201805": "143.40",
        "201806": "139.75",
        "201807": "137.56",
        "201808": "125.24",
        "201809": "125.61",
        "201810": "120.85",
        "201811": "122.33",
        "201812": "126.00",
        "201901": "130.02",
        "201902": "133.46",
        "201903": "131.11",
        "201904": "129.72",
        "201905": "127.70",
        "201906": "123.30",
        "201907": "121.82",
        "201908": "119.24",
        "201909": "128.37",
        "201910": "130.40",
        "201911": "138.98",
        "201912": "139.88",
        "202001": "135.63",
        "202002": "135.00",
        "202003": "125.84",
        "202004": "127.15",
        "202005": "137.95",
        "202006": "133.18",
        "202007": "129.85",
        "202008": "121.10",
        "202009": "119.41",
        "202010": "120.86",
        "202011": "121.67",
        "202012": "120.13",
        "202101": "120.35",
        "202102": "119.86",
        "202103": "120.30",
        "202104": "116.13",
        "202105": "111.31",
        "202106": "111.82",
        "202107": "115.58",
        "202108": "111.50",
        "202109": "106.94",
        "202110": "105.33",
        "202111": "105.41",
        "202112": "103.47",
        "202201": "100.28",
        "202202": "95.04",
        "202203": "74.87",
        "202204": "69.58",
        "202205": "69.34",
        "202206": "69.18",
        "202207": "67.08",
        "202208": "73.09",
        "202209": "84.02",
        "202210": "84.30",
        "202211": "84.56",
        "202212": "84.66",
        "202301": "無",
        "202302": "無",
        "202303": "無",
        "202304": "無",
        "202305": "無"
    },
    "quarters": {
        "20011": {
            "year_quarter": 20011,
            "year": 2001,
            "quarter": 1,
            "eps": null,
            "eps_growth_year": null,
            "eps_4q": null,
            "eps_4q_growth_year": null,
            "roe": null,
            "gross_profit": null,
            "gross_margin": null,
            "net_income": null,
            "revenue": null,
            "common_shares": null,
            "equity": null,
            "current_ratio": null,
            "debt_ratio": null,
            "inventory_turnover_ratio": null,
            "account_receivable_turnover_ratio": null,
            "reinvestment_rate": null,
            "research_to_sale_ratio": null,
            "price_fair": 0,
            "eps_avg_yearly": 0,
            "eps_latest_yearly": 0,
            "eps_growth_yearly": 0
        },
        "20012": {
            "year_quarter": 20012,
            "year": 2001,
            "quarter": 2,
            "eps": null,
            "eps_growth_year": null,
            "eps_4q": null,
            "eps_4q_growth_year": null,
            "roe": null,
            "gross_profit": null,
            "gross_margin": null,
            "net_income": null,
            "revenue": null,
            "common_shares": null,
            "equity": null,
            "current_ratio": null,
            "debt_ratio": null,
            "inventory_turnover_ratio": null,
            "account_receivable_turnover_ratio": null,
            "reinvestment_rate": null,
            "research_to_sale_ratio": null,
            "price_fair": 0,
            "eps_avg_yearly": 0,
            "eps_latest_yearly": 0,
            "eps_growth_yearly": 0
        },
        "20013": {
            "year_quarter": 20013,
            "year": 2001,
            "quarter": 3,
            "eps": null,
            "eps_growth_year": null,
            "eps_4q": null,
            "eps_4q_growth_year": null,
            "roe": null,
            "gross_profit": null,
            "gross_margin": null,
            "net_income": null,
            "revenue": null,
            "common_shares": null,
            "equity": null,
            "current_ratio": null,
            "debt_ratio": null,
            "inventory_turnover_ratio": null,
            "account_receivable_turnover_ratio": null,
            "reinvestment_rate": null,
            "research_to_sale_ratio": null,
            "price_fair": 0,
            "eps_avg_yearly": 0,
            "eps_latest_yearly": 0,
            "eps_growth_yearly": 0
        },
        "20014": {
            "year_quarter": 20014,
            "year": 2001,
            "quarter": 4,
            "eps": null,
            "eps_growth_year": null,
            "eps_4q": null,
            "eps_4q_growth_year": null,
            "roe": null,
            "gross_profit": null,
            "gross_margin": null,
            "net_income": null,
            "revenue": null,
            "common_shares": null,
            "equity": null,
            "current_ratio": null,
            "debt_ratio": null,
            "inventory_turnover_ratio": null,
            "account_receivable_turnover_ratio": null,
            "reinvestment_rate": null,
            "research_to_sale_ratio": null,
            "price_fair": 0,
            "eps_avg_yearly": 0,
            "eps_latest_yearly": 0,
            "eps_growth_yearly": 0
        },
        "20021": {
            "year_quarter": 20021,
            "year": 2002,
            "quarter": 1,
            "eps": null,
            "eps_growth_year": null,
            "eps_4q": null,
            "eps_4q_growth_year": null,
            "roe": null,
            "gross_profit": null,
            "gross_margin": null,
            "net_income": null,
            "revenue": null,
            "common_shares": null,
            "equity": null,
            "current_ratio": null,
            "debt_ratio": null,
            "inventory_turnover_ratio": null,
            "account_receivable_turnover_ratio": null,
            "reinvestment_rate": null,
            "research_to_sale_ratio": null,
            "price_fair": 0,
            "eps_avg_yearly": 0,
            "eps_latest_yearly": 0,
            "eps_growth_yearly": 0
        },
        "20022": {
            "year_quarter": 20022,
            "year": 2002,
            "quarter": 2,
            "eps": null,
            "eps_growth_year": null,
            "eps_4q": null,
            "eps_4q_growth_year": null,
            "roe": null,
            "gross_profit": null,
            "gross_margin": null,
            "net_income": null,
            "revenue": null,
            "common_shares": null,
            "equity": null,
            "current_ratio": null,
            "debt_ratio": null,
            "inventory_turnover_ratio": null,
            "account_receivable_turnover_ratio": null,
            "reinvestment_rate": null,
            "research_to_sale_ratio": null,
            "price_fair": 0,
            "eps_avg_yearly": 0,
            "eps_latest_yearly": 0,
            "eps_growth_yearly": 0
        },
        "20023": {
            "year_quarter": 20023,
            "year": 2002,
            "quarter": 3,
            "eps": null,
            "eps_growth_year": null,
            "eps_4q": null,
            "eps_4q_growth_year": null,
            "roe": null,
            "gross_profit": null,
            "gross_margin": null,
            "net_income": null,
            "revenue": null,
            "common_shares": null,
            "equity": null,
            "current_ratio": null,
            "debt_ratio": null,
            "inventory_turnover_ratio": null,
            "account_receivable_turnover_ratio": null,
            "reinvestment_rate": null,
            "research_to_sale_ratio": null,
            "price_fair": 0,
            "eps_avg_yearly": 0,
            "eps_latest_yearly": 0,
            "eps_growth_yearly": 0
        },
        "20024": {
            "year_quarter": 20024,
            "year": 2002,
            "quarter": 4,
            "eps": null,
            "eps_growth_year": null,
            "eps_4q": null,
            "eps_4q_growth_year": null,
            "roe": null,
            "gross_profit": null,
            "gross_margin": null,
            "net_income": null,
            "revenue": null,
            "common_shares": null,
            "equity": null,
            "current_ratio": null,
            "debt_ratio": null,
            "inventory_turnover_ratio": null,
            "account_receivable_turnover_ratio": null,
            "reinvestment_rate": null,
            "research_to_sale_ratio": null,
            "price_fair": 0,
            "eps_avg_yearly": 0,
            "eps_latest_yearly": 0,
            "eps_growth_yearly": 0
        },
        "20031": {
            "year_quarter": 20031,
            "year": 2003,
            "quarter": 1,
            "eps": null,
            "eps_growth_year": null,
            "eps_4q": null,
            "eps_4q_growth_year": null,
            "roe": null,
            "gross_profit": null,
            "gross_margin": null,
            "net_income": null,
            "revenue": null,
            "common_shares": null,
            "equity": null,
            "current_ratio": null,
            "debt_ratio": null,
            "inventory_turnover_ratio": null,
            "account_receivable_turnover_ratio": null,
            "reinvestment_rate": null,
            "research_to_sale_ratio": null,
            "price_fair": 0,
            "eps_avg_yearly": 0,
            "eps_latest_yearly": 0,
            "eps_growth_yearly": 0
        },
        "20032": {
            "year_quarter": 20032,
            "year": 2003,
            "quarter": 2,
            "eps": null,
            "eps_growth_year": null,
            "eps_4q": null,
            "eps_4q_growth_year": null,
            "roe": null,
            "gross_profit": null,
            "gross_margin": null,
            "net_income": null,
            "revenue": null,
            "common_shares": null,
            "equity": null,
            "current_ratio": null,
            "debt_ratio": null,
            "inventory_turnover_ratio": null,
            "account_receivable_turnover_ratio": null,
            "reinvestment_rate": null,
            "research_to_sale_ratio": null,
            "price_fair": 0,
            "eps_avg_yearly": 0,
            "eps_latest_yearly": 0,
            "eps_growth_yearly": 0
        },
        "20033": {
            "year_quarter": 20033,
            "year": 2003,
            "quarter": 3,
            "eps": null,
            "eps_growth_year": null,
            "eps_4q": null,
            "eps_4q_growth_year": null,
            "roe": null,
            "gross_profit": null,
            "gross_margin": null,
            "net_income": null,
            "revenue": null,
            "common_shares": null,
            "equity": null,
            "current_ratio": null,
            "debt_ratio": null,
            "inventory_turnover_ratio": null,
            "account_receivable_turnover_ratio": null,
            "reinvestment_rate": null,
            "research_to_sale_ratio": null,
            "price_fair": 0,
            "eps_avg_yearly": 0,
            "eps_latest_yearly": 0,
            "eps_growth_yearly": 0
        },
        "20034": {
            "year_quarter": 20034,
            "year": 2003,
            "quarter": 4,
            "eps": null,
            "eps_growth_year": null,
            "eps_4q": null,
            "eps_4q_growth_year": null,
            "roe": null,
            "gross_profit": null,
            "gross_margin": null,
            "net_income": null,
            "revenue": null,
            "common_shares": null,
            "equity": null,
            "current_ratio": null,
            "debt_ratio": null,
            "inventory_turnover_ratio": null,
            "account_receivable_turnover_ratio": null,
            "reinvestment_rate": null,
            "research_to_sale_ratio": null,
            "price_fair": 0,
            "eps_avg_yearly": 0,
            "eps_latest_yearly": 0,
            "eps_growth_yearly": 0
        },
        "20041": {
            "year_quarter": 20041,
            "year": 2004,
            "quarter": 1,
            "eps": null,
            "eps_growth_year": null,
            "eps_4q": null,
            "eps_4q_growth_year": null,
            "roe": null,
            "gross_profit": null,
            "gross_margin": null,
            "net_income": null,
            "revenue": null,
            "common_shares": null,
            "equity": null,
            "current_ratio": null,
            "debt_ratio": null,
            "inventory_turnover_ratio": null,
            "account_receivable_turnover_ratio": null,
            "reinvestment_rate": null,
            "research_to_sale_ratio": null,
            "price_fair": 0,
            "eps_avg_yearly": 0,
            "eps_latest_yearly": 0,
            "eps_growth_yearly": 0
        },
        "20042": {
            "year_quarter": 20042,
            "year": 2004,
            "quarter": 2,
            "eps": null,
            "eps_growth_year": null,
            "eps_4q": null,
            "eps_4q_growth_year": null,
            "roe": null,
            "gross_profit": null,
            "gross_margin": null,
            "net_income": null,
            "revenue": null,
            "common_shares": null,
            "equity": null,
            "current_ratio": null,
            "debt_ratio": null,
            "inventory_turnover_ratio": null,
            "account_receivable_turnover_ratio": null,
            "reinvestment_rate": null,
            "research_to_sale_ratio": null,
            "price_fair": 0,
            "eps_avg_yearly": 0,
            "eps_latest_yearly": 0,
            "eps_growth_yearly": 0
        },
        "20043": {
            "year_quarter": 20043,
            "year": 2004,
            "quarter": 3,
            "eps": null,
            "eps_growth_year": null,
            "eps_4q": null,
            "eps_4q_growth_year": null,
            "roe": null,
            "gross_profit": null,
            "gross_margin": null,
            "net_income": null,
            "revenue": null,
            "common_shares": null,
            "equity": null,
            "current_ratio": null,
            "debt_ratio": null,
            "inventory_turnover_ratio": null,
            "account_receivable_turnover_ratio": null,
            "reinvestment_rate": null,
            "research_to_sale_ratio": null,
            "price_fair": 0,
            "eps_avg_yearly": 0,
            "eps_latest_yearly": 0,
            "eps_growth_yearly": 0
        },
        "20044": {
            "year_quarter": 20044,
            "year": 2004,
            "quarter": 4,
            "eps": null,
            "eps_growth_year": null,
            "eps_4q": null,
            "eps_4q_growth_year": null,
            "roe": null,
            "gross_profit": null,
            "gross_margin": null,
            "net_income": null,
            "revenue": null,
            "common_shares": null,
            "equity": null,
            "current_ratio": null,
            "debt_ratio": null,
            "inventory_turnover_ratio": null,
            "account_receivable_turnover_ratio": null,
            "reinvestment_rate": null,
            "research_to_sale_ratio": null,
            "price_fair": 0,
            "eps_avg_yearly": 0,
            "eps_latest_yearly": 0,
            "eps_growth_yearly": 0
        },
        "20051": {
            "year_quarter": 20051,
            "year": 2005,
            "quarter": 1,
            "eps": null,
            "eps_growth_year": null,
            "eps_4q": null,
            "eps_4q_growth_year": null,
            "roe": null,
            "gross_profit": null,
            "gross_margin": null,
            "net_income": null,
            "revenue": null,
            "common_shares": null,
            "equity": null,
            "current_ratio": null,
            "debt_ratio": null,
            "inventory_turnover_ratio": null,
            "account_receivable_turnover_ratio": null,
            "reinvestment_rate": null,
            "research_to_sale_ratio": null,
            "price_fair": 0,
            "eps_avg_yearly": 0,
            "eps_latest_yearly": 0,
            "eps_growth_yearly": 0
        },
        "20052": {
            "year_quarter": 20052,
            "year": 2005,
            "quarter": 2,
            "eps": null,
            "eps_growth_year": null,
            "eps_4q": null,
            "eps_4q_growth_year": null,
            "roe": null,
            "gross_profit": null,
            "gross_margin": null,
            "net_income": null,
            "revenue": null,
            "common_shares": null,
            "equity": null,
            "current_ratio": null,
            "debt_ratio": null,
            "inventory_turnover_ratio": null,
            "account_receivable_turnover_ratio": null,
            "reinvestment_rate": null,
            "research_to_sale_ratio": null,
            "price_fair": 0,
            "eps_avg_yearly": 0,
            "eps_latest_yearly": 0,
            "eps_growth_yearly": 0
        },
        "20053": {
            "year_quarter": 20053,
            "year": 2005,
            "quarter": 3,
            "eps": null,
            "eps_growth_year": null,
            "eps_4q": null,
            "eps_4q_growth_year": null,
            "roe": null,
            "gross_profit": null,
            "gross_margin": null,
            "net_income": null,
            "revenue": null,
            "common_shares": null,
            "equity": null,
            "current_ratio": null,
            "debt_ratio": null,
            "inventory_turnover_ratio": null,
            "account_receivable_turnover_ratio": null,
            "reinvestment_rate": null,
            "research_to_sale_ratio": null,
            "price_fair": 0,
            "eps_avg_yearly": 0,
            "eps_latest_yearly": 0,
            "eps_growth_yearly": 0
        },
        "20054": {
            "year_quarter": 20054,
            "year": 2005,
            "quarter": 4,
            "eps": null,
            "eps_growth_year": null,
            "eps_4q": null,
            "eps_4q_growth_year": null,
            "roe": null,
            "gross_profit": null,
            "gross_margin": null,
            "net_income": null,
            "revenue": null,
            "common_shares": null,
            "equity": null,
            "current_ratio": null,
            "debt_ratio": null,
            "inventory_turnover_ratio": null,
            "account_receivable_turnover_ratio": null,
            "reinvestment_rate": null,
            "research_to_sale_ratio": null,
            "price_fair": 0,
            "eps_avg_yearly": 0,
            "eps_latest_yearly": 0,
            "eps_growth_yearly": 0
        },
        "20061": {
            "year_quarter": 20061,
            "year": 2006,
            "quarter": 1,
            "eps": null,
            "eps_growth_year": null,
            "eps_4q": null,
            "eps_4q_growth_year": null,
            "roe": null,
            "gross_profit": null,
            "gross_margin": null,
            "net_income": null,
            "revenue": null,
            "common_shares": null,
            "equity": null,
            "current_ratio": null,
            "debt_ratio": null,
            "inventory_turnover_ratio": null,
            "account_receivable_turnover_ratio": null,
            "reinvestment_rate": null,
            "research_to_sale_ratio": null,
            "price_fair": 0,
            "eps_avg_yearly": 0,
            "eps_latest_yearly": 0,
            "eps_growth_yearly": 0
        },
        "20062": {
            "year_quarter": 20062,
            "year": 2006,
            "quarter": 2,
            "eps": null,
            "eps_growth_year": null,
            "eps_4q": null,
            "eps_4q_growth_year": null,
            "roe": null,
            "gross_profit": null,
            "gross_margin": null,
            "net_income": null,
            "revenue": null,
            "common_shares": null,
            "equity": null,
            "current_ratio": null,
            "debt_ratio": null,
            "inventory_turnover_ratio": null,
            "account_receivable_turnover_ratio": null,
            "reinvestment_rate": null,
            "research_to_sale_ratio": null,
            "price_fair": 0,
            "eps_avg_yearly": 0,
            "eps_latest_yearly": 0,
            "eps_growth_yearly": 0
        },
        "20063": {
            "year_quarter": 20063,
            "year": 2006,
            "quarter": 3,
            "eps": null,
            "eps_growth_year": null,
            "eps_4q": null,
            "eps_4q_growth_year": null,
            "roe": null,
            "gross_profit": null,
            "gross_margin": null,
            "net_income": null,
            "revenue": null,
            "common_shares": null,
            "equity": null,
            "current_ratio": null,
            "debt_ratio": null,
            "inventory_turnover_ratio": null,
            "account_receivable_turnover_ratio": null,
            "reinvestment_rate": null,
            "research_to_sale_ratio": null,
            "price_fair": 0,
            "eps_avg_yearly": 0,
            "eps_latest_yearly": 0,
            "eps_growth_yearly": 0
        },
        "20064": {
            "year_quarter": 20064,
            "year": 2006,
            "quarter": 4,
            "eps": null,
            "eps_growth_year": null,
            "eps_4q": null,
            "eps_4q_growth_year": null,
            "roe": null,
            "gross_profit": null,
            "gross_margin": null,
            "net_income": null,
            "revenue": null,
            "common_shares": null,
            "equity": null,
            "current_ratio": null,
            "debt_ratio": null,
            "inventory_turnover_ratio": null,
            "account_receivable_turnover_ratio": null,
            "reinvestment_rate": null,
            "research_to_sale_ratio": null,
            "price_fair": 0,
            "eps_avg_yearly": 0,
            "eps_latest_yearly": 0,
            "eps_growth_yearly": 0
        },
        "20071": {
            "year_quarter": 20071,
            "year": 2007,
            "quarter": 1,
            "eps": null,
            "eps_growth_year": null,
            "eps_4q": null,
            "eps_4q_growth_year": null,
            "roe": null,
            "gross_profit": null,
            "gross_margin": null,
            "net_income": null,
            "revenue": null,
            "common_shares": null,
            "equity": null,
            "current_ratio": null,
            "debt_ratio": null,
            "inventory_turnover_ratio": null,
            "account_receivable_turnover_ratio": null,
            "reinvestment_rate": null,
            "research_to_sale_ratio": null,
            "price_fair": 0,
            "eps_avg_yearly": 0,
            "eps_latest_yearly": 0,
            "eps_growth_yearly": 0
        },
        "20072": {
            "year_quarter": 20072,
            "year": 2007,
            "quarter": 2,
            "eps": null,
            "eps_growth_year": null,
            "eps_4q": null,
            "eps_4q_growth_year": null,
            "roe": null,
            "gross_profit": null,
            "gross_margin": null,
            "net_income": null,
            "revenue": null,
            "common_shares": null,
            "equity": null,
            "current_ratio": null,
            "debt_ratio": null,
            "inventory_turnover_ratio": null,
            "account_receivable_turnover_ratio": null,
            "reinvestment_rate": null,
            "research_to_sale_ratio": null,
            "price_fair": 0,
            "eps_avg_yearly": 0,
            "eps_latest_yearly": 0,
            "eps_growth_yearly": 0
        },
        "20073": {
            "year_quarter": 20073,
            "year": 2007,
            "quarter": 3,
            "eps": null,
            "eps_growth_year": null,
            "eps_4q": null,
            "eps_4q_growth_year": null,
            "roe": null,
            "gross_profit": null,
            "gross_margin": null,
            "net_income": null,
            "revenue": null,
            "common_shares": null,
            "equity": null,
            "current_ratio": null,
            "debt_ratio": null,
            "inventory_turnover_ratio": null,
            "account_receivable_turnover_ratio": null,
            "reinvestment_rate": null,
            "research_to_sale_ratio": null,
            "price_fair": 0,
            "eps_avg_yearly": 0,
            "eps_latest_yearly": 0,
            "eps_growth_yearly": 0
        },
        "20074": {
            "year_quarter": 20074,
            "year": 2007,
            "quarter": 4,
            "eps": null,
            "eps_growth_year": null,
            "eps_4q": null,
            "eps_4q_growth_year": null,
            "roe": null,
            "gross_profit": null,
            "gross_margin": null,
            "net_income": null,
            "revenue": null,
            "common_shares": null,
            "equity": null,
            "current_ratio": null,
            "debt_ratio": null,
            "inventory_turnover_ratio": null,
            "account_receivable_turnover_ratio": null,
            "reinvestment_rate": null,
            "research_to_sale_ratio": null,
            "price_fair": 0,
            "eps_avg_yearly": 0,
            "eps_latest_yearly": 0,
            "eps_growth_yearly": 0
        },
        "20081": {
            "year_quarter": 20081,
            "year": 2008,
            "quarter": 1,
            "eps": null,
            "eps_growth_year": null,
            "eps_4q": null,
            "eps_4q_growth_year": null,
            "roe": null,
            "gross_profit": null,
            "gross_margin": null,
            "net_income": null,
            "revenue": null,
            "common_shares": null,
            "equity": null,
            "current_ratio": null,
            "debt_ratio": null,
            "inventory_turnover_ratio": null,
            "account_receivable_turnover_ratio": null,
            "reinvestment_rate": null,
            "research_to_sale_ratio": null,
            "price_fair": 0,
            "eps_avg_yearly": 0,
            "eps_latest_yearly": 0,
            "eps_growth_yearly": 0
        },
        "20082": {
            "year_quarter": 20082,
            "year": 2008,
            "quarter": 2,
            "eps": null,
            "eps_growth_year": null,
            "eps_4q": null,
            "eps_4q_growth_year": null,
            "roe": null,
            "gross_profit": null,
            "gross_margin": null,
            "net_income": null,
            "revenue": null,
            "common_shares": null,
            "equity": null,
            "current_ratio": null,
            "debt_ratio": null,
            "inventory_turnover_ratio": null,
            "account_receivable_turnover_ratio": null,
            "reinvestment_rate": null,
            "research_to_sale_ratio": null,
            "price_fair": 0,
            "eps_avg_yearly": 0,
            "eps_latest_yearly": 0,
            "eps_growth_yearly": 0
        },
        "20083": {
            "year_quarter": 20083,
            "year": 2008,
            "quarter": 3,
            "eps": null,
            "eps_growth_year": null,
            "eps_4q": null,
            "eps_4q_growth_year": null,
            "roe": null,
            "gross_profit": null,
            "gross_margin": null,
            "net_income": null,
            "revenue": null,
            "common_shares": null,
            "equity": null,
            "current_ratio": null,
            "debt_ratio": null,
            "inventory_turnover_ratio": null,
            "account_receivable_turnover_ratio": null,
            "reinvestment_rate": null,
            "research_to_sale_ratio": null,
            "price_fair": 0,
            "eps_avg_yearly": 0,
            "eps_latest_yearly": 0,
            "eps_growth_yearly": 0
        },
        "20084": {
            "year_quarter": 20084,
            "year": 2008,
            "quarter": 4,
            "eps": null,
            "eps_growth_year": null,
            "eps_4q": null,
            "eps_4q_growth_year": null,
            "roe": null,
            "gross_profit": null,
            "gross_margin": null,
            "net_income": null,
            "revenue": null,
            "common_shares": null,
            "equity": null,
            "current_ratio": null,
            "debt_ratio": null,
            "inventory_turnover_ratio": null,
            "account_receivable_turnover_ratio": null,
            "reinvestment_rate": null,
            "research_to_sale_ratio": null,
            "price_fair": 0,
            "eps_avg_yearly": 0,
            "eps_latest_yearly": 0,
            "eps_growth_yearly": 0
        },
        "20091": {
            "year_quarter": 20091,
            "year": 2009,
            "quarter": 1,
            "eps": null,
            "eps_growth_year": null,
            "eps_4q": null,
            "eps_4q_growth_year": null,
            "roe": null,
            "gross_profit": null,
            "gross_margin": null,
            "net_income": null,
            "revenue": null,
            "common_shares": null,
            "equity": null,
            "current_ratio": null,
            "debt_ratio": null,
            "inventory_turnover_ratio": null,
            "account_receivable_turnover_ratio": null,
            "reinvestment_rate": null,
            "research_to_sale_ratio": null,
            "price_fair": 0,
            "eps_avg_yearly": 0,
            "eps_latest_yearly": 0,
            "eps_growth_yearly": 0
        },
        "20092": {
            "year_quarter": 20092,
            "year": 2009,
            "quarter": 2,
            "eps": null,
            "eps_growth_year": null,
            "eps_4q": null,
            "eps_4q_growth_year": null,
            "roe": null,
            "gross_profit": null,
            "gross_margin": null,
            "net_income": null,
            "revenue": null,
            "common_shares": null,
            "equity": null,
            "current_ratio": null,
            "debt_ratio": null,
            "inventory_turnover_ratio": null,
            "account_receivable_turnover_ratio": null,
            "reinvestment_rate": null,
            "research_to_sale_ratio": null,
            "price_fair": 0,
            "eps_avg_yearly": 0,
            "eps_latest_yearly": 0,
            "eps_growth_yearly": 0
        },
        "20093": {
            "year_quarter": 20093,
            "year": 2009,
            "quarter": 3,
            "eps": null,
            "eps_growth_year": null,
            "eps_4q": null,
            "eps_4q_growth_year": null,
            "roe": null,
            "gross_profit": null,
            "gross_margin": null,
            "net_income": null,
            "revenue": null,
            "common_shares": null,
            "equity": null,
            "current_ratio": null,
            "debt_ratio": null,
            "inventory_turnover_ratio": null,
            "account_receivable_turnover_ratio": null,
            "reinvestment_rate": null,
            "research_to_sale_ratio": null,
            "price_fair": 0,
            "eps_avg_yearly": 0,
            "eps_latest_yearly": 0,
            "eps_growth_yearly": 0
        },
        "20094": {
            "year_quarter": 20094,
            "year": 2009,
            "quarter": 4,
            "eps": null,
            "eps_growth_year": null,
            "eps_4q": null,
            "eps_4q_growth_year": null,
            "roe": null,
            "gross_profit": null,
            "gross_margin": null,
            "net_income": null,
            "revenue": null,
            "common_shares": null,
            "equity": null,
            "current_ratio": null,
            "debt_ratio": null,
            "inventory_turnover_ratio": null,
            "account_receivable_turnover_ratio": null,
            "reinvestment_rate": null,
            "research_to_sale_ratio": null,
            "price_fair": 0,
            "eps_avg_yearly": 0,
            "eps_latest_yearly": 0,
            "eps_growth_yearly": 0
        },
        "20101": {
            "year_quarter": 20101,
            "year": 2010,
            "quarter": 1,
            "eps": null,
            "eps_growth_year": null,
            "eps_4q": null,
            "eps_4q_growth_year": null,
            "roe": null,
            "gross_profit": null,
            "gross_margin": null,
            "net_income": null,
            "revenue": null,
            "common_shares": null,
            "equity": null,
            "current_ratio": null,
            "debt_ratio": null,
            "inventory_turnover_ratio": null,
            "account_receivable_turnover_ratio": null,
            "reinvestment_rate": null,
            "research_to_sale_ratio": null,
            "price_fair": 0,
            "eps_avg_yearly": 0,
            "eps_latest_yearly": 0,
            "eps_growth_yearly": 0
        },
        "20102": {
            "year_quarter": 20102,
            "year": 2010,
            "quarter": 2,
            "eps": null,
            "eps_growth_year": null,
            "eps_4q": null,
            "eps_4q_growth_year": null,
            "roe": null,
            "gross_profit": null,
            "gross_margin": null,
            "net_income": null,
            "revenue": null,
            "common_shares": null,
            "equity": null,
            "current_ratio": null,
            "debt_ratio": null,
            "inventory_turnover_ratio": null,
            "account_receivable_turnover_ratio": null,
            "reinvestment_rate": null,
            "research_to_sale_ratio": null,
            "price_fair": 0,
            "eps_avg_yearly": 0,
            "eps_latest_yearly": 0,
            "eps_growth_yearly": 0
        },
        "20103": {
            "year_quarter": 20103,
            "year": 2010,
            "quarter": 3,
            "eps": null,
            "eps_growth_year": null,
            "eps_4q": null,
            "eps_4q_growth_year": null,
            "roe": null,
            "gross_profit": null,
            "gross_margin": null,
            "net_income": null,
            "revenue": null,
            "common_shares": null,
            "equity": null,
            "current_ratio": null,
            "debt_ratio": null,
            "inventory_turnover_ratio": null,
            "account_receivable_turnover_ratio": null,
            "reinvestment_rate": null,
            "research_to_sale_ratio": null,
            "price_fair": 0,
            "eps_avg_yearly": 0,
            "eps_latest_yearly": 0,
            "eps_growth_yearly": 0
        },
        "20104": {
            "year_quarter": 20104,
            "year": 2010,
            "quarter": 4,
            "eps": null,
            "eps_growth_year": null,
            "eps_4q": null,
            "eps_4q_growth_year": null,
            "roe": null,
            "gross_profit": null,
            "gross_margin": null,
            "net_income": null,
            "revenue": null,
            "common_shares": null,
            "equity": null,
            "current_ratio": null,
            "debt_ratio": null,
            "inventory_turnover_ratio": null,
            "account_receivable_turnover_ratio": null,
            "reinvestment_rate": null,
            "research_to_sale_ratio": null,
            "price_fair": 0,
            "eps_avg_yearly": 0,
            "eps_latest_yearly": 0,
            "eps_growth_yearly": 0
        },
        "20111": {
            "year_quarter": 20111,
            "year": 2011,
            "quarter": 1,
            "eps": null,
            "eps_growth_year": null,
            "eps_4q": null,
            "eps_4q_growth_year": null,
            "roe": null,
            "gross_profit": null,
            "gross_margin": null,
            "net_income": null,
            "revenue": null,
            "common_shares": null,
            "equity": null,
            "current_ratio": null,
            "debt_ratio": null,
            "inventory_turnover_ratio": null,
            "account_receivable_turnover_ratio": null,
            "reinvestment_rate": null,
            "research_to_sale_ratio": null,
            "price_fair": 0,
            "eps_avg_yearly": 0,
            "eps_latest_yearly": 0,
            "eps_growth_yearly": 0
        },
        "20112": {
            "year_quarter": 20112,
            "year": 2011,
            "quarter": 2,
            "eps": null,
            "eps_growth_year": null,
            "eps_4q": null,
            "eps_4q_growth_year": null,
            "roe": null,
            "gross_profit": null,
            "gross_margin": null,
            "net_income": null,
            "revenue": null,
            "common_shares": null,
            "equity": null,
            "current_ratio": null,
            "debt_ratio": null,
            "inventory_turnover_ratio": null,
            "account_receivable_turnover_ratio": null,
            "reinvestment_rate": null,
            "research_to_sale_ratio": null,
            "price_fair": 0,
            "eps_avg_yearly": 0,
            "eps_latest_yearly": 0,
            "eps_growth_yearly": 0
        },
        "20113": {
            "year_quarter": 20113,
            "year": 2011,
            "quarter": 3,
            "eps": null,
            "eps_growth_year": null,
            "eps_4q": null,
            "eps_4q_growth_year": null,
            "roe": null,
            "gross_profit": null,
            "gross_margin": null,
            "net_income": null,
            "revenue": null,
            "common_shares": null,
            "equity": null,
            "current_ratio": null,
            "debt_ratio": null,
            "inventory_turnover_ratio": null,
            "account_receivable_turnover_ratio": null,
            "reinvestment_rate": null,
            "research_to_sale_ratio": null,
            "price_fair": 0,
            "eps_avg_yearly": 0,
            "eps_latest_yearly": 0,
            "eps_growth_yearly": 0
        },
        "20114": {
            "year_quarter": 20114,
            "year": 2011,
            "quarter": 4,
            "eps": null,
            "eps_growth_year": null,
            "eps_4q": null,
            "eps_4q_growth_year": null,
            "roe": null,
            "gross_profit": null,
            "gross_margin": null,
            "net_income": null,
            "revenue": null,
            "common_shares": null,
            "equity": null,
            "current_ratio": null,
            "debt_ratio": null,
            "inventory_turnover_ratio": null,
            "account_receivable_turnover_ratio": null,
            "reinvestment_rate": null,
            "research_to_sale_ratio": null,
            "price_fair": 0,
            "eps_avg_yearly": 0,
            "eps_latest_yearly": 0,
            "eps_growth_yearly": 0
        },
        "20121": {
            "year_quarter": 20121,
            "year": 2012,
            "quarter": 1,
            "eps": null,
            "eps_growth_year": null,
            "eps_4q": null,
            "eps_4q_growth_year": null,
            "roe": null,
            "gross_profit": null,
            "gross_margin": null,
            "net_income": null,
            "revenue": null,
            "common_shares": null,
            "equity": null,
            "current_ratio": null,
            "debt_ratio": null,
            "inventory_turnover_ratio": null,
            "account_receivable_turnover_ratio": null,
            "reinvestment_rate": null,
            "research_to_sale_ratio": null,
            "price_fair": 0,
            "eps_avg_yearly": 0,
            "eps_latest_yearly": 0,
            "eps_growth_yearly": 0
        },
        "20122": {
            "year_quarter": 20122,
            "year": 2012,
            "quarter": 2,
            "eps": null,
            "eps_growth_year": null,
            "eps_4q": null,
            "eps_4q_growth_year": null,
            "roe": null,
            "gross_profit": null,
            "gross_margin": null,
            "net_income": null,
            "revenue": null,
            "common_shares": null,
            "equity": null,
            "current_ratio": null,
            "debt_ratio": null,
            "inventory_turnover_ratio": null,
            "account_receivable_turnover_ratio": null,
            "reinvestment_rate": null,
            "research_to_sale_ratio": null,
            "price_fair": 0,
            "eps_avg_yearly": 0,
            "eps_latest_yearly": 0,
            "eps_growth_yearly": 0
        },
        "20123": {
            "year_quarter": 20123,
            "year": 2012,
            "quarter": 3,
            "eps": null,
            "eps_growth_year": null,
            "eps_4q": null,
            "eps_4q_growth_year": null,
            "roe": null,
            "gross_profit": null,
            "gross_margin": null,
            "net_income": null,
            "revenue": null,
            "common_shares": null,
            "equity": null,
            "current_ratio": null,
            "debt_ratio": null,
            "inventory_turnover_ratio": null,
            "account_receivable_turnover_ratio": null,
            "reinvestment_rate": null,
            "research_to_sale_ratio": null,
            "price_fair": 0,
            "eps_avg_yearly": 0,
            "eps_latest_yearly": 0,
            "eps_growth_yearly": 0
        },
        "20124": {
            "year_quarter": 20124,
            "year": 2012,
            "quarter": 4,
            "eps": null,
            "eps_growth_year": null,
            "eps_4q": null,
            "eps_4q_growth_year": null,
            "roe": null,
            "gross_profit": null,
            "gross_margin": null,
            "net_income": null,
            "revenue": null,
            "common_shares": null,
            "equity": null,
            "current_ratio": null,
            "debt_ratio": null,
            "inventory_turnover_ratio": null,
            "account_receivable_turnover_ratio": null,
            "reinvestment_rate": null,
            "research_to_sale_ratio": null,
            "price_fair": 0,
            "eps_avg_yearly": 0,
            "eps_latest_yearly": 0,
            "eps_growth_yearly": 0
        },
        "20131": {
            "year_quarter": 20131,
            "year": 2013,
            "quarter": 1,
            "eps": null,
            "eps_growth_year": null,
            "eps_4q": null,
            "eps_4q_growth_year": null,
            "roe": null,
            "gross_profit": null,
            "gross_margin": null,
            "net_income": null,
            "revenue": null,
            "common_shares": null,
            "equity": null,
            "current_ratio": null,
            "debt_ratio": null,
            "inventory_turnover_ratio": null,
            "account_receivable_turnover_ratio": null,
            "reinvestment_rate": null,
            "research_to_sale_ratio": null,
            "price_fair": 0,
            "eps_avg_yearly": 0,
            "eps_latest_yearly": 0,
            "eps_growth_yearly": 0
        },
        "20132": {
            "year_quarter": 20132,
            "year": 2013,
            "quarter": 2,
            "eps": null,
            "eps_growth_year": null,
            "eps_4q": null,
            "eps_4q_growth_year": null,
            "roe": null,
            "gross_profit": null,
            "gross_margin": null,
            "net_income": null,
            "revenue": null,
            "common_shares": null,
            "equity": null,
            "current_ratio": null,
            "debt_ratio": null,
            "inventory_turnover_ratio": null,
            "account_receivable_turnover_ratio": null,
            "reinvestment_rate": null,
            "research_to_sale_ratio": null,
            "price_fair": 0,
            "eps_avg_yearly": 0,
            "eps_latest_yearly": 0,
            "eps_growth_yearly": 0
        },
        "20133": {
            "year_quarter": 20133,
            "year": 2013,
            "quarter": 3,
            "eps": null,
            "eps_growth_year": null,
            "eps_4q": null,
            "eps_4q_growth_year": null,
            "roe": null,
            "gross_profit": null,
            "gross_margin": null,
            "net_income": null,
            "revenue": null,
            "common_shares": null,
            "equity": null,
            "current_ratio": null,
            "debt_ratio": null,
            "inventory_turnover_ratio": null,
            "account_receivable_turnover_ratio": null,
            "reinvestment_rate": null,
            "research_to_sale_ratio": null,
            "price_fair": 0,
            "eps_avg_yearly": 0,
            "eps_latest_yearly": 0,
            "eps_growth_yearly": 0
        },
        "20134": {
            "year_quarter": 20134,
            "year": 2013,
            "quarter": 4,
            "eps": null,
            "eps_growth_year": null,
            "eps_4q": null,
            "eps_4q_growth_year": null,
            "roe": null,
            "gross_profit": null,
            "gross_margin": null,
            "net_income": null,
            "revenue": null,
            "common_shares": null,
            "equity": null,
            "current_ratio": null,
            "debt_ratio": null,
            "inventory_turnover_ratio": null,
            "account_receivable_turnover_ratio": null,
            "reinvestment_rate": null,
            "research_to_sale_ratio": null,
            "price_fair": 0,
            "eps_avg_yearly": 0,
            "eps_latest_yearly": 0,
            "eps_growth_yearly": 0
        },
        "20141": {
            "year_quarter": 20141,
            "year": 2014,
            "quarter": 1,
            "eps": null,
            "eps_growth_year": null,
            "eps_4q": null,
            "eps_4q_growth_year": null,
            "roe": null,
            "gross_profit": null,
            "gross_margin": null,
            "net_income": null,
            "revenue": null,
            "common_shares": null,
            "equity": null,
            "current_ratio": null,
            "debt_ratio": null,
            "inventory_turnover_ratio": null,
            "account_receivable_turnover_ratio": null,
            "reinvestment_rate": null,
            "research_to_sale_ratio": null,
            "price_fair": 0,
            "eps_avg_yearly": 0,
            "eps_latest_yearly": 0,
            "eps_growth_yearly": 0
        },
        "20142": {
            "year_quarter": 20142,
            "year": 2014,
            "quarter": 2,
            "eps": null,
            "eps_growth_year": null,
            "eps_4q": null,
            "eps_4q_growth_year": null,
            "roe": null,
            "gross_profit": null,
            "gross_margin": null,
            "net_income": null,
            "revenue": null,
            "common_shares": null,
            "equity": null,
            "current_ratio": null,
            "debt_ratio": null,
            "inventory_turnover_ratio": null,
            "account_receivable_turnover_ratio": null,
            "reinvestment_rate": null,
            "research_to_sale_ratio": null,
            "price_fair": 0,
            "eps_avg_yearly": 0,
            "eps_latest_yearly": 0,
            "eps_growth_yearly": 0
        },
        "20143": {
            "year_quarter": 20143,
            "year": 2014,
            "quarter": 3,
            "eps": null,
            "eps_growth_year": null,
            "eps_4q": null,
            "eps_4q_growth_year": null,
            "roe": null,
            "gross_profit": null,
            "gross_margin": null,
            "net_income": null,
            "revenue": null,
            "common_shares": null,
            "equity": null,
            "current_ratio": null,
            "debt_ratio": null,
            "inventory_turnover_ratio": null,
            "account_receivable_turnover_ratio": null,
            "reinvestment_rate": null,
            "research_to_sale_ratio": null,
            "price_fair": 0,
            "eps_avg_yearly": 0,
            "eps_latest_yearly": 0,
            "eps_growth_yearly": 0
        },
        "20144": {
            "year_quarter": 20144,
            "year": 2014,
            "quarter": 4,
            "eps": null,
            "eps_growth_year": null,
            "eps_4q": null,
            "eps_4q_growth_year": null,
            "roe": null,
            "gross_profit": null,
            "gross_margin": null,
            "net_income": null,
            "revenue": null,
            "common_shares": 237000,
            "equity": 658384,
            "current_ratio": null,
            "debt_ratio": null,
            "inventory_turnover_ratio": null,
            "account_receivable_turnover_ratio": null,
            "reinvestment_rate": null,
            "research_to_sale_ratio": null,
            "price_fair": 0,
            "eps_avg_yearly": 0,
            "eps_latest_yearly": 0,
            "eps_growth_yearly": 0
        },
        "20151": {
            "year_quarter": 20151,
            "year": 2015,
            "quarter": 1,
            "eps": null,
            "eps_growth_year": null,
            "eps_4q": null,
            "eps_4q_growth_year": null,
            "roe": null,
            "gross_profit": null,
            "gross_margin": null,
            "net_income": null,
            "revenue": null,
            "common_shares": null,
            "equity": null,
            "current_ratio": null,
            "debt_ratio": null,
            "inventory_turnover_ratio": null,
            "account_receivable_turnover_ratio": null,
            "reinvestment_rate": null,
            "research_to_sale_ratio": null,
            "price_fair": 0,
            "eps_avg_yearly": 0,
            "eps_latest_yearly": 0,
            "eps_growth_yearly": 0
        },
        "20152": {
            "year_quarter": 20152,
            "year": 2015,
            "quarter": 2,
            "eps": null,
            "eps_growth_year": null,
            "eps_4q": null,
            "eps_4q_growth_year": null,
            "roe": null,
            "gross_profit": null,
            "gross_margin": null,
            "net_income": null,
            "revenue": null,
            "common_shares": 237000,
            "equity": 733882,
            "current_ratio": null,
            "debt_ratio": null,
            "inventory_turnover_ratio": null,
            "account_receivable_turnover_ratio": null,
            "reinvestment_rate": null,
            "research_to_sale_ratio": null,
            "price_fair": 0,
            "eps_avg_yearly": 0,
            "eps_latest_yearly": 0,
            "eps_growth_yearly": 0
        },
        "20153": {
            "year_quarter": 20153,
            "year": 2015,
            "quarter": 3,
            "eps": null,
            "eps_growth_year": null,
            "eps_4q": null,
            "eps_4q_growth_year": null,
            "roe": null,
            "gross_profit": 105630,
            "gross_margin": null,
            "net_income": 57117,
            "revenue": 347839,
            "common_shares": 237000,
            "equity": 651418,
            "current_ratio": null,
            "debt_ratio": null,
            "inventory_turnover_ratio": null,
            "account_receivable_turnover_ratio": null,
            "reinvestment_rate": null,
            "research_to_sale_ratio": null,
            "price_fair": 0,
            "eps_avg_yearly": 0,
            "eps_latest_yearly": 0,
            "eps_growth_yearly": 0
        },
        "20154": {
            "year_quarter": 20154,
            "year": 2015,
            "quarter": 4,
            "eps": null,
            "eps_growth_year": null,
            "eps_4q": null,
            "eps_4q_growth_year": null,
            "roe": null,
            "gross_profit": 127127,
            "gross_margin": null,
            "net_income": 80016,
            "revenue": 369622,
            "common_shares": 300000,
            "equity": 730455,
            "current_ratio": 314.18,
            "debt_ratio": 25.41,
            "inventory_turnover_ratio": null,
            "account_receivable_turnover_ratio": null,
            "reinvestment_rate": null,
            "research_to_sale_ratio": null,
            "price_fair": 0,
            "eps_avg_yearly": 0,
            "eps_latest_yearly": 0,
            "eps_growth_yearly": 0
        },
        "20161": {
            "year_quarter": 20161,
            "year": 2016,
            "quarter": 1,
            "eps": null,
            "eps_growth_year": null,
            "eps_4q": null,
            "eps_4q_growth_year": null,
            "roe": null,
            "gross_profit": null,
            "gross_margin": null,
            "net_income": null,
            "revenue": null,
            "common_shares": null,
            "equity": null,
            "current_ratio": null,
            "debt_ratio": null,
            "inventory_turnover_ratio": null,
            "account_receivable_turnover_ratio": null,
            "reinvestment_rate": null,
            "research_to_sale_ratio": null,
            "price_fair": 0,
            "eps_avg_yearly": 0,
            "eps_latest_yearly": 0,
            "eps_growth_yearly": 0
        },
        "20162": {
            "year_quarter": 20162,
            "year": 2016,
            "quarter": 2,
            "eps": null,
            "eps_growth_year": null,
            "eps_4q": null,
            "eps_4q_growth_year": null,
            "roe": null,
            "gross_profit": null,
            "gross_margin": null,
            "net_income": null,
            "revenue": null,
            "common_shares": 308830,
            "equity": 867326,
            "current_ratio": 360.53,
            "debt_ratio": 20.86,
            "inventory_turnover_ratio": null,
            "account_receivable_turnover_ratio": null,
            "reinvestment_rate": null,
            "research_to_sale_ratio": null,
            "price_fair": 0,
            "eps_avg_yearly": 0,
            "eps_latest_yearly": 0,
            "eps_growth_yearly": 0
        },
        "20163": {
            "year_quarter": 20163,
            "year": 2016,
            "quarter": 3,
            "eps": 2.41,
            "eps_growth_year": null,
            "eps_4q": null,
            "eps_4q_growth_year": null,
            "roe": 8.36,
            "gross_profit": 123800,
            "gross_margin": 34.47,
            "net_income": 74564,
            "revenue": 359189,
            "common_shares": 308830,
            "equity": 916371,
            "current_ratio": 447.05,
            "debt_ratio": 16.42,
            "inventory_turnover_ratio": 1.24,
            "account_receivable_turnover_ratio": 7.52,
            "reinvestment_rate": null,
            "research_to_sale_ratio": 0.73,
            "price_fair": 0,
            "eps_avg_yearly": 0,
            "eps_latest_yearly": 0,
            "eps_growth_yearly": 0
        },
        "20164": {
            "year_quarter": 20164,
            "year": 2016,
            "quarter": 4,
            "eps": 2.59,
            "eps_growth_year": null,
            "eps_4q": null,
            "eps_4q_growth_year": null,
            "roe": 8.3,
            "gross_profit": 141798,
            "gross_margin": 34.26,
            "net_income": 79889,
            "revenue": 413869,
            "common_shares": 308830,
            "equity": 1008121,
            "current_ratio": 505.12,
            "debt_ratio": 12.45,
            "inventory_turnover_ratio": 1.36,
            "account_receivable_turnover_ratio": 10.09,
            "reinvestment_rate": null,
            "research_to_sale_ratio": 0.82,
            "price_fair": 362.6,
            "eps_avg_yearly": 10.36,
            "eps_latest_yearly": 10.36,
            "eps_growth_yearly": 29.88
        },
        "20171": {
            "year_quarter": 20171,
            "year": 2017,
            "quarter": 1,
            "eps": 1.94,
            "eps_growth_year": null,
            "eps_4q": null,
            "eps_4q_growth_year": null,
            "roe": 5.36,
            "gross_profit": 120934,
            "gross_margin": 32.33,
            "net_income": 67585,
            "revenue": 374014,
            "common_shares": 357000,
            "equity": 1514323,
            "current_ratio": 887.04,
            "debt_ratio": 7.91,
            "inventory_turnover_ratio": 1.31,
            "account_receivable_turnover_ratio": 14.48,
            "reinvestment_rate": null,
            "research_to_sale_ratio": 0.75,
            "price_fair": 27.18,
            "eps_avg_yearly": 9.06,
            "eps_latest_yearly": 7.76,
            "eps_growth_yearly": -35.26
        },
        "20172": {
            "year_quarter": 20172,
            "year": 2017,
            "quarter": 2,
            "eps": 1.41,
            "eps_growth_year": null,
            "eps_4q": 7.63,
            "eps_4q_growth_year": null,
            "roe": 3.51,
            "gross_profit": 104402,
            "gross_margin": 29.65,
            "net_income": 50355,
            "revenue": 352123,
            "common_shares": 357000,
            "equity": 1353033,
            "current_ratio": 335.52,
            "debt_ratio": 21.71,
            "inventory_turnover_ratio": 1.32,
            "account_receivable_turnover_ratio": 15.6,
            "reinvestment_rate": null,
            "research_to_sale_ratio": 0.85,
            "price_fair": 23.76,
            "eps_avg_yearly": 7.92,
            "eps_latest_yearly": 5.64,
            "eps_growth_yearly": -59.93
        },
        "20173": {
            "year_quarter": 20173,
            "year": 2017,
            "quarter": 3,
            "eps": 1.77,
            "eps_growth_year": -26.56,
            "eps_4q": 7.31,
            "eps_4q_growth_year": null,
            "roe": 4.56,
            "gross_profit": 112764,
            "gross_margin": 29.55,
            "net_income": 63033,
            "revenue": 381611,
            "common_shares": 357000,
            "equity": 1409009,
            "current_ratio": 485.59,
            "debt_ratio": 14.56,
            "inventory_turnover_ratio": 1.35,
            "account_receivable_turnover_ratio": 14.34,
            "reinvestment_rate": null,
            "research_to_sale_ratio": 0.86,
            "price_fair": 23.13,
            "eps_avg_yearly": 7.71,
            "eps_latest_yearly": 7.08,
            "eps_growth_yearly": -19.42
        },
        "20174": {
            "year_quarter": 20174,
            "year": 2017,
            "quarter": 4,
            "eps": 2.04,
            "eps_growth_year": -21.08,
            "eps_4q": 7.11,
            "eps_4q_growth_year": null,
            "roe": 5.08,
            "gross_profit": 132616,
            "gross_margin": 33.81,
            "net_income": 72880,
            "revenue": 392262,
            "common_shares": 357000,
            "equity": 1460249,
            "current_ratio": 460.49,
            "debt_ratio": 15.58,
            "inventory_turnover_ratio": 1.18,
            "account_receivable_turnover_ratio": 13.28,
            "reinvestment_rate": null,
            "research_to_sale_ratio": 0.78,
            "price_fair": 23.4,
            "eps_avg_yearly": 7.8,
            "eps_latest_yearly": 8.16,
            "eps_growth_yearly": -3.33
        },
        "20181": {
            "year_quarter": 20181,
            "year": 2018,
            "quarter": 1,
            "eps": 2.25,
            "eps_growth_year": 15.98,
            "eps_4q": 7.47,
            "eps_4q_growth_year": null,
            "roe": 5.41,
            "gross_profit": 134219,
            "gross_margin": 31.99,
            "net_income": 80240,
            "revenue": 419572,
            "common_shares": 357000,
            "equity": 1503753,
            "current_ratio": 522.65,
            "debt_ratio": 13.35,
            "inventory_turnover_ratio": 1.31,
            "account_receivable_turnover_ratio": 12.59,
            "reinvestment_rate": null,
            "research_to_sale_ratio": 0.72,
            "price_fair": 112.71,
            "eps_avg_yearly": 8,
            "eps_latest_yearly": 9,
            "eps_growth_yearly": 4.09
        },
        "20182": {
            "year_quarter": 20182,
            "year": 2018,
            "quarter": 2,
            "eps": 1.58,
            "eps_growth_year": 12.06,
            "eps_4q": 7.09,
            "eps_4q_growth_year": -7.12,
            "roe": 4.16,
            "gross_profit": 121369,
            "gross_margin": 31.45,
            "net_income": 62149,
            "revenue": 385860,
            "common_shares": 357000,
            "equity": 1481800,
            "current_ratio": 299.22,
            "debt_ratio": 22.23,
            "inventory_turnover_ratio": 1.26,
            "account_receivable_turnover_ratio": 9.37,
            "reinvestment_rate": null,
            "research_to_sale_ratio": 0.83,
            "price_fair": 23.28,
            "eps_avg_yearly": 7.76,
            "eps_latest_yearly": 6.32,
            "eps_growth_yearly": -13.51
        },
        "20183": {
            "year_quarter": 20183,
            "year": 2018,
            "quarter": 3,
            "eps": 1.94,
            "eps_growth_year": 9.6,
            "eps_4q": 7.42,
            "eps_4q_growth_year": 1.55,
            "roe": 5.03,
            "gross_profit": 127133,
            "gross_margin": 28.04,
            "net_income": 76122,
            "revenue": 453380,
            "common_shares": 392700,
            "equity": 1541975,
            "current_ratio": 369.41,
            "debt_ratio": 18.32,
            "inventory_turnover_ratio": 1.27,
            "account_receivable_turnover_ratio": 10.6,
            "reinvestment_rate": null,
            "research_to_sale_ratio": 0.69,
            "price_fair": 23.28,
            "eps_avg_yearly": 7.76,
            "eps_latest_yearly": 7.76,
            "eps_growth_yearly": -0.43
        },
        "20184": {
            "year_quarter": 20184,
            "year": 2018,
            "quarter": 4,
            "eps": 2.04,
            "eps_growth_year": 0.01,
            "eps_4q": 7.61,
            "eps_4q_growth_year": 6.97,
            "roe": 5.04,
            "gross_profit": 138588,
            "gross_margin": 28.55,
            "net_income": 80180,
            "revenue": 485363,
            "common_shares": 392700,
            "equity": 1636623,
            "current_ratio": 335.5,
            "debt_ratio": 20.09,
            "inventory_turnover_ratio": 1.19,
            "account_receivable_turnover_ratio": 10.02,
            "reinvestment_rate": null,
            "research_to_sale_ratio": 0.97,
            "price_fair": 92.94,
            "eps_avg_yearly": 7.8,
            "eps_latest_yearly": 8.16,
            "eps_growth_yearly": 1.91
        },
        "20191": {
            "year_quarter": 20191,
            "year": 2019,
            "quarter": 1,
            "eps": 1.66,
            "eps_growth_year": -26.22,
            "eps_4q": 7.22,
            "eps_4q_growth_year": -3.25,
            "roe": 3.9,
            "gross_profit": 126151,
            "gross_margin": 27.35,
            "net_income": 65167,
            "revenue": 461233,
            "common_shares": 392700,
            "equity": 1708328,
            "current_ratio": 337.17,
            "debt_ratio": 20.93,
            "inventory_turnover_ratio": 1.21,
            "account_receivable_turnover_ratio": 7.23,
            "reinvestment_rate": null,
            "research_to_sale_ratio": 0.74,
            "price_fair": 23.06,
            "eps_avg_yearly": 7.69,
            "eps_latest_yearly": 6.64,
            "eps_growth_yearly": -5.73
        },
        "20192": {
            "year_quarter": 20192,
            "year": 2019,
            "quarter": 2,
            "eps": 1.85,
            "eps_growth_year": 17.09,
            "eps_4q": 7.49,
            "eps_4q_growth_year": 5.63,
            "roe": 4.41,
            "gross_profit": 133854,
            "gross_margin": 28.95,
            "net_income": 72503,
            "revenue": 462295,
            "common_shares": 392700,
            "equity": 1582136,
            "current_ratio": 218.48,
            "debt_ratio": 32.82,
            "inventory_turnover_ratio": 1.33,
            "account_receivable_turnover_ratio": 6.51,
            "reinvestment_rate": null,
            "research_to_sale_ratio": 0.78,
            "price_fair": 22.99,
            "eps_avg_yearly": 7.66,
            "eps_latest_yearly": 7.4,
            "eps_growth_yearly": -1.05
        },
        "20193": {
            "year_quarter": 20193,
            "year": 2019,
            "quarter": 3,
            "eps": 2.49,
            "eps_growth_year": 28.35,
            "eps_4q": 8.05,
            "eps_4q_growth_year": 8.42,
            "roe": 6,
            "gross_profit": 165790,
            "gross_margin": 33.24,
            "net_income": 98085,
            "revenue": 498809,
            "common_shares": 392700,
            "equity": 1684764,
            "current_ratio": 229.22,
            "debt_ratio": 31.79,
            "inventory_turnover_ratio": 1.38,
            "account_receivable_turnover_ratio": 6.47,
            "reinvestment_rate": null,
            "research_to_sale_ratio": 0.66,
            "price_fair": 161.54,
            "eps_avg_yearly": 7.85,
            "eps_latest_yearly": 9.96,
            "eps_growth_yearly": 10.57
        },
        "20194": {
            "year_quarter": 20194,
            "year": 2019,
            "quarter": 4,
            "eps": 2.79,
            "eps_growth_year": 36.45,
            "eps_4q": 8.79,
            "eps_4q_growth_year": 15.56,
            "roe": 6.4,
            "gross_profit": 186885,
            "gross_margin": 33.67,
            "net_income": 109409,
            "revenue": 555029,
            "common_shares": 392700,
            "equity": 1735065,
            "current_ratio": 231.93,
            "debt_ratio": 32.17,
            "inventory_turnover_ratio": 1.46,
            "account_receivable_turnover_ratio": 7.01,
            "reinvestment_rate": null,
            "research_to_sale_ratio": 0.92,
            "price_fair": 190.23,
            "eps_avg_yearly": 8.11,
            "eps_latest_yearly": 11.16,
            "eps_growth_yearly": 13.46
        },
        "20201": {
            "year_quarter": 20201,
            "year": 2020,
            "quarter": 1,
            "eps": 2.64,
            "eps_growth_year": 59.04,
            "eps_4q": 9.77,
            "eps_4q_growth_year": 35.31,
            "roe": 5.83,
            "gross_profit": 187306,
            "gross_margin": 37.56,
            "net_income": 103760,
            "revenue": 498677,
            "common_shares": 392700,
            "equity": 1822001,
            "current_ratio": 199.82,
            "debt_ratio": 31.95,
            "inventory_turnover_ratio": 1.13,
            "account_receivable_turnover_ratio": 6.23,
            "reinvestment_rate": null,
            "research_to_sale_ratio": 0.95,
            "price_fair": 173.65,
            "eps_avg_yearly": 8.28,
            "eps_latest_yearly": 10.56,
            "eps_growth_yearly": 10.97
        },
        "20202": {
            "year_quarter": 20202,
            "year": 2020,
            "quarter": 2,
            "eps": 2.33,
            "eps_growth_year": 25.95,
            "eps_4q": 10.25,
            "eps_4q_growth_year": 36.96,
            "roe": 5.25,
            "gross_profit": 153515,
            "gross_margin": 35.85,
            "net_income": 91383,
            "revenue": 428165,
            "common_shares": 392700,
            "equity": 1658202,
            "current_ratio": 198.69,
            "debt_ratio": 38.12,
            "inventory_turnover_ratio": 0.84,
            "account_receivable_turnover_ratio": 5.94,
            "reinvestment_rate": 11.84,
            "research_to_sale_ratio": 0.79,
            "price_fair": 142.85,
            "eps_avg_yearly": 8.35,
            "eps_latest_yearly": 9.32,
            "eps_growth_yearly": 7.1
        },
        "20203": {
            "year_quarter": 20203,
            "year": 2020,
            "quarter": 3,
            "eps": 2.27,
            "eps_growth_year": -8.84,
            "eps_4q": 10.02,
            "eps_4q_growth_year": 24.57,
            "roe": 5.27,
            "gross_profit": 160787,
            "gross_margin": 34.74,
            "net_income": 89002,
            "revenue": 462817,
            "common_shares": 392700,
            "equity": 1717568,
            "current_ratio": 195.84,
            "debt_ratio": 39.99,
            "inventory_turnover_ratio": 0.86,
            "account_receivable_turnover_ratio": 7.42,
            "reinvestment_rate": 10.77,
            "research_to_sale_ratio": 0.87,
            "price_fair": 134.49,
            "eps_avg_yearly": 8.4,
            "eps_latest_yearly": 9.08,
            "eps_growth_yearly": 6.02
        },
        "20204": {
            "year_quarter": 20204,
            "year": 2020,
            "quarter": 4,
            "eps": 2.72,
            "eps_growth_year": -2.26,
            "eps_4q": 9.96,
            "eps_4q_growth_year": 13.3,
            "roe": 6.09,
            "gross_profit": 182192,
            "gross_margin": 36.04,
            "net_income": 106935,
            "revenue": 505465,
            "common_shares": 392700,
            "equity": 1791694,
            "current_ratio": 200.79,
            "debt_ratio": 40.17,
            "inventory_turnover_ratio": 0.87,
            "account_receivable_turnover_ratio": 8.77,
            "reinvestment_rate": 8.73,
            "research_to_sale_ratio": 0.93,
            "price_fair": 161.05,
            "eps_avg_yearly": 8.43,
            "eps_latest_yearly": 10.88,
            "eps_growth_yearly": 9.1
        },
        "20211": {
            "year_quarter": 20211,
            "year": 2021,
            "quarter": 1,
            "eps": 2.31,
            "eps_growth_year": -12.5,
            "eps_4q": 9.62,
            "eps_4q_growth_year": -1.54,
            "roe": 4.92,
            "gross_profit": 159184,
            "gross_margin": 35.53,
            "net_income": 90546,
            "revenue": 448035,
            "common_shares": 392700,
            "equity": 1885971,
            "current_ratio": 202.44,
            "debt_ratio": 38.58,
            "inventory_turnover_ratio": 0.73,
            "account_receivable_turnover_ratio": 9.65,
            "reinvestment_rate": 9.06,
            "research_to_sale_ratio": 0.94,
            "price_fair": 184.17,
            "eps_avg_yearly": 8.52,
            "eps_latest_yearly": 9.24,
            "eps_growth_yearly": 11.61
        },
        "20212": {
            "year_quarter": 20212,
            "year": 2021,
            "quarter": 2,
            "eps": 1.49,
            "eps_growth_year": -36.05,
            "eps_4q": 8.78,
            "eps_4q_growth_year": -14.35,
            "roe": 3.29,
            "gross_profit": 132512,
            "gross_margin": 31.45,
            "net_income": 58370,
            "revenue": 421313,
            "common_shares": 392700,
            "equity": 1667656,
            "current_ratio": 167.65,
            "debt_ratio": 46.22,
            "inventory_turnover_ratio": 0.79,
            "account_receivable_turnover_ratio": 9.12,
            "reinvestment_rate": 8.46,
            "research_to_sale_ratio": 0.94,
            "price_fair": 167.14,
            "eps_avg_yearly": 8.54,
            "eps_latest_yearly": 5.96,
            "eps_growth_yearly": 9.57
        },
        "20213": {
            "year_quarter": 20213,
            "year": 2021,
            "quarter": 3,
            "eps": 1.35,
            "eps_growth_year": -40.53,
            "eps_4q": 7.87,
            "eps_4q_growth_year": -21.51,
            "roe": 3.11,
            "gross_profit": 117177,
            "gross_margin": 31.56,
            "net_income": 53060,
            "revenue": 371262,
            "common_shares": 392700,
            "equity": 1740181,
            "current_ratio": 174.33,
            "debt_ratio": 44.96,
            "inventory_turnover_ratio": 0.76,
            "account_receivable_turnover_ratio": 8.72,
            "reinvestment_rate": 7.29,
            "research_to_sale_ratio": 0.94,
            "price_fair": 84.38,
            "eps_avg_yearly": 8.44,
            "eps_latest_yearly": 5.4,
            "eps_growth_yearly": 0.83
        },
        "20214": {
            "year_quarter": 20214,
            "year": 2021,
            "quarter": 4,
            "eps": 1.94,
            "eps_growth_year": -28.72,
            "eps_4q": 7.08,
            "eps_4q_growth_year": -28.86,
            "roe": 4.3,
            "gross_profit": 154495,
            "gross_margin": 34.27,
            "net_income": 76219,
            "revenue": 450818,
            "common_shares": 392700,
            "equity": 1804457,
            "current_ratio": 178.41,
            "debt_ratio": 44.69,
            "inventory_turnover_ratio": 0.82,
            "account_receivable_turnover_ratio": 11.21,
            "reinvestment_rate": 5.44,
            "research_to_sale_ratio": 0.85,
            "price_fair": 150.97,
            "eps_avg_yearly": 8.41,
            "eps_latest_yearly": 7.76,
            "eps_growth_yearly": 7.95
        },
        "20221": {
            "year_quarter": 20221,
            "year": 2022,
            "quarter": 1,
            "eps": 1.17,
            "eps_growth_year": -49.35,
            "eps_4q": 5.95,
            "eps_4q_growth_year": -38.21,
            "roe": 2.47,
            "gross_profit": 103440,
            "gross_margin": 28.8,
            "net_income": 45849,
            "revenue": 359214,
            "common_shares": 392700,
            "equity": 1907829,
            "current_ratio": 184.82,
            "debt_ratio": 43.29,
            "inventory_turnover_ratio": 0.69,
            "account_receivable_turnover_ratio": 8.41,
            "reinvestment_rate": 7.07,
            "research_to_sale_ratio": 0.69,
            "price_fair": 24.43,
            "eps_avg_yearly": 8.14,
            "eps_latest_yearly": 4.68,
            "eps_growth_yearly": -4.55
        },
        "20222": {
            "year_quarter": 20222,
            "year": 2022,
            "quarter": 2,
            "eps": 0.45,
            "eps_growth_year": -69.8,
            "eps_4q": 4.91,
            "eps_4q_growth_year": -44.13,
            "roe": 0.94,
            "gross_profit": 88136,
            "gross_margin": 23.1,
            "net_income": 17534,
            "revenue": 381493,
            "common_shares": 392700,
            "equity": 1836602,
            "current_ratio": 166.16,
            "debt_ratio": 48.16,
            "inventory_turnover_ratio": 0.88,
            "account_receivable_turnover_ratio": 8.68,
            "reinvestment_rate": 5.79,
            "research_to_sale_ratio": 0.82,
            "price_fair": 23.58,
            "eps_avg_yearly": 7.86,
            "eps_latest_yearly": 1.8,
            "eps_growth_yearly": -12.49
        },
        "20223": {
            "year_quarter": 20223,
            "year": 2022,
            "quarter": 3,
            "eps": 0.63,
            "eps_growth_year": -53.33,
            "eps_4q": 4.19,
            "eps_4q_growth_year": -46.76,
            "roe": 1.32,
            "gross_profit": 116064,
            "gross_margin": 28.6,
            "net_income": 24860,
            "revenue": 405786,
            "common_shares": 392700,
            "equity": 1938307,
            "current_ratio": 165.5,
            "debt_ratio": 48.27,
            "inventory_turnover_ratio": 0.87,
            "account_receivable_turnover_ratio": 7.84,
            "reinvestment_rate": 8.4,
            "research_to_sale_ratio": 1.13,
            "price_fair": 22.6,
            "eps_avg_yearly": 7.53,
            "eps_latest_yearly": 2.52,
            "eps_growth_yearly": -8.19
        }
    },
    "months": {
        "2016-07": {
            "month": "2016-07",
            "price": "133.21",
            "revenue": 112614
        },
        "2016-08": {
            "month": "2016-08",
            "price": "137.55",
            "revenue": 134281
        },
        "2016-09": {
            "month": "2016-09",
            "price": "137.84",
            "revenue": 111964
        },
        "2016-10": {
            "month": "2016-10",
            "price": "132.21",
            "revenue": 126386
        },
        "2016-11": {
            "month": "2016-11",
            "price": "123.05",
            "revenue": 132692
        },
        "2016-12": {
            "month": "2016-12",
            "price": "126.13",
            "revenue": 153859
        },
        "2017-01": {
            "month": "2017-01",
            "price": "119.14",
            "revenue": 108759
        },
        "2017-02": {
            "month": "2017-02",
            "price": "119.61",
            "revenue": 129145
        },
        "2017-03": {
            "month": "2017-03",
            "price": "141.17",
            "revenue": 135483
        },
        "2017-04": {
            "month": "2017-04",
            "price": "136.39",
            "revenue": 116371
        },
        "2017-05": {
            "month": "2017-05",
            "price": "134.68",
            "revenue": 119872
        },
        "2017-06": {
            "month": "2017-06",
            "price": "134.70",
            "revenue": 116252
        },
        "2017-07": {
            "month": "2017-07",
            "price": "132.95",
            "revenue": 120496
        },
        "2017-08": {
            "month": "2017-08",
            "price": "127.67",
            "revenue": 130243
        },
        "2017-09": {
            "month": "2017-09",
            "price": "125.42",
            "revenue": 130339
        },
        "2017-10": {
            "month": "2017-10",
            "price": "125.92",
            "revenue": 131849
        },
        "2017-11": {
            "month": "2017-11",
            "price": "127.12",
            "revenue": 126882
        },
        "2017-12": {
            "month": "2017-12",
            "price": "127.32",
            "revenue": 133057
        },
        "2018-01": {
            "month": "2018-01",
            "price": "129.80",
            "revenue": 154250
        },
        "2018-02": {
            "month": "2018-02",
            "price": "127.41",
            "revenue": 116981
        },
        "2018-03": {
            "month": "2018-03",
            "price": "129.80",
            "revenue": 151836
        },
        "2018-04": {
            "month": "2018-04",
            "price": "144.94",
            "revenue": 126631
        },
        "2018-05": {
            "month": "2018-05",
            "price": "143.40",
            "revenue": 131312
        },
        "2018-06": {
            "month": "2018-06",
            "price": "139.75",
            "revenue": 132690
        },
        "2018-07": {
            "month": "2018-07",
            "price": "137.56",
            "revenue": 140876
        },
        "2018-08": {
            "month": "2018-08",
            "price": "125.24",
            "revenue": 158796
        },
        "2018-09": {
            "month": "2018-09",
            "price": "125.61",
            "revenue": 156815
        },
        "2018-10": {
            "month": "2018-10",
            "price": "120.85",
            "revenue": 165529
        },
        "2018-11": {
            "month": "2018-11",
            "price": "122.33",
            "revenue": 153342
        },
        "2018-12": {
            "month": "2018-12",
            "price": "126.00",
            "revenue": 171860
        },
        "2019-01": {
            "month": "2019-01",
            "price": "130.02",
            "revenue": 164791
        },
        "2019-02": {
            "month": "2019-02",
            "price": "133.46",
            "revenue": 125256
        },
        "2019-03": {
            "month": "2019-03",
            "price": "131.11",
            "revenue": 171225
        },
        "2019-04": {
            "month": "2019-04",
            "price": "129.72",
            "revenue": 138684
        },
        "2019-05": {
            "month": "2019-05",
            "price": "127.70",
            "revenue": 159838
        },
        "2019-06": {
            "month": "2019-06",
            "price": "123.30",
            "revenue": 164025
        },
        "2019-07": {
            "month": "2019-07",
            "price": "121.82",
            "revenue": 154788
        },
        "2019-08": {
            "month": "2019-08",
            "price": "119.24",
            "revenue": 162628
        },
        "2019-09": {
            "month": "2019-09",
            "price": "128.37",
            "revenue": 181551
        },
        "2019-10": {
            "month": "2019-10",
            "price": "130.40",
            "revenue": 182719
        },
        "2019-11": {
            "month": "2019-11",
            "price": "138.98",
            "revenue": 184236
        },
        "2019-12": {
            "month": "2019-12",
            "price": "139.88",
            "revenue": 186323
        },
        "2020-01": {
            "month": "2020-01",
            "price": "135.63",
            "revenue": 143622
        },
        "2020-02": {
            "month": "2020-02",
            "price": "135.00",
            "revenue": 175350
        },
        "2020-03": {
            "month": "2020-03",
            "price": "125.84",
            "revenue": 179787
        },
        "2020-04": {
            "month": "2020-04",
            "price": "127.15",
            "revenue": 149785
        },
        "2020-05": {
            "month": "2020-05",
            "price": "137.95",
            "revenue": 145039
        },
        "2020-06": {
            "month": "2020-06",
            "price": "133.18",
            "revenue": 133588
        },
        "2020-07": {
            "month": "2020-07",
            "price": "129.85",
            "revenue": 135526
        },
        "2020-08": {
            "month": "2020-08",
            "price": "121.10",
            "revenue": 158458
        },
        "2020-09": {
            "month": "2020-09",
            "price": "119.41",
            "revenue": 169036
        },
        "2020-10": {
            "month": "2020-10",
            "price": "120.86",
            "revenue": 173622
        },
        "2020-11": {
            "month": "2020-11",
            "price": "121.67",
            "revenue": 158647
        },
        "2020-12": {
            "month": "2020-12",
            "price": "120.13",
            "revenue": 171072
        },
        "2021-01": {
            "month": "2021-01",
            "price": "120.35",
            "revenue": 155550
        },
        "2021-02": {
            "month": "2021-02",
            "price": "119.86",
            "revenue": 143894
        },
        "2021-03": {
            "month": "2021-03",
            "price": "120.30",
            "revenue": 148655
        },
        "2021-04": {
            "month": "2021-04",
            "price": "116.13",
            "revenue": 151422
        },
        "2021-05": {
            "month": "2021-05",
            "price": "111.31",
            "revenue": 132946
        },
        "2021-06": {
            "month": "2021-06",
            "price": "111.82",
            "revenue": 137178
        },
        "2021-07": {
            "month": "2021-07",
            "price": "115.58",
            "revenue": 111844
        },
        "2021-08": {
            "month": "2021-08",
            "price": "111.50",
            "revenue": 124256
        },
        "2021-09": {
            "month": "2021-09",
            "price": "106.94",
            "revenue": 135221
        },
        "2021-10": {
            "month": "2021-10",
            "price": "105.33",
            "revenue": 154549
        },
        "2021-11": {
            "month": "2021-11",
            "price": "105.41",
            "revenue": 147119
        },
        "2021-12": {
            "month": "2021-12",
            "price": "103.47",
            "revenue": 148920
        },
        "2022-01": {
            "month": "2022-01",
            "price": "100.28",
            "revenue": 116148
        },
        "2022-02": {
            "month": "2022-02",
            "price": "95.04",
            "revenue": 112166
        },
        "2022-03": {
            "month": "2022-03",
            "price": "74.87",
            "revenue": 131168
        },
        "2022-04": {
            "month": "2022-04",
            "price": "69.58",
            "revenue": 132077
        },
        "2022-05": {
            "month": "2022-05",
            "price": "69.34",
            "revenue": 142572
        },
        "2022-06": {
            "month": "2022-06",
            "price": "69.18",
            "revenue": 107045
        },
        "2022-07": {
            "month": "2022-07",
            "price": "67.08",
            "revenue": 131477
        },
        "2022-08": {
            "month": "2022-08",
            "price": "73.09",
            "revenue": 139239
        },
        "2022-09": {
            "month": "2022-09",
            "price": "84.02",
            "revenue": 135199
        },
        "2022-10": {
            "month": "2022-10",
            "price": "84.30",
            "revenue": 141589
        },
        "2022-11": {
            "month": "2022-11",
            "price": "84.56",
            "revenue": 156756
        }
    }
}
