{
    "summary": {
        "stock_name": "政伸",
        "stock_id": "8481",
        "category": "其他",
        "main_business": "自行車及零配件貼標產品及銷售<br>運動器材貼標產品及銷售<br>其他各項網版印刷產品及銷售",
        "website_url": "http://www.transart.com.tw/",
        "ceo": "李煜培",
        "pe_ratio": 16,
        "report_year_from": 2014,
        "report_year_to": 2023,
        "age": 9,
        "eps_negative_percentage": 0,
        "eps_growth_avg": {
            "last_all": 20.52,
            "last_2y": 7.12,
            "last_4y": 4.63,
            "last_8y": null,
            "last_12y": null,
            "last_16y": null,
            "last_20y": null,
            "at_2006_last_3y": null,
            "at_2007_last_3y": null,
            "at_2008_last_3y": null,
            "at_2009_last_3y": null,
            "at_2010_last_3y": null,
            "at_2011_last_3y": null,
            "at_2012_last_3y": null,
            "at_2013_last_3y": null,
            "at_2014_last_3y": null,
            "at_2015_last_3y": null,
            "at_2016_last_3y": null,
            "at_2017_last_3y": null,
            "at_2018_last_3y": null,
            "at_2019_last_3y": null,
            "at_2020_last_3y": 50.45,
            "at_2021_last_3y": 12.66,
            "at_2022_last_3y": 5.86,
            "at_2023_last_3y": 5.86,
            "at_2006_last_all": null,
            "at_2007_last_all": null,
            "at_2008_last_all": null,
            "at_2009_last_all": null,
            "at_2010_last_all": null,
            "at_2011_last_all": null,
            "at_2012_last_all": null,
            "at_2013_last_all": null,
            "at_2014_last_all": null,
            "at_2015_last_all": null,
            "at_2016_last_all": null,
            "at_2017_last_all": null,
            "at_2018_last_all": 49.85,
            "at_2019_last_all": 33.93,
            "at_2020_last_all": 50.45,
            "at_2021_last_all": 30.13,
            "at_2022_last_all": 20.52,
            "at_2023_last_all": 20.52
        },
        "latest_eps": 3.66,
        "latest_price": 58.5,
        "latest_roe": 16.18,
        "latest_gross_margin": 47.89,
        "latest_equity": 1513973,
        "latest_revenue": 270796,
        "latest_gross_profit": 129693,
        "latest_net_income": 46570,
        "latest_debt_ratio": 23.53,
        "latest_current_ratio": 295.9,
        "latest_account_receivable_turnover_ratio": 0.87,
        "latest_inventory_turnover_ratio": 1,
        "latest_reinvestment_rate": 10.53,
        "latest_research_to_sale_ratio": 3.94
    },
    "eps_dividends": {
        "2001": {
            "cash": 0,
            "stock": 0,
            "eps": 0
        },
        "2002": {
            "cash": 0,
            "stock": 0,
            "eps": 0
        },
        "2003": {
            "cash": 0,
            "stock": 0,
            "eps": 0
        },
        "2004": {
            "cash": 0,
            "stock": 0,
            "eps": 0
        },
        "2005": {
            "cash": 0,
            "stock": 0,
            "eps": 0
        },
        "2006": {
            "cash": 0,
            "stock": 0,
            "eps": 0
        },
        "2007": {
            "cash": 0,
            "stock": 0,
            "eps": 0
        },
        "2008": {
            "cash": 0,
            "stock": 0,
            "eps": 0
        },
        "2009": {
            "cash": 0,
            "stock": 0,
            "eps": 0
        },
        "2010": {
            "cash": 0,
            "stock": 0,
            "eps": 0
        },
        "2011": {
            "cash": 0,
            "stock": 0,
            "eps": 0
        },
        "2012": {
            "cash": 0,
            "stock": 0,
            "eps": 0
        },
        "2013": {
            "cash": 0,
            "stock": 0,
            "eps": 0
        },
        "2014": {
            "cash": 0,
            "stock": 0,
            "eps": 0
        },
        "2015": {
            "cash": 3.7,
            "stock": 0,
            "eps": 0
        },
        "2016": {
            "cash": 3.6,
            "stock": 0,
            "eps": 1.66
        },
        "2017": {
            "cash": 2.2,
            "stock": 0,
            "eps": 3.36
        },
        "2018": {
            "cash": 3,
            "stock": 0,
            "eps": 3.35
        },
        "2019": {
            "cash": 3,
            "stock": 0,
            "eps": 3.42
        },
        "2020": {
            "cash": 3,
            "stock": 0,
            "eps": 12.51
        },
        "2021": {
            "cash": 7,
            "stock": 0,
            "eps": 6.11
        },
        "2022": {
            "cash": 6.5,
            "stock": 0,
            "eps": 4.43
        },
        "2023": {
            "cash": 3.8,
            "stock": 0,
            "eps": 0.7
        }
    },
    "dividends": {
        "2015-03-27": {
            "cash": 3.7,
            "stock": 0
        },
        "2016-07-25": {
            "cash": 3.6,
            "stock": 0
        },
        "2017-07-27": {
            "cash": 2.2,
            "stock": 0
        },
        "2018-07-31": {
            "cash": 3,
            "stock": 0
        },
        "2019-07-23": {
            "cash": 3,
            "stock": 0
        },
        "2020-07-24": {
            "cash": 3,
            "stock": 0
        },
        "2021-07-23": {
            "cash": 7,
            "stock": 0
        },
        "2022-07-22": {
            "cash": 6.5,
            "stock": 0
        },
        "2023-07-24": {
            "cash": 3.8,
            "stock": 0
        }
    },
    "prices": {
        "200101": "無",
        "200102": "無",
        "200103": "無",
        "200104": "無",
        "200105": "無",
        "200106": "無",
        "200107": "無",
        "200108": "無",
        "200109": "無",
        "200110": "無",
        "200111": "無",
        "200112": "無",
        "200201": "無",
        "200202": "無",
        "200203": "無",
        "200204": "無",
        "200205": "無",
        "200206": "無",
        "200207": "無",
        "200208": "無",
        "200209": "無",
        "200210": "無",
        "200211": "無",
        "200212": "無",
        "200301": "無",
        "200302": "無",
        "200303": "無",
        "200304": "無",
        "200305": "無",
        "200306": "無",
        "200307": "無",
        "200308": "無",
        "200309": "無",
        "200310": "無",
        "200311": "無",
        "200312": "無",
        "200401": "無",
        "200402": "無",
        "200403": "無",
        "200404": "無",
        "200405": "無",
        "200406": "無",
        "200407": "無",
        "200408": "無",
        "200409": "無",
        "200410": "無",
        "200411": "無",
        "200412": "無",
        "200501": "無",
        "200502": "無",
        "200503": "無",
        "200504": "無",
        "200505": "無",
        "200506": "無",
        "200507": "無",
        "200508": "無",
        "200509": "無",
        "200510": "無",
        "200511": "無",
        "200512": "無",
        "200601": "無",
        "200602": "無",
        "200603": "無",
        "200604": "無",
        "200605": "無",
        "200606": "無",
        "200607": "無",
        "200608": "無",
        "200609": "無",
        "200610": "無",
        "200611": "無",
        "200612": "無",
        "200701": "無",
        "200702": "無",
        "200703": "無",
        "200704": "無",
        "200705": "無",
        "200706": "無",
        "200707": "無",
        "200708": "無",
        "200709": "無",
        "200710": "無",
        "200711": "無",
        "200712": "無",
        "200801": "無",
        "200802": "無",
        "200803": "無",
        "200804": "無",
        "200805": "無",
        "200806": "無",
        "200807": "無",
        "200808": "無",
        "200809": "無",
        "200810": "無",
        "200811": "無",
        "200812": "無",
        "200901": "無",
        "200902": "無",
        "200903": "無",
        "200904": "無",
        "200905": "無",
        "200906": "無",
        "200907": "無",
        "200908": "無",
        "200909": "無",
        "200910": "無",
        "200911": "無",
        "200912": "無",
        "201001": "無",
        "201002": "無",
        "201003": "無",
        "201004": "無",
        "201005": "無",
        "201006": "無",
        "201007": "無",
        "201008": "無",
        "201009": "無",
        "201010": "無",
        "201011": "無",
        "201012": "無",
        "201101": "無",
        "201102": "無",
        "201103": "無",
        "201104": "無",
        "201105": "無",
        "201106": "無",
        "201107": "無",
        "201108": "無",
        "201109": "無",
        "201110": "無",
        "201111": "無",
        "201112": "無",
        "201201": "無",
        "201202": "無",
        "201203": "無",
        "201204": "無",
        "201205": "無",
        "201206": "無",
        "201207": "無",
        "201208": "無",
        "201209": "無",
        "201210": "無",
        "201211": "無",
        "201212": "無",
        "201301": "無",
        "201302": "無",
        "201303": "無",
        "201304": "無",
        "201305": "無",
        "201306": "無",
        "201307": "無",
        "201308": "無",
        "201309": "無",
        "201310": "無",
        "201311": "無",
        "201312": "無",
        "201401": "無",
        "201402": "無",
        "201403": "無",
        "201404": "無",
        "201405": "無",
        "201406": "無",
        "201407": "無",
        "201408": "無",
        "201409": "無",
        "201410": "無",
        "201411": "無",
        "201412": "無",
        "201501": "無",
        "201502": "無",
        "201503": "無",
        "201504": "無",
        "201505": "無",
        "201506": "無",
        "201507": "無",
        "201508": "無",
        "201509": "無",
        "201510": "無",
        "201511": "無",
        "201512": "無",
        "201601": "無",
        "201602": "無",
        "201603": "68.69",
        "201604": "65.40",
        "201605": "61.07",
        "201606": "60.08",
        "201607": "60.62",
        "201608": "56.56",
        "201609": "52.81",
        "201610": "57.39",
        "201611": "57.74",
        "201612": "53.48",
        "201701": "53.38",
        "201702": "54.86",
        "201703": "43.82",
        "201704": "43.28",
        "201705": "40.86",
        "201706": "40.14",
        "201707": "38.82",
        "201708": "39.79",
        "201709": "44.08",
        "201710": "47.36",
        "201711": "48.69",
        "201712": "44.69",
        "201801": "44.15",
        "201802": "44.39",
        "201803": "44.12",
        "201804": "46.37",
        "201805": "45.55",
        "201806": "44.82",
        "201807": "44.15",
        "201808": "43.10",
        "201809": "48.21",
        "201810": "49.38",
        "201811": "49.49",
        "201812": "48.21",
        "201901": "50.53",
        "201902": "51.80",
        "201903": "52.84",
        "201904": "53.90",
        "201905": "58.84",
        "201906": "60.69",
        "201907": "61.21",
        "201908": "60.11",
        "201909": "58.89",
        "201910": "58.75",
        "201911": "59.06",
        "201912": "59.17",
        "202001": "59.53",
        "202002": "58.37",
        "202003": "52.37",
        "202004": "52.59",
        "202005": "58.24",
        "202006": "61.84",
        "202007": "62.90",
        "202008": "62.41",
        "202009": "66.92",
        "202010": "70.05",
        "202011": "72.52",
        "202012": "71.75",
        "202101": "70.48",
        "202102": "71.54",
        "202103": "85.62",
        "202104": "88.07",
        "202105": "80.83",
        "202106": "83.91",
        "202107": "79.25",
        "202108": "77.53",
        "202109": "74.59",
        "202110": "71.34",
        "202111": "71.36",
        "202112": "72.46",
        "202201": "72.22",
        "202202": "70.11",
        "202203": "64.41",
        "202204": "68.26",
        "202205": "67.57",
        "202206": "68.63",
        "202207": "59.80",
        "202208": "60.23",
        "202209": "58.92",
        "202210": "55.78",
        "202211": "56.44",
        "202212": "56.85",
        "202301": "56.93",
        "202302": "57.63",
        "202303": "58.29",
        "202304": "57.91",
        "202305": "57.69",
        "202306": "58.81"
    },
    "quarters": {
        "20011": {
            "year_quarter": 20011,
            "year": 2001,
            "quarter": 1,
            "eps": null,
            "eps_growth_year": null,
            "eps_4q": null,
            "eps_4q_growth_year": null,
            "roe": null,
            "roe_4q": 0,
            "gross_profit": null,
            "gross_margin": null,
            "gross_margin_4q_avg": 0,
            "net_income": null,
            "revenue": null,
            "common_shares": null,
            "book_valuer_per_share": null,
            "book_valuer_per_share_4q_avg": 0,
            "equity": null,
            "current_ratio": null,
            "debt_ratio": null,
            "inventory_turnover_ratio": null,
            "account_receivable_turnover_ratio": null,
            "reinvestment_rate": null,
            "research_to_sale_ratio": null,
            "price_fair": 0,
            "eps_avg_yearly": 0,
            "eps_latest_yearly": 0,
            "eps_growth_yearly": 0
        },
        "20012": {
            "year_quarter": 20012,
            "year": 2001,
            "quarter": 2,
            "eps": null,
            "eps_growth_year": null,
            "eps_4q": null,
            "eps_4q_growth_year": null,
            "roe": null,
            "roe_4q": 0,
            "gross_profit": null,
            "gross_margin": null,
            "gross_margin_4q_avg": 0,
            "net_income": null,
            "revenue": null,
            "common_shares": null,
            "book_valuer_per_share": null,
            "book_valuer_per_share_4q_avg": 0,
            "equity": null,
            "current_ratio": null,
            "debt_ratio": null,
            "inventory_turnover_ratio": null,
            "account_receivable_turnover_ratio": null,
            "reinvestment_rate": null,
            "research_to_sale_ratio": null,
            "price_fair": 0,
            "eps_avg_yearly": 0,
            "eps_latest_yearly": 0,
            "eps_growth_yearly": 0
        },
        "20013": {
            "year_quarter": 20013,
            "year": 2001,
            "quarter": 3,
            "eps": null,
            "eps_growth_year": null,
            "eps_4q": null,
            "eps_4q_growth_year": null,
            "roe": null,
            "roe_4q": 0,
            "gross_profit": null,
            "gross_margin": null,
            "gross_margin_4q_avg": 0,
            "net_income": null,
            "revenue": null,
            "common_shares": null,
            "book_valuer_per_share": null,
            "book_valuer_per_share_4q_avg": 0,
            "equity": null,
            "current_ratio": null,
            "debt_ratio": null,
            "inventory_turnover_ratio": null,
            "account_receivable_turnover_ratio": null,
            "reinvestment_rate": null,
            "research_to_sale_ratio": null,
            "price_fair": 0,
            "eps_avg_yearly": 0,
            "eps_latest_yearly": 0,
            "eps_growth_yearly": 0
        },
        "20014": {
            "year_quarter": 20014,
            "year": 2001,
            "quarter": 4,
            "eps": null,
            "eps_growth_year": null,
            "eps_4q": null,
            "eps_4q_growth_year": null,
            "roe": null,
            "roe_4q": 0,
            "gross_profit": null,
            "gross_margin": null,
            "gross_margin_4q_avg": 0,
            "net_income": null,
            "revenue": null,
            "common_shares": null,
            "book_valuer_per_share": null,
            "book_valuer_per_share_4q_avg": 0,
            "equity": null,
            "current_ratio": null,
            "debt_ratio": null,
            "inventory_turnover_ratio": null,
            "account_receivable_turnover_ratio": null,
            "reinvestment_rate": null,
            "research_to_sale_ratio": null,
            "price_fair": 0,
            "eps_avg_yearly": 0,
            "eps_latest_yearly": 0,
            "eps_growth_yearly": 0
        },
        "20021": {
            "year_quarter": 20021,
            "year": 2002,
            "quarter": 1,
            "eps": null,
            "eps_growth_year": null,
            "eps_4q": null,
            "eps_4q_growth_year": null,
            "roe": null,
            "roe_4q": 0,
            "gross_profit": null,
            "gross_margin": null,
            "gross_margin_4q_avg": 0,
            "net_income": null,
            "revenue": null,
            "common_shares": null,
            "book_valuer_per_share": null,
            "book_valuer_per_share_4q_avg": 0,
            "equity": null,
            "current_ratio": null,
            "debt_ratio": null,
            "inventory_turnover_ratio": null,
            "account_receivable_turnover_ratio": null,
            "reinvestment_rate": null,
            "research_to_sale_ratio": null,
            "price_fair": 0,
            "eps_avg_yearly": 0,
            "eps_latest_yearly": 0,
            "eps_growth_yearly": 0
        },
        "20022": {
            "year_quarter": 20022,
            "year": 2002,
            "quarter": 2,
            "eps": null,
            "eps_growth_year": null,
            "eps_4q": null,
            "eps_4q_growth_year": null,
            "roe": null,
            "roe_4q": 0,
            "gross_profit": null,
            "gross_margin": null,
            "gross_margin_4q_avg": 0,
            "net_income": null,
            "revenue": null,
            "common_shares": null,
            "book_valuer_per_share": null,
            "book_valuer_per_share_4q_avg": 0,
            "equity": null,
            "current_ratio": null,
            "debt_ratio": null,
            "inventory_turnover_ratio": null,
            "account_receivable_turnover_ratio": null,
            "reinvestment_rate": null,
            "research_to_sale_ratio": null,
            "price_fair": 0,
            "eps_avg_yearly": 0,
            "eps_latest_yearly": 0,
            "eps_growth_yearly": 0
        },
        "20023": {
            "year_quarter": 20023,
            "year": 2002,
            "quarter": 3,
            "eps": null,
            "eps_growth_year": null,
            "eps_4q": null,
            "eps_4q_growth_year": null,
            "roe": null,
            "roe_4q": 0,
            "gross_profit": null,
            "gross_margin": null,
            "gross_margin_4q_avg": 0,
            "net_income": null,
            "revenue": null,
            "common_shares": null,
            "book_valuer_per_share": null,
            "book_valuer_per_share_4q_avg": 0,
            "equity": null,
            "current_ratio": null,
            "debt_ratio": null,
            "inventory_turnover_ratio": null,
            "account_receivable_turnover_ratio": null,
            "reinvestment_rate": null,
            "research_to_sale_ratio": null,
            "price_fair": 0,
            "eps_avg_yearly": 0,
            "eps_latest_yearly": 0,
            "eps_growth_yearly": 0
        },
        "20024": {
            "year_quarter": 20024,
            "year": 2002,
            "quarter": 4,
            "eps": null,
            "eps_growth_year": null,
            "eps_4q": null,
            "eps_4q_growth_year": null,
            "roe": null,
            "roe_4q": 0,
            "gross_profit": null,
            "gross_margin": null,
            "gross_margin_4q_avg": 0,
            "net_income": null,
            "revenue": null,
            "common_shares": null,
            "book_valuer_per_share": null,
            "book_valuer_per_share_4q_avg": 0,
            "equity": null,
            "current_ratio": null,
            "debt_ratio": null,
            "inventory_turnover_ratio": null,
            "account_receivable_turnover_ratio": null,
            "reinvestment_rate": null,
            "research_to_sale_ratio": null,
            "price_fair": 0,
            "eps_avg_yearly": 0,
            "eps_latest_yearly": 0,
            "eps_growth_yearly": 0
        },
        "20031": {
            "year_quarter": 20031,
            "year": 2003,
            "quarter": 1,
            "eps": null,
            "eps_growth_year": null,
            "eps_4q": null,
            "eps_4q_growth_year": null,
            "roe": null,
            "roe_4q": 0,
            "gross_profit": null,
            "gross_margin": null,
            "gross_margin_4q_avg": 0,
            "net_income": null,
            "revenue": null,
            "common_shares": null,
            "book_valuer_per_share": null,
            "book_valuer_per_share_4q_avg": 0,
            "equity": null,
            "current_ratio": null,
            "debt_ratio": null,
            "inventory_turnover_ratio": null,
            "account_receivable_turnover_ratio": null,
            "reinvestment_rate": null,
            "research_to_sale_ratio": null,
            "price_fair": 0,
            "eps_avg_yearly": 0,
            "eps_latest_yearly": 0,
            "eps_growth_yearly": 0
        },
        "20032": {
            "year_quarter": 20032,
            "year": 2003,
            "quarter": 2,
            "eps": null,
            "eps_growth_year": null,
            "eps_4q": null,
            "eps_4q_growth_year": null,
            "roe": null,
            "roe_4q": 0,
            "gross_profit": null,
            "gross_margin": null,
            "gross_margin_4q_avg": 0,
            "net_income": null,
            "revenue": null,
            "common_shares": null,
            "book_valuer_per_share": null,
            "book_valuer_per_share_4q_avg": 0,
            "equity": null,
            "current_ratio": null,
            "debt_ratio": null,
            "inventory_turnover_ratio": null,
            "account_receivable_turnover_ratio": null,
            "reinvestment_rate": null,
            "research_to_sale_ratio": null,
            "price_fair": 0,
            "eps_avg_yearly": 0,
            "eps_latest_yearly": 0,
            "eps_growth_yearly": 0
        },
        "20033": {
            "year_quarter": 20033,
            "year": 2003,
            "quarter": 3,
            "eps": null,
            "eps_growth_year": null,
            "eps_4q": null,
            "eps_4q_growth_year": null,
            "roe": null,
            "roe_4q": 0,
            "gross_profit": null,
            "gross_margin": null,
            "gross_margin_4q_avg": 0,
            "net_income": null,
            "revenue": null,
            "common_shares": null,
            "book_valuer_per_share": null,
            "book_valuer_per_share_4q_avg": 0,
            "equity": null,
            "current_ratio": null,
            "debt_ratio": null,
            "inventory_turnover_ratio": null,
            "account_receivable_turnover_ratio": null,
            "reinvestment_rate": null,
            "research_to_sale_ratio": null,
            "price_fair": 0,
            "eps_avg_yearly": 0,
            "eps_latest_yearly": 0,
            "eps_growth_yearly": 0
        },
        "20034": {
            "year_quarter": 20034,
            "year": 2003,
            "quarter": 4,
            "eps": null,
            "eps_growth_year": null,
            "eps_4q": null,
            "eps_4q_growth_year": null,
            "roe": null,
            "roe_4q": 0,
            "gross_profit": null,
            "gross_margin": null,
            "gross_margin_4q_avg": 0,
            "net_income": null,
            "revenue": null,
            "common_shares": null,
            "book_valuer_per_share": null,
            "book_valuer_per_share_4q_avg": 0,
            "equity": null,
            "current_ratio": null,
            "debt_ratio": null,
            "inventory_turnover_ratio": null,
            "account_receivable_turnover_ratio": null,
            "reinvestment_rate": null,
            "research_to_sale_ratio": null,
            "price_fair": 0,
            "eps_avg_yearly": 0,
            "eps_latest_yearly": 0,
            "eps_growth_yearly": 0
        },
        "20041": {
            "year_quarter": 20041,
            "year": 2004,
            "quarter": 1,
            "eps": null,
            "eps_growth_year": null,
            "eps_4q": null,
            "eps_4q_growth_year": null,
            "roe": null,
            "roe_4q": 0,
            "gross_profit": null,
            "gross_margin": null,
            "gross_margin_4q_avg": 0,
            "net_income": null,
            "revenue": null,
            "common_shares": null,
            "book_valuer_per_share": null,
            "book_valuer_per_share_4q_avg": 0,
            "equity": null,
            "current_ratio": null,
            "debt_ratio": null,
            "inventory_turnover_ratio": null,
            "account_receivable_turnover_ratio": null,
            "reinvestment_rate": null,
            "research_to_sale_ratio": null,
            "price_fair": 0,
            "eps_avg_yearly": 0,
            "eps_latest_yearly": 0,
            "eps_growth_yearly": 0
        },
        "20042": {
            "year_quarter": 20042,
            "year": 2004,
            "quarter": 2,
            "eps": null,
            "eps_growth_year": null,
            "eps_4q": null,
            "eps_4q_growth_year": null,
            "roe": null,
            "roe_4q": 0,
            "gross_profit": null,
            "gross_margin": null,
            "gross_margin_4q_avg": 0,
            "net_income": null,
            "revenue": null,
            "common_shares": null,
            "book_valuer_per_share": null,
            "book_valuer_per_share_4q_avg": 0,
            "equity": null,
            "current_ratio": null,
            "debt_ratio": null,
            "inventory_turnover_ratio": null,
            "account_receivable_turnover_ratio": null,
            "reinvestment_rate": null,
            "research_to_sale_ratio": null,
            "price_fair": 0,
            "eps_avg_yearly": 0,
            "eps_latest_yearly": 0,
            "eps_growth_yearly": 0
        },
        "20043": {
            "year_quarter": 20043,
            "year": 2004,
            "quarter": 3,
            "eps": null,
            "eps_growth_year": null,
            "eps_4q": null,
            "eps_4q_growth_year": null,
            "roe": null,
            "roe_4q": 0,
            "gross_profit": null,
            "gross_margin": null,
            "gross_margin_4q_avg": 0,
            "net_income": null,
            "revenue": null,
            "common_shares": null,
            "book_valuer_per_share": null,
            "book_valuer_per_share_4q_avg": 0,
            "equity": null,
            "current_ratio": null,
            "debt_ratio": null,
            "inventory_turnover_ratio": null,
            "account_receivable_turnover_ratio": null,
            "reinvestment_rate": null,
            "research_to_sale_ratio": null,
            "price_fair": 0,
            "eps_avg_yearly": 0,
            "eps_latest_yearly": 0,
            "eps_growth_yearly": 0
        },
        "20044": {
            "year_quarter": 20044,
            "year": 2004,
            "quarter": 4,
            "eps": null,
            "eps_growth_year": null,
            "eps_4q": null,
            "eps_4q_growth_year": null,
            "roe": null,
            "roe_4q": 0,
            "gross_profit": null,
            "gross_margin": null,
            "gross_margin_4q_avg": 0,
            "net_income": null,
            "revenue": null,
            "common_shares": null,
            "book_valuer_per_share": null,
            "book_valuer_per_share_4q_avg": 0,
            "equity": null,
            "current_ratio": null,
            "debt_ratio": null,
            "inventory_turnover_ratio": null,
            "account_receivable_turnover_ratio": null,
            "reinvestment_rate": null,
            "research_to_sale_ratio": null,
            "price_fair": 0,
            "eps_avg_yearly": 0,
            "eps_latest_yearly": 0,
            "eps_growth_yearly": 0
        },
        "20051": {
            "year_quarter": 20051,
            "year": 2005,
            "quarter": 1,
            "eps": null,
            "eps_growth_year": null,
            "eps_4q": null,
            "eps_4q_growth_year": null,
            "roe": null,
            "roe_4q": 0,
            "gross_profit": null,
            "gross_margin": null,
            "gross_margin_4q_avg": 0,
            "net_income": null,
            "revenue": null,
            "common_shares": null,
            "book_valuer_per_share": null,
            "book_valuer_per_share_4q_avg": 0,
            "equity": null,
            "current_ratio": null,
            "debt_ratio": null,
            "inventory_turnover_ratio": null,
            "account_receivable_turnover_ratio": null,
            "reinvestment_rate": null,
            "research_to_sale_ratio": null,
            "price_fair": 0,
            "eps_avg_yearly": 0,
            "eps_latest_yearly": 0,
            "eps_growth_yearly": 0
        },
        "20052": {
            "year_quarter": 20052,
            "year": 2005,
            "quarter": 2,
            "eps": null,
            "eps_growth_year": null,
            "eps_4q": null,
            "eps_4q_growth_year": null,
            "roe": null,
            "roe_4q": 0,
            "gross_profit": null,
            "gross_margin": null,
            "gross_margin_4q_avg": 0,
            "net_income": null,
            "revenue": null,
            "common_shares": null,
            "book_valuer_per_share": null,
            "book_valuer_per_share_4q_avg": 0,
            "equity": null,
            "current_ratio": null,
            "debt_ratio": null,
            "inventory_turnover_ratio": null,
            "account_receivable_turnover_ratio": null,
            "reinvestment_rate": null,
            "research_to_sale_ratio": null,
            "price_fair": 0,
            "eps_avg_yearly": 0,
            "eps_latest_yearly": 0,
            "eps_growth_yearly": 0
        },
        "20053": {
            "year_quarter": 20053,
            "year": 2005,
            "quarter": 3,
            "eps": null,
            "eps_growth_year": null,
            "eps_4q": null,
            "eps_4q_growth_year": null,
            "roe": null,
            "roe_4q": 0,
            "gross_profit": null,
            "gross_margin": null,
            "gross_margin_4q_avg": 0,
            "net_income": null,
            "revenue": null,
            "common_shares": null,
            "book_valuer_per_share": null,
            "book_valuer_per_share_4q_avg": 0,
            "equity": null,
            "current_ratio": null,
            "debt_ratio": null,
            "inventory_turnover_ratio": null,
            "account_receivable_turnover_ratio": null,
            "reinvestment_rate": null,
            "research_to_sale_ratio": null,
            "price_fair": 0,
            "eps_avg_yearly": 0,
            "eps_latest_yearly": 0,
            "eps_growth_yearly": 0
        },
        "20054": {
            "year_quarter": 20054,
            "year": 2005,
            "quarter": 4,
            "eps": null,
            "eps_growth_year": null,
            "eps_4q": null,
            "eps_4q_growth_year": null,
            "roe": null,
            "roe_4q": 0,
            "gross_profit": null,
            "gross_margin": null,
            "gross_margin_4q_avg": 0,
            "net_income": null,
            "revenue": null,
            "common_shares": null,
            "book_valuer_per_share": null,
            "book_valuer_per_share_4q_avg": 0,
            "equity": null,
            "current_ratio": null,
            "debt_ratio": null,
            "inventory_turnover_ratio": null,
            "account_receivable_turnover_ratio": null,
            "reinvestment_rate": null,
            "research_to_sale_ratio": null,
            "price_fair": 0,
            "eps_avg_yearly": 0,
            "eps_latest_yearly": 0,
            "eps_growth_yearly": 0
        },
        "20061": {
            "year_quarter": 20061,
            "year": 2006,
            "quarter": 1,
            "eps": null,
            "eps_growth_year": null,
            "eps_4q": null,
            "eps_4q_growth_year": null,
            "roe": null,
            "roe_4q": 0,
            "gross_profit": null,
            "gross_margin": null,
            "gross_margin_4q_avg": 0,
            "net_income": null,
            "revenue": null,
            "common_shares": null,
            "book_valuer_per_share": null,
            "book_valuer_per_share_4q_avg": 0,
            "equity": null,
            "current_ratio": null,
            "debt_ratio": null,
            "inventory_turnover_ratio": null,
            "account_receivable_turnover_ratio": null,
            "reinvestment_rate": null,
            "research_to_sale_ratio": null,
            "price_fair": 0,
            "eps_avg_yearly": 0,
            "eps_latest_yearly": 0,
            "eps_growth_yearly": 0
        },
        "20062": {
            "year_quarter": 20062,
            "year": 2006,
            "quarter": 2,
            "eps": null,
            "eps_growth_year": null,
            "eps_4q": null,
            "eps_4q_growth_year": null,
            "roe": null,
            "roe_4q": 0,
            "gross_profit": null,
            "gross_margin": null,
            "gross_margin_4q_avg": 0,
            "net_income": null,
            "revenue": null,
            "common_shares": null,
            "book_valuer_per_share": null,
            "book_valuer_per_share_4q_avg": 0,
            "equity": null,
            "current_ratio": null,
            "debt_ratio": null,
            "inventory_turnover_ratio": null,
            "account_receivable_turnover_ratio": null,
            "reinvestment_rate": null,
            "research_to_sale_ratio": null,
            "price_fair": 0,
            "eps_avg_yearly": 0,
            "eps_latest_yearly": 0,
            "eps_growth_yearly": 0
        },
        "20063": {
            "year_quarter": 20063,
            "year": 2006,
            "quarter": 3,
            "eps": null,
            "eps_growth_year": null,
            "eps_4q": null,
            "eps_4q_growth_year": null,
            "roe": null,
            "roe_4q": 0,
            "gross_profit": null,
            "gross_margin": null,
            "gross_margin_4q_avg": 0,
            "net_income": null,
            "revenue": null,
            "common_shares": null,
            "book_valuer_per_share": null,
            "book_valuer_per_share_4q_avg": 0,
            "equity": null,
            "current_ratio": null,
            "debt_ratio": null,
            "inventory_turnover_ratio": null,
            "account_receivable_turnover_ratio": null,
            "reinvestment_rate": null,
            "research_to_sale_ratio": null,
            "price_fair": 0,
            "eps_avg_yearly": 0,
            "eps_latest_yearly": 0,
            "eps_growth_yearly": 0
        },
        "20064": {
            "year_quarter": 20064,
            "year": 2006,
            "quarter": 4,
            "eps": null,
            "eps_growth_year": null,
            "eps_4q": null,
            "eps_4q_growth_year": null,
            "roe": null,
            "roe_4q": 0,
            "gross_profit": null,
            "gross_margin": null,
            "gross_margin_4q_avg": 0,
            "net_income": null,
            "revenue": null,
            "common_shares": null,
            "book_valuer_per_share": null,
            "book_valuer_per_share_4q_avg": 0,
            "equity": null,
            "current_ratio": null,
            "debt_ratio": null,
            "inventory_turnover_ratio": null,
            "account_receivable_turnover_ratio": null,
            "reinvestment_rate": null,
            "research_to_sale_ratio": null,
            "price_fair": 0,
            "eps_avg_yearly": 0,
            "eps_latest_yearly": 0,
            "eps_growth_yearly": 0
        },
        "20071": {
            "year_quarter": 20071,
            "year": 2007,
            "quarter": 1,
            "eps": null,
            "eps_growth_year": null,
            "eps_4q": null,
            "eps_4q_growth_year": null,
            "roe": null,
            "roe_4q": 0,
            "gross_profit": null,
            "gross_margin": null,
            "gross_margin_4q_avg": 0,
            "net_income": null,
            "revenue": null,
            "common_shares": null,
            "book_valuer_per_share": null,
            "book_valuer_per_share_4q_avg": 0,
            "equity": null,
            "current_ratio": null,
            "debt_ratio": null,
            "inventory_turnover_ratio": null,
            "account_receivable_turnover_ratio": null,
            "reinvestment_rate": null,
            "research_to_sale_ratio": null,
            "price_fair": 0,
            "eps_avg_yearly": 0,
            "eps_latest_yearly": 0,
            "eps_growth_yearly": 0
        },
        "20072": {
            "year_quarter": 20072,
            "year": 2007,
            "quarter": 2,
            "eps": null,
            "eps_growth_year": null,
            "eps_4q": null,
            "eps_4q_growth_year": null,
            "roe": null,
            "roe_4q": 0,
            "gross_profit": null,
            "gross_margin": null,
            "gross_margin_4q_avg": 0,
            "net_income": null,
            "revenue": null,
            "common_shares": null,
            "book_valuer_per_share": null,
            "book_valuer_per_share_4q_avg": 0,
            "equity": null,
            "current_ratio": null,
            "debt_ratio": null,
            "inventory_turnover_ratio": null,
            "account_receivable_turnover_ratio": null,
            "reinvestment_rate": null,
            "research_to_sale_ratio": null,
            "price_fair": 0,
            "eps_avg_yearly": 0,
            "eps_latest_yearly": 0,
            "eps_growth_yearly": 0
        },
        "20073": {
            "year_quarter": 20073,
            "year": 2007,
            "quarter": 3,
            "eps": null,
            "eps_growth_year": null,
            "eps_4q": null,
            "eps_4q_growth_year": null,
            "roe": null,
            "roe_4q": 0,
            "gross_profit": null,
            "gross_margin": null,
            "gross_margin_4q_avg": 0,
            "net_income": null,
            "revenue": null,
            "common_shares": null,
            "book_valuer_per_share": null,
            "book_valuer_per_share_4q_avg": 0,
            "equity": null,
            "current_ratio": null,
            "debt_ratio": null,
            "inventory_turnover_ratio": null,
            "account_receivable_turnover_ratio": null,
            "reinvestment_rate": null,
            "research_to_sale_ratio": null,
            "price_fair": 0,
            "eps_avg_yearly": 0,
            "eps_latest_yearly": 0,
            "eps_growth_yearly": 0
        },
        "20074": {
            "year_quarter": 20074,
            "year": 2007,
            "quarter": 4,
            "eps": null,
            "eps_growth_year": null,
            "eps_4q": null,
            "eps_4q_growth_year": null,
            "roe": null,
            "roe_4q": 0,
            "gross_profit": null,
            "gross_margin": null,
            "gross_margin_4q_avg": 0,
            "net_income": null,
            "revenue": null,
            "common_shares": null,
            "book_valuer_per_share": null,
            "book_valuer_per_share_4q_avg": 0,
            "equity": null,
            "current_ratio": null,
            "debt_ratio": null,
            "inventory_turnover_ratio": null,
            "account_receivable_turnover_ratio": null,
            "reinvestment_rate": null,
            "research_to_sale_ratio": null,
            "price_fair": 0,
            "eps_avg_yearly": 0,
            "eps_latest_yearly": 0,
            "eps_growth_yearly": 0
        },
        "20081": {
            "year_quarter": 20081,
            "year": 2008,
            "quarter": 1,
            "eps": null,
            "eps_growth_year": null,
            "eps_4q": null,
            "eps_4q_growth_year": null,
            "roe": null,
            "roe_4q": 0,
            "gross_profit": null,
            "gross_margin": null,
            "gross_margin_4q_avg": 0,
            "net_income": null,
            "revenue": null,
            "common_shares": null,
            "book_valuer_per_share": null,
            "book_valuer_per_share_4q_avg": 0,
            "equity": null,
            "current_ratio": null,
            "debt_ratio": null,
            "inventory_turnover_ratio": null,
            "account_receivable_turnover_ratio": null,
            "reinvestment_rate": null,
            "research_to_sale_ratio": null,
            "price_fair": 0,
            "eps_avg_yearly": 0,
            "eps_latest_yearly": 0,
            "eps_growth_yearly": 0
        },
        "20082": {
            "year_quarter": 20082,
            "year": 2008,
            "quarter": 2,
            "eps": null,
            "eps_growth_year": null,
            "eps_4q": null,
            "eps_4q_growth_year": null,
            "roe": null,
            "roe_4q": 0,
            "gross_profit": null,
            "gross_margin": null,
            "gross_margin_4q_avg": 0,
            "net_income": null,
            "revenue": null,
            "common_shares": null,
            "book_valuer_per_share": null,
            "book_valuer_per_share_4q_avg": 0,
            "equity": null,
            "current_ratio": null,
            "debt_ratio": null,
            "inventory_turnover_ratio": null,
            "account_receivable_turnover_ratio": null,
            "reinvestment_rate": null,
            "research_to_sale_ratio": null,
            "price_fair": 0,
            "eps_avg_yearly": 0,
            "eps_latest_yearly": 0,
            "eps_growth_yearly": 0
        },
        "20083": {
            "year_quarter": 20083,
            "year": 2008,
            "quarter": 3,
            "eps": null,
            "eps_growth_year": null,
            "eps_4q": null,
            "eps_4q_growth_year": null,
            "roe": null,
            "roe_4q": 0,
            "gross_profit": null,
            "gross_margin": null,
            "gross_margin_4q_avg": 0,
            "net_income": null,
            "revenue": null,
            "common_shares": null,
            "book_valuer_per_share": null,
            "book_valuer_per_share_4q_avg": 0,
            "equity": null,
            "current_ratio": null,
            "debt_ratio": null,
            "inventory_turnover_ratio": null,
            "account_receivable_turnover_ratio": null,
            "reinvestment_rate": null,
            "research_to_sale_ratio": null,
            "price_fair": 0,
            "eps_avg_yearly": 0,
            "eps_latest_yearly": 0,
            "eps_growth_yearly": 0
        },
        "20084": {
            "year_quarter": 20084,
            "year": 2008,
            "quarter": 4,
            "eps": null,
            "eps_growth_year": null,
            "eps_4q": null,
            "eps_4q_growth_year": null,
            "roe": null,
            "roe_4q": 0,
            "gross_profit": null,
            "gross_margin": null,
            "gross_margin_4q_avg": 0,
            "net_income": null,
            "revenue": null,
            "common_shares": null,
            "book_valuer_per_share": null,
            "book_valuer_per_share_4q_avg": 0,
            "equity": null,
            "current_ratio": null,
            "debt_ratio": null,
            "inventory_turnover_ratio": null,
            "account_receivable_turnover_ratio": null,
            "reinvestment_rate": null,
            "research_to_sale_ratio": null,
            "price_fair": 0,
            "eps_avg_yearly": 0,
            "eps_latest_yearly": 0,
            "eps_growth_yearly": 0
        },
        "20091": {
            "year_quarter": 20091,
            "year": 2009,
            "quarter": 1,
            "eps": null,
            "eps_growth_year": null,
            "eps_4q": null,
            "eps_4q_growth_year": null,
            "roe": null,
            "roe_4q": 0,
            "gross_profit": null,
            "gross_margin": null,
            "gross_margin_4q_avg": 0,
            "net_income": null,
            "revenue": null,
            "common_shares": null,
            "book_valuer_per_share": null,
            "book_valuer_per_share_4q_avg": 0,
            "equity": null,
            "current_ratio": null,
            "debt_ratio": null,
            "inventory_turnover_ratio": null,
            "account_receivable_turnover_ratio": null,
            "reinvestment_rate": null,
            "research_to_sale_ratio": null,
            "price_fair": 0,
            "eps_avg_yearly": 0,
            "eps_latest_yearly": 0,
            "eps_growth_yearly": 0
        },
        "20092": {
            "year_quarter": 20092,
            "year": 2009,
            "quarter": 2,
            "eps": null,
            "eps_growth_year": null,
            "eps_4q": null,
            "eps_4q_growth_year": null,
            "roe": null,
            "roe_4q": 0,
            "gross_profit": null,
            "gross_margin": null,
            "gross_margin_4q_avg": 0,
            "net_income": null,
            "revenue": null,
            "common_shares": null,
            "book_valuer_per_share": null,
            "book_valuer_per_share_4q_avg": 0,
            "equity": null,
            "current_ratio": null,
            "debt_ratio": null,
            "inventory_turnover_ratio": null,
            "account_receivable_turnover_ratio": null,
            "reinvestment_rate": null,
            "research_to_sale_ratio": null,
            "price_fair": 0,
            "eps_avg_yearly": 0,
            "eps_latest_yearly": 0,
            "eps_growth_yearly": 0
        },
        "20093": {
            "year_quarter": 20093,
            "year": 2009,
            "quarter": 3,
            "eps": null,
            "eps_growth_year": null,
            "eps_4q": null,
            "eps_4q_growth_year": null,
            "roe": null,
            "roe_4q": 0,
            "gross_profit": null,
            "gross_margin": null,
            "gross_margin_4q_avg": 0,
            "net_income": null,
            "revenue": null,
            "common_shares": null,
            "book_valuer_per_share": null,
            "book_valuer_per_share_4q_avg": 0,
            "equity": null,
            "current_ratio": null,
            "debt_ratio": null,
            "inventory_turnover_ratio": null,
            "account_receivable_turnover_ratio": null,
            "reinvestment_rate": null,
            "research_to_sale_ratio": null,
            "price_fair": 0,
            "eps_avg_yearly": 0,
            "eps_latest_yearly": 0,
            "eps_growth_yearly": 0
        },
        "20094": {
            "year_quarter": 20094,
            "year": 2009,
            "quarter": 4,
            "eps": null,
            "eps_growth_year": null,
            "eps_4q": null,
            "eps_4q_growth_year": null,
            "roe": null,
            "roe_4q": 0,
            "gross_profit": null,
            "gross_margin": null,
            "gross_margin_4q_avg": 0,
            "net_income": null,
            "revenue": null,
            "common_shares": null,
            "book_valuer_per_share": null,
            "book_valuer_per_share_4q_avg": 0,
            "equity": null,
            "current_ratio": null,
            "debt_ratio": null,
            "inventory_turnover_ratio": null,
            "account_receivable_turnover_ratio": null,
            "reinvestment_rate": null,
            "research_to_sale_ratio": null,
            "price_fair": 0,
            "eps_avg_yearly": 0,
            "eps_latest_yearly": 0,
            "eps_growth_yearly": 0
        },
        "20101": {
            "year_quarter": 20101,
            "year": 2010,
            "quarter": 1,
            "eps": null,
            "eps_growth_year": null,
            "eps_4q": null,
            "eps_4q_growth_year": null,
            "roe": null,
            "roe_4q": 0,
            "gross_profit": null,
            "gross_margin": null,
            "gross_margin_4q_avg": 0,
            "net_income": null,
            "revenue": null,
            "common_shares": null,
            "book_valuer_per_share": null,
            "book_valuer_per_share_4q_avg": 0,
            "equity": null,
            "current_ratio": null,
            "debt_ratio": null,
            "inventory_turnover_ratio": null,
            "account_receivable_turnover_ratio": null,
            "reinvestment_rate": null,
            "research_to_sale_ratio": null,
            "price_fair": 0,
            "eps_avg_yearly": 0,
            "eps_latest_yearly": 0,
            "eps_growth_yearly": 0
        },
        "20102": {
            "year_quarter": 20102,
            "year": 2010,
            "quarter": 2,
            "eps": null,
            "eps_growth_year": null,
            "eps_4q": null,
            "eps_4q_growth_year": null,
            "roe": null,
            "roe_4q": 0,
            "gross_profit": null,
            "gross_margin": null,
            "gross_margin_4q_avg": 0,
            "net_income": null,
            "revenue": null,
            "common_shares": null,
            "book_valuer_per_share": null,
            "book_valuer_per_share_4q_avg": 0,
            "equity": null,
            "current_ratio": null,
            "debt_ratio": null,
            "inventory_turnover_ratio": null,
            "account_receivable_turnover_ratio": null,
            "reinvestment_rate": null,
            "research_to_sale_ratio": null,
            "price_fair": 0,
            "eps_avg_yearly": 0,
            "eps_latest_yearly": 0,
            "eps_growth_yearly": 0
        },
        "20103": {
            "year_quarter": 20103,
            "year": 2010,
            "quarter": 3,
            "eps": null,
            "eps_growth_year": null,
            "eps_4q": null,
            "eps_4q_growth_year": null,
            "roe": null,
            "roe_4q": 0,
            "gross_profit": null,
            "gross_margin": null,
            "gross_margin_4q_avg": 0,
            "net_income": null,
            "revenue": null,
            "common_shares": null,
            "book_valuer_per_share": null,
            "book_valuer_per_share_4q_avg": 0,
            "equity": null,
            "current_ratio": null,
            "debt_ratio": null,
            "inventory_turnover_ratio": null,
            "account_receivable_turnover_ratio": null,
            "reinvestment_rate": null,
            "research_to_sale_ratio": null,
            "price_fair": 0,
            "eps_avg_yearly": 0,
            "eps_latest_yearly": 0,
            "eps_growth_yearly": 0
        },
        "20104": {
            "year_quarter": 20104,
            "year": 2010,
            "quarter": 4,
            "eps": null,
            "eps_growth_year": null,
            "eps_4q": null,
            "eps_4q_growth_year": null,
            "roe": null,
            "roe_4q": 0,
            "gross_profit": null,
            "gross_margin": null,
            "gross_margin_4q_avg": 0,
            "net_income": null,
            "revenue": null,
            "common_shares": null,
            "book_valuer_per_share": null,
            "book_valuer_per_share_4q_avg": 0,
            "equity": null,
            "current_ratio": null,
            "debt_ratio": null,
            "inventory_turnover_ratio": null,
            "account_receivable_turnover_ratio": null,
            "reinvestment_rate": null,
            "research_to_sale_ratio": null,
            "price_fair": 0,
            "eps_avg_yearly": 0,
            "eps_latest_yearly": 0,
            "eps_growth_yearly": 0
        },
        "20111": {
            "year_quarter": 20111,
            "year": 2011,
            "quarter": 1,
            "eps": null,
            "eps_growth_year": null,
            "eps_4q": null,
            "eps_4q_growth_year": null,
            "roe": null,
            "roe_4q": 0,
            "gross_profit": null,
            "gross_margin": null,
            "gross_margin_4q_avg": 0,
            "net_income": null,
            "revenue": null,
            "common_shares": null,
            "book_valuer_per_share": null,
            "book_valuer_per_share_4q_avg": 0,
            "equity": null,
            "current_ratio": null,
            "debt_ratio": null,
            "inventory_turnover_ratio": null,
            "account_receivable_turnover_ratio": null,
            "reinvestment_rate": null,
            "research_to_sale_ratio": null,
            "price_fair": 0,
            "eps_avg_yearly": 0,
            "eps_latest_yearly": 0,
            "eps_growth_yearly": 0
        },
        "20112": {
            "year_quarter": 20112,
            "year": 2011,
            "quarter": 2,
            "eps": null,
            "eps_growth_year": null,
            "eps_4q": null,
            "eps_4q_growth_year": null,
            "roe": null,
            "roe_4q": 0,
            "gross_profit": null,
            "gross_margin": null,
            "gross_margin_4q_avg": 0,
            "net_income": null,
            "revenue": null,
            "common_shares": null,
            "book_valuer_per_share": null,
            "book_valuer_per_share_4q_avg": 0,
            "equity": null,
            "current_ratio": null,
            "debt_ratio": null,
            "inventory_turnover_ratio": null,
            "account_receivable_turnover_ratio": null,
            "reinvestment_rate": null,
            "research_to_sale_ratio": null,
            "price_fair": 0,
            "eps_avg_yearly": 0,
            "eps_latest_yearly": 0,
            "eps_growth_yearly": 0
        },
        "20113": {
            "year_quarter": 20113,
            "year": 2011,
            "quarter": 3,
            "eps": null,
            "eps_growth_year": null,
            "eps_4q": null,
            "eps_4q_growth_year": null,
            "roe": null,
            "roe_4q": 0,
            "gross_profit": null,
            "gross_margin": null,
            "gross_margin_4q_avg": 0,
            "net_income": null,
            "revenue": null,
            "common_shares": null,
            "book_valuer_per_share": null,
            "book_valuer_per_share_4q_avg": 0,
            "equity": null,
            "current_ratio": null,
            "debt_ratio": null,
            "inventory_turnover_ratio": null,
            "account_receivable_turnover_ratio": null,
            "reinvestment_rate": null,
            "research_to_sale_ratio": null,
            "price_fair": 0,
            "eps_avg_yearly": 0,
            "eps_latest_yearly": 0,
            "eps_growth_yearly": 0
        },
        "20114": {
            "year_quarter": 20114,
            "year": 2011,
            "quarter": 4,
            "eps": null,
            "eps_growth_year": null,
            "eps_4q": null,
            "eps_4q_growth_year": null,
            "roe": null,
            "roe_4q": 0,
            "gross_profit": null,
            "gross_margin": null,
            "gross_margin_4q_avg": 0,
            "net_income": null,
            "revenue": null,
            "common_shares": null,
            "book_valuer_per_share": null,
            "book_valuer_per_share_4q_avg": 0,
            "equity": null,
            "current_ratio": null,
            "debt_ratio": null,
            "inventory_turnover_ratio": null,
            "account_receivable_turnover_ratio": null,
            "reinvestment_rate": null,
            "research_to_sale_ratio": null,
            "price_fair": 0,
            "eps_avg_yearly": 0,
            "eps_latest_yearly": 0,
            "eps_growth_yearly": 0
        },
        "20121": {
            "year_quarter": 20121,
            "year": 2012,
            "quarter": 1,
            "eps": null,
            "eps_growth_year": null,
            "eps_4q": null,
            "eps_4q_growth_year": null,
            "roe": null,
            "roe_4q": 0,
            "gross_profit": null,
            "gross_margin": null,
            "gross_margin_4q_avg": 0,
            "net_income": null,
            "revenue": null,
            "common_shares": null,
            "book_valuer_per_share": null,
            "book_valuer_per_share_4q_avg": 0,
            "equity": null,
            "current_ratio": null,
            "debt_ratio": null,
            "inventory_turnover_ratio": null,
            "account_receivable_turnover_ratio": null,
            "reinvestment_rate": null,
            "research_to_sale_ratio": null,
            "price_fair": 0,
            "eps_avg_yearly": 0,
            "eps_latest_yearly": 0,
            "eps_growth_yearly": 0
        },
        "20122": {
            "year_quarter": 20122,
            "year": 2012,
            "quarter": 2,
            "eps": null,
            "eps_growth_year": null,
            "eps_4q": null,
            "eps_4q_growth_year": null,
            "roe": null,
            "roe_4q": 0,
            "gross_profit": null,
            "gross_margin": null,
            "gross_margin_4q_avg": 0,
            "net_income": null,
            "revenue": null,
            "common_shares": null,
            "book_valuer_per_share": null,
            "book_valuer_per_share_4q_avg": 0,
            "equity": null,
            "current_ratio": null,
            "debt_ratio": null,
            "inventory_turnover_ratio": null,
            "account_receivable_turnover_ratio": null,
            "reinvestment_rate": null,
            "research_to_sale_ratio": null,
            "price_fair": 0,
            "eps_avg_yearly": 0,
            "eps_latest_yearly": 0,
            "eps_growth_yearly": 0
        },
        "20123": {
            "year_quarter": 20123,
            "year": 2012,
            "quarter": 3,
            "eps": null,
            "eps_growth_year": null,
            "eps_4q": null,
            "eps_4q_growth_year": null,
            "roe": null,
            "roe_4q": 0,
            "gross_profit": null,
            "gross_margin": null,
            "gross_margin_4q_avg": 0,
            "net_income": null,
            "revenue": null,
            "common_shares": null,
            "book_valuer_per_share": null,
            "book_valuer_per_share_4q_avg": 0,
            "equity": null,
            "current_ratio": null,
            "debt_ratio": null,
            "inventory_turnover_ratio": null,
            "account_receivable_turnover_ratio": null,
            "reinvestment_rate": null,
            "research_to_sale_ratio": null,
            "price_fair": 0,
            "eps_avg_yearly": 0,
            "eps_latest_yearly": 0,
            "eps_growth_yearly": 0
        },
        "20124": {
            "year_quarter": 20124,
            "year": 2012,
            "quarter": 4,
            "eps": null,
            "eps_growth_year": null,
            "eps_4q": null,
            "eps_4q_growth_year": null,
            "roe": null,
            "roe_4q": 0,
            "gross_profit": null,
            "gross_margin": null,
            "gross_margin_4q_avg": 0,
            "net_income": null,
            "revenue": null,
            "common_shares": null,
            "book_valuer_per_share": null,
            "book_valuer_per_share_4q_avg": 0,
            "equity": null,
            "current_ratio": null,
            "debt_ratio": null,
            "inventory_turnover_ratio": null,
            "account_receivable_turnover_ratio": null,
            "reinvestment_rate": null,
            "research_to_sale_ratio": null,
            "price_fair": 0,
            "eps_avg_yearly": 0,
            "eps_latest_yearly": 0,
            "eps_growth_yearly": 0
        },
        "20131": {
            "year_quarter": 20131,
            "year": 2013,
            "quarter": 1,
            "eps": null,
            "eps_growth_year": null,
            "eps_4q": null,
            "eps_4q_growth_year": null,
            "roe": null,
            "roe_4q": 0,
            "gross_profit": null,
            "gross_margin": null,
            "gross_margin_4q_avg": 0,
            "net_income": null,
            "revenue": null,
            "common_shares": null,
            "book_valuer_per_share": null,
            "book_valuer_per_share_4q_avg": 0,
            "equity": null,
            "current_ratio": null,
            "debt_ratio": null,
            "inventory_turnover_ratio": null,
            "account_receivable_turnover_ratio": null,
            "reinvestment_rate": null,
            "research_to_sale_ratio": null,
            "price_fair": 0,
            "eps_avg_yearly": 0,
            "eps_latest_yearly": 0,
            "eps_growth_yearly": 0
        },
        "20132": {
            "year_quarter": 20132,
            "year": 2013,
            "quarter": 2,
            "eps": null,
            "eps_growth_year": null,
            "eps_4q": null,
            "eps_4q_growth_year": null,
            "roe": null,
            "roe_4q": 0,
            "gross_profit": null,
            "gross_margin": null,
            "gross_margin_4q_avg": 0,
            "net_income": null,
            "revenue": null,
            "common_shares": null,
            "book_valuer_per_share": null,
            "book_valuer_per_share_4q_avg": 0,
            "equity": null,
            "current_ratio": null,
            "debt_ratio": null,
            "inventory_turnover_ratio": null,
            "account_receivable_turnover_ratio": null,
            "reinvestment_rate": null,
            "research_to_sale_ratio": null,
            "price_fair": 0,
            "eps_avg_yearly": 0,
            "eps_latest_yearly": 0,
            "eps_growth_yearly": 0
        },
        "20133": {
            "year_quarter": 20133,
            "year": 2013,
            "quarter": 3,
            "eps": null,
            "eps_growth_year": null,
            "eps_4q": null,
            "eps_4q_growth_year": null,
            "roe": null,
            "roe_4q": 0,
            "gross_profit": null,
            "gross_margin": null,
            "gross_margin_4q_avg": 0,
            "net_income": null,
            "revenue": null,
            "common_shares": null,
            "book_valuer_per_share": null,
            "book_valuer_per_share_4q_avg": 0,
            "equity": null,
            "current_ratio": null,
            "debt_ratio": null,
            "inventory_turnover_ratio": null,
            "account_receivable_turnover_ratio": null,
            "reinvestment_rate": null,
            "research_to_sale_ratio": null,
            "price_fair": 0,
            "eps_avg_yearly": 0,
            "eps_latest_yearly": 0,
            "eps_growth_yearly": 0
        },
        "20134": {
            "year_quarter": 20134,
            "year": 2013,
            "quarter": 4,
            "eps": null,
            "eps_growth_year": null,
            "eps_4q": null,
            "eps_4q_growth_year": null,
            "roe": null,
            "roe_4q": 0,
            "gross_profit": null,
            "gross_margin": null,
            "gross_margin_4q_avg": 0,
            "net_income": null,
            "revenue": null,
            "common_shares": null,
            "book_valuer_per_share": null,
            "book_valuer_per_share_4q_avg": 0,
            "equity": null,
            "current_ratio": null,
            "debt_ratio": null,
            "inventory_turnover_ratio": null,
            "account_receivable_turnover_ratio": null,
            "reinvestment_rate": null,
            "research_to_sale_ratio": null,
            "price_fair": 0,
            "eps_avg_yearly": 0,
            "eps_latest_yearly": 0,
            "eps_growth_yearly": 0
        },
        "20141": {
            "year_quarter": 20141,
            "year": 2014,
            "quarter": 1,
            "eps": null,
            "eps_growth_year": null,
            "eps_4q": null,
            "eps_4q_growth_year": null,
            "roe": null,
            "roe_4q": 0,
            "gross_profit": null,
            "gross_margin": null,
            "gross_margin_4q_avg": 0,
            "net_income": null,
            "revenue": null,
            "common_shares": null,
            "book_valuer_per_share": null,
            "book_valuer_per_share_4q_avg": 0,
            "equity": null,
            "current_ratio": null,
            "debt_ratio": null,
            "inventory_turnover_ratio": null,
            "account_receivable_turnover_ratio": null,
            "reinvestment_rate": null,
            "research_to_sale_ratio": null,
            "price_fair": 0,
            "eps_avg_yearly": 0,
            "eps_latest_yearly": 0,
            "eps_growth_yearly": 0
        },
        "20142": {
            "year_quarter": 20142,
            "year": 2014,
            "quarter": 2,
            "eps": null,
            "eps_growth_year": null,
            "eps_4q": null,
            "eps_4q_growth_year": null,
            "roe": null,
            "roe_4q": 0,
            "gross_profit": null,
            "gross_margin": null,
            "gross_margin_4q_avg": 0,
            "net_income": null,
            "revenue": null,
            "common_shares": 528350,
            "book_valuer_per_share": null,
            "book_valuer_per_share_4q_avg": 0,
            "equity": 899318,
            "current_ratio": null,
            "debt_ratio": null,
            "inventory_turnover_ratio": null,
            "account_receivable_turnover_ratio": null,
            "reinvestment_rate": null,
            "research_to_sale_ratio": null,
            "price_fair": 0,
            "eps_avg_yearly": 0,
            "eps_latest_yearly": 0,
            "eps_growth_yearly": 0
        },
        "20143": {
            "year_quarter": 20143,
            "year": 2014,
            "quarter": 3,
            "eps": null,
            "eps_growth_year": null,
            "eps_4q": null,
            "eps_4q_growth_year": null,
            "roe": null,
            "roe_4q": 0,
            "gross_profit": null,
            "gross_margin": null,
            "gross_margin_4q_avg": 0,
            "net_income": null,
            "revenue": null,
            "common_shares": null,
            "book_valuer_per_share": null,
            "book_valuer_per_share_4q_avg": 0,
            "equity": null,
            "current_ratio": null,
            "debt_ratio": null,
            "inventory_turnover_ratio": null,
            "account_receivable_turnover_ratio": null,
            "reinvestment_rate": null,
            "research_to_sale_ratio": null,
            "price_fair": 0,
            "eps_avg_yearly": 0,
            "eps_latest_yearly": 0,
            "eps_growth_yearly": 0
        },
        "20144": {
            "year_quarter": 20144,
            "year": 2014,
            "quarter": 4,
            "eps": null,
            "eps_growth_year": null,
            "eps_4q": null,
            "eps_4q_growth_year": null,
            "roe": null,
            "roe_4q": 0,
            "gross_profit": null,
            "gross_margin": null,
            "gross_margin_4q_avg": 0,
            "net_income": null,
            "revenue": null,
            "common_shares": 608669,
            "book_valuer_per_share": null,
            "book_valuer_per_share_4q_avg": 0,
            "equity": 1065168,
            "current_ratio": null,
            "debt_ratio": null,
            "inventory_turnover_ratio": null,
            "account_receivable_turnover_ratio": null,
            "reinvestment_rate": null,
            "research_to_sale_ratio": null,
            "price_fair": 0,
            "eps_avg_yearly": 0,
            "eps_latest_yearly": 0,
            "eps_growth_yearly": 0
        },
        "20151": {
            "year_quarter": 20151,
            "year": 2015,
            "quarter": 1,
            "eps": null,
            "eps_growth_year": null,
            "eps_4q": null,
            "eps_4q_growth_year": null,
            "roe": null,
            "roe_4q": 0,
            "gross_profit": null,
            "gross_margin": null,
            "gross_margin_4q_avg": 0,
            "net_income": null,
            "revenue": null,
            "common_shares": null,
            "book_valuer_per_share": null,
            "book_valuer_per_share_4q_avg": 0,
            "equity": null,
            "current_ratio": null,
            "debt_ratio": null,
            "inventory_turnover_ratio": null,
            "account_receivable_turnover_ratio": null,
            "reinvestment_rate": null,
            "research_to_sale_ratio": null,
            "price_fair": 0,
            "eps_avg_yearly": 0,
            "eps_latest_yearly": 0,
            "eps_growth_yearly": 0
        },
        "20152": {
            "year_quarter": 20152,
            "year": 2015,
            "quarter": 2,
            "eps": null,
            "eps_growth_year": null,
            "eps_4q": null,
            "eps_4q_growth_year": null,
            "roe": null,
            "roe_4q": 0,
            "gross_profit": null,
            "gross_margin": null,
            "gross_margin_4q_avg": 0,
            "net_income": null,
            "revenue": null,
            "common_shares": 608669,
            "book_valuer_per_share": 15.28,
            "book_valuer_per_share_4q_avg": 3.82,
            "equity": 943026,
            "current_ratio": 232.15,
            "debt_ratio": 33.26,
            "inventory_turnover_ratio": null,
            "account_receivable_turnover_ratio": null,
            "reinvestment_rate": null,
            "research_to_sale_ratio": null,
            "price_fair": 0,
            "eps_avg_yearly": 0,
            "eps_latest_yearly": 0,
            "eps_growth_yearly": 0
        },
        "20153": {
            "year_quarter": 20153,
            "year": 2015,
            "quarter": 3,
            "eps": null,
            "eps_growth_year": null,
            "eps_4q": null,
            "eps_4q_growth_year": null,
            "roe": null,
            "roe_4q": 0,
            "gross_profit": 141554,
            "gross_margin": null,
            "gross_margin_4q_avg": 0,
            "net_income": 75195,
            "revenue": 314802,
            "common_shares": 608669,
            "book_valuer_per_share": null,
            "book_valuer_per_share_4q_avg": 3.82,
            "equity": 1028458,
            "current_ratio": null,
            "debt_ratio": null,
            "inventory_turnover_ratio": null,
            "account_receivable_turnover_ratio": null,
            "reinvestment_rate": null,
            "research_to_sale_ratio": null,
            "price_fair": 0,
            "eps_avg_yearly": 0,
            "eps_latest_yearly": 0,
            "eps_growth_yearly": 0
        },
        "20154": {
            "year_quarter": 20154,
            "year": 2015,
            "quarter": 4,
            "eps": null,
            "eps_growth_year": null,
            "eps_4q": null,
            "eps_4q_growth_year": null,
            "roe": null,
            "roe_4q": 0,
            "gross_profit": 144970,
            "gross_margin": null,
            "gross_margin_4q_avg": 0,
            "net_income": 60130,
            "revenue": 322176,
            "common_shares": 608669,
            "book_valuer_per_share": 17.57,
            "book_valuer_per_share_4q_avg": 8.21,
            "equity": 1083211,
            "current_ratio": 376.44,
            "debt_ratio": 20.58,
            "inventory_turnover_ratio": null,
            "account_receivable_turnover_ratio": null,
            "reinvestment_rate": null,
            "research_to_sale_ratio": null,
            "price_fair": 0,
            "eps_avg_yearly": 0,
            "eps_latest_yearly": 0,
            "eps_growth_yearly": 0
        },
        "20161": {
            "year_quarter": 20161,
            "year": 2016,
            "quarter": 1,
            "eps": null,
            "eps_growth_year": null,
            "eps_4q": null,
            "eps_4q_growth_year": null,
            "roe": null,
            "roe_4q": 0,
            "gross_profit": null,
            "gross_margin": null,
            "gross_margin_4q_avg": 0,
            "net_income": null,
            "revenue": null,
            "common_shares": null,
            "book_valuer_per_share": null,
            "book_valuer_per_share_4q_avg": 8.21,
            "equity": null,
            "current_ratio": null,
            "debt_ratio": null,
            "inventory_turnover_ratio": null,
            "account_receivable_turnover_ratio": null,
            "reinvestment_rate": null,
            "research_to_sale_ratio": null,
            "price_fair": 0,
            "eps_avg_yearly": 0,
            "eps_latest_yearly": 0,
            "eps_growth_yearly": 0
        },
        "20162": {
            "year_quarter": 20162,
            "year": 2016,
            "quarter": 2,
            "eps": null,
            "eps_growth_year": null,
            "eps_4q": null,
            "eps_4q_growth_year": null,
            "roe": null,
            "roe_4q": 0,
            "gross_profit": null,
            "gross_margin": null,
            "gross_margin_4q_avg": 0,
            "net_income": null,
            "revenue": null,
            "common_shares": 608669,
            "book_valuer_per_share": 14.93,
            "book_valuer_per_share_4q_avg": 8.13,
            "equity": 921821,
            "current_ratio": 237.27,
            "debt_ratio": 32.19,
            "inventory_turnover_ratio": null,
            "account_receivable_turnover_ratio": null,
            "reinvestment_rate": null,
            "research_to_sale_ratio": null,
            "price_fair": 0,
            "eps_avg_yearly": 0,
            "eps_latest_yearly": 0,
            "eps_growth_yearly": 0
        },
        "20163": {
            "year_quarter": 20163,
            "year": 2016,
            "quarter": 3,
            "eps": 0.68,
            "eps_growth_year": null,
            "eps_4q": null,
            "eps_4q_growth_year": null,
            "roe": 4.47,
            "roe_4q": 4.47,
            "gross_profit": 104887,
            "gross_margin": 41.72,
            "gross_margin_4q_avg": 10.43,
            "net_income": 41441,
            "revenue": 251415,
            "common_shares": 608669,
            "book_valuer_per_share": 15.32,
            "book_valuer_per_share_4q_avg": 11.96,
            "equity": 932689,
            "current_ratio": 459.34,
            "debt_ratio": 16.61,
            "inventory_turnover_ratio": 2.12,
            "account_receivable_turnover_ratio": 0.9,
            "reinvestment_rate": null,
            "research_to_sale_ratio": 1.19,
            "price_fair": 0,
            "eps_avg_yearly": 0,
            "eps_latest_yearly": 0,
            "eps_growth_yearly": 0
        },
        "20164": {
            "year_quarter": 20164,
            "year": 2016,
            "quarter": 4,
            "eps": 0.98,
            "eps_growth_year": null,
            "eps_4q": null,
            "eps_4q_growth_year": null,
            "roe": 6.23,
            "roe_4q": 10.7,
            "gross_profit": 136704,
            "gross_margin": 46.34,
            "gross_margin_4q_avg": 22.02,
            "net_income": 59775,
            "revenue": 294990,
            "common_shares": 608669,
            "book_valuer_per_share": 16.19,
            "book_valuer_per_share_4q_avg": 11.61,
            "equity": 985355,
            "current_ratio": 396.72,
            "debt_ratio": 19.79,
            "inventory_turnover_ratio": 2.64,
            "account_receivable_turnover_ratio": 1.04,
            "reinvestment_rate": null,
            "research_to_sale_ratio": 1.47,
            "price_fair": 137.2,
            "eps_avg_yearly": 3.92,
            "eps_latest_yearly": 3.92,
            "eps_growth_yearly": 176.47
        },
        "20171": {
            "year_quarter": 20171,
            "year": 2017,
            "quarter": 1,
            "eps": 0.58,
            "eps_growth_year": null,
            "eps_4q": null,
            "eps_4q_growth_year": null,
            "roe": 3.36,
            "roe_4q": 14.059999999999999,
            "gross_profit": 107069,
            "gross_margin": 42.85,
            "gross_margin_4q_avg": 32.73,
            "net_income": 36957,
            "revenue": 249883,
            "common_shares": 666019,
            "book_valuer_per_share": 18.23,
            "book_valuer_per_share_4q_avg": 16.17,
            "equity": 1214164,
            "current_ratio": 629.74,
            "debt_ratio": 13.39,
            "inventory_turnover_ratio": 2.48,
            "account_receivable_turnover_ratio": 0.94,
            "reinvestment_rate": null,
            "research_to_sale_ratio": 1.33,
            "price_fair": 51.8,
            "eps_avg_yearly": 3.12,
            "eps_latest_yearly": 2.32,
            "eps_growth_yearly": 6.6
        },
        "20172": {
            "year_quarter": 20172,
            "year": 2017,
            "quarter": 2,
            "eps": 0.77,
            "eps_growth_year": null,
            "eps_4q": 2.84,
            "eps_4q_growth_year": null,
            "roe": 4.36,
            "roe_4q": 18.42,
            "gross_profit": 122557,
            "gross_margin": 45.7,
            "gross_margin_4q_avg": 44.15,
            "net_income": 51035,
            "revenue": 268165,
            "common_shares": 666019,
            "book_valuer_per_share": 16.93,
            "book_valuer_per_share_4q_avg": 16.67,
            "equity": 1127746,
            "current_ratio": 355.05,
            "debt_ratio": 22.96,
            "inventory_turnover_ratio": 2.31,
            "account_receivable_turnover_ratio": 1.05,
            "reinvestment_rate": null,
            "research_to_sale_ratio": 1.41,
            "price_fair": 108.73,
            "eps_avg_yearly": 3.11,
            "eps_latest_yearly": 3.08,
            "eps_growth_yearly": 48.08
        },
        "20173": {
            "year_quarter": 20173,
            "year": 2017,
            "quarter": 3,
            "eps": 1.02,
            "eps_growth_year": 50,
            "eps_4q": 3.24,
            "eps_4q_growth_year": null,
            "roe": 5.86,
            "roe_4q": 19.810000000000002,
            "gross_profit": 148934,
            "gross_margin": 47.45,
            "gross_margin_4q_avg": 45.59,
            "net_income": 68134,
            "revenue": 313851,
            "common_shares": 666019,
            "book_valuer_per_share": 18,
            "book_valuer_per_share_4q_avg": 17.34,
            "equity": 1198921,
            "current_ratio": 555.91,
            "debt_ratio": 14.85,
            "inventory_turnover_ratio": 2.39,
            "account_receivable_turnover_ratio": 1.03,
            "reinvestment_rate": null,
            "research_to_sale_ratio": 1.2,
            "price_fair": 117.25,
            "eps_avg_yearly": 3.35,
            "eps_latest_yearly": 4.08,
            "eps_growth_yearly": 68.53
        },
        "20174": {
            "year_quarter": 20174,
            "year": 2017,
            "quarter": 4,
            "eps": 0.99,
            "eps_growth_year": 1.15,
            "eps_4q": 3.34,
            "eps_4q_growth_year": null,
            "roe": 5.37,
            "roe_4q": 18.95,
            "gross_profit": 155947,
            "gross_margin": 49.13,
            "gross_margin_4q_avg": 46.28,
            "net_income": 66157,
            "revenue": 317429,
            "common_shares": 666019,
            "book_valuer_per_share": 18.99,
            "book_valuer_per_share_4q_avg": 18.04,
            "equity": 1264925,
            "current_ratio": 486.41,
            "debt_ratio": 17.12,
            "inventory_turnover_ratio": 2.34,
            "account_receivable_turnover_ratio": 0.93,
            "reinvestment_rate": null,
            "research_to_sale_ratio": 1.3,
            "price_fair": 121.52,
            "eps_avg_yearly": 3.47,
            "eps_latest_yearly": 3.96,
            "eps_growth_yearly": 52.47
        },
        "20181": {
            "year_quarter": 20181,
            "year": 2018,
            "quarter": 1,
            "eps": 0.65,
            "eps_growth_year": 12.07,
            "eps_4q": 3.43,
            "eps_4q_growth_year": null,
            "roe": 3.34,
            "roe_4q": 18.93,
            "gross_profit": 115756,
            "gross_margin": 44.07,
            "gross_margin_4q_avg": 46.59,
            "net_income": 43018,
            "revenue": 262690,
            "common_shares": 666019,
            "book_valuer_per_share": 19.74,
            "book_valuer_per_share_4q_avg": 18.42,
            "equity": 1314479,
            "current_ratio": 639.62,
            "debt_ratio": 13.16,
            "inventory_turnover_ratio": 2.1,
            "account_receivable_turnover_ratio": 0.82,
            "reinvestment_rate": null,
            "research_to_sale_ratio": 1.35,
            "price_fair": 102.56,
            "eps_avg_yearly": 3.33,
            "eps_latest_yearly": 2.6,
            "eps_growth_yearly": 20.83
        },
        "20182": {
            "year_quarter": 20182,
            "year": 2018,
            "quarter": 2,
            "eps": 0.81,
            "eps_growth_year": 5.19,
            "eps_4q": 3.48,
            "eps_4q_growth_year": 22.37,
            "roe": 4.37,
            "roe_4q": 18.94,
            "gross_profit": 118527,
            "gross_margin": 45.01,
            "gross_margin_4q_avg": 46.42,
            "net_income": 54220,
            "revenue": 263356,
            "common_shares": 666019,
            "book_valuer_per_share": 17.53,
            "book_valuer_per_share_4q_avg": 18.57,
            "equity": 1167721,
            "current_ratio": 327.02,
            "debt_ratio": 25.45,
            "inventory_turnover_ratio": 1.98,
            "account_receivable_turnover_ratio": 0.92,
            "reinvestment_rate": null,
            "research_to_sale_ratio": 1.35,
            "price_fair": 116,
            "eps_avg_yearly": 3.31,
            "eps_latest_yearly": 3.24,
            "eps_growth_yearly": 31.92
        },
        "20183": {
            "year_quarter": 20183,
            "year": 2018,
            "quarter": 3,
            "eps": 0.85,
            "eps_growth_year": -16.67,
            "eps_4q": 3.3,
            "eps_4q_growth_year": 1.92,
            "roe": 4.77,
            "roe_4q": 17.85,
            "gross_profit": 136260,
            "gross_margin": 47.4,
            "gross_margin_4q_avg": 46.4,
            "net_income": 56648,
            "revenue": 287446,
            "common_shares": 666019,
            "book_valuer_per_share": 18.1,
            "book_valuer_per_share_4q_avg": 18.59,
            "equity": 1205712,
            "current_ratio": 541.45,
            "debt_ratio": 15.18,
            "inventory_turnover_ratio": 2.06,
            "account_receivable_turnover_ratio": 0.98,
            "reinvestment_rate": null,
            "research_to_sale_ratio": 1.4,
            "price_fair": 116.38,
            "eps_avg_yearly": 3.33,
            "eps_latest_yearly": 3.4,
            "eps_growth_yearly": 30.4
        },
        "20184": {
            "year_quarter": 20184,
            "year": 2018,
            "quarter": 4,
            "eps": 1.04,
            "eps_growth_year": 5.08,
            "eps_4q": 3.35,
            "eps_4q_growth_year": 0.5,
            "roe": 5.59,
            "roe_4q": 18.07,
            "gross_profit": 165770,
            "gross_margin": 50.94,
            "gross_margin_4q_avg": 46.86,
            "net_income": 69516,
            "revenue": 325393,
            "common_shares": 666019,
            "book_valuer_per_share": 19.22,
            "book_valuer_per_share_4q_avg": 18.65,
            "equity": 1279786,
            "current_ratio": 488.22,
            "debt_ratio": 17.14,
            "inventory_turnover_ratio": 2.22,
            "account_receivable_turnover_ratio": 1.04,
            "reinvestment_rate": null,
            "research_to_sale_ratio": 1.39,
            "price_fair": 119.62,
            "eps_avg_yearly": 3.42,
            "eps_latest_yearly": 4.16,
            "eps_growth_yearly": 36.96
        },
        "20191": {
            "year_quarter": 20191,
            "year": 2019,
            "quarter": 1,
            "eps": 0.8,
            "eps_growth_year": 23.08,
            "eps_4q": 3.51,
            "eps_4q_growth_year": 2.36,
            "roe": 4.07,
            "roe_4q": 18.8,
            "gross_profit": 132654,
            "gross_margin": 46.88,
            "gross_margin_4q_avg": 47.56,
            "net_income": 53338,
            "revenue": 282990,
            "common_shares": 666019,
            "book_valuer_per_share": 20.17,
            "book_valuer_per_share_4q_avg": 18.76,
            "equity": 1343681,
            "current_ratio": 396.83,
            "debt_ratio": 19.61,
            "inventory_turnover_ratio": 2.01,
            "account_receivable_turnover_ratio": 0.93,
            "reinvestment_rate": null,
            "research_to_sale_ratio": 1.46,
            "price_fair": 115.56,
            "eps_avg_yearly": 3.4,
            "eps_latest_yearly": 3.2,
            "eps_growth_yearly": 24.03
        },
        "20192": {
            "year_quarter": 20192,
            "year": 2019,
            "quarter": 2,
            "eps": 0.68,
            "eps_growth_year": -16.05,
            "eps_4q": 3.38,
            "eps_4q_growth_year": -2.88,
            "roe": 3.59,
            "roe_4q": 18.02,
            "gross_profit": 128930,
            "gross_margin": 46.36,
            "gross_margin_4q_avg": 47.9,
            "net_income": 45350,
            "revenue": 278128,
            "common_shares": 666019,
            "book_valuer_per_share": 17.8,
            "book_valuer_per_share_4q_avg": 18.82,
            "equity": 1185340,
            "current_ratio": 241.01,
            "debt_ratio": 30.59,
            "inventory_turnover_ratio": 1.88,
            "account_receivable_turnover_ratio": 0.98,
            "reinvestment_rate": null,
            "research_to_sale_ratio": 1.45,
            "price_fair": 88,
            "eps_avg_yearly": 3.33,
            "eps_latest_yearly": 2.72,
            "eps_growth_yearly": 16.39
        },
        "20193": {
            "year_quarter": 20193,
            "year": 2019,
            "quarter": 3,
            "eps": 0.97,
            "eps_growth_year": 14.12,
            "eps_4q": 3.5,
            "eps_4q_growth_year": 5.89,
            "roe": 5.39,
            "roe_4q": 18.64,
            "gross_profit": 161446,
            "gross_margin": 49.23,
            "gross_margin_4q_avg": 48.35,
            "net_income": 64790,
            "revenue": 327916,
            "common_shares": 666019,
            "book_valuer_per_share": 18.32,
            "book_valuer_per_share_4q_avg": 18.88,
            "equity": 1220232,
            "current_ratio": 305.26,
            "debt_ratio": 22.6,
            "inventory_turnover_ratio": 2.13,
            "account_receivable_turnover_ratio": 1.1,
            "reinvestment_rate": null,
            "research_to_sale_ratio": 1.27,
            "price_fair": 118.3,
            "eps_avg_yearly": 3.38,
            "eps_latest_yearly": 3.88,
            "eps_growth_yearly": 29.24
        },
        "20194": {
            "year_quarter": 20194,
            "year": 2019,
            "quarter": 4,
            "eps": 0.97,
            "eps_growth_year": -7.32,
            "eps_4q": 3.42,
            "eps_4q_growth_year": 2.02,
            "roe": 5.16,
            "roe_4q": 18.21,
            "gross_profit": 166790,
            "gross_margin": 48.28,
            "gross_margin_4q_avg": 47.69,
            "net_income": 64428,
            "revenue": 345495,
            "common_shares": 666019,
            "book_valuer_per_share": 19.15,
            "book_valuer_per_share_4q_avg": 18.86,
            "equity": 1275375,
            "current_ratio": 286.98,
            "debt_ratio": 23.42,
            "inventory_turnover_ratio": 2.41,
            "account_receivable_turnover_ratio": 1.11,
            "reinvestment_rate": null,
            "research_to_sale_ratio": 2.14,
            "price_fair": 119.65,
            "eps_avg_yearly": 3.42,
            "eps_latest_yearly": 3.88,
            "eps_growth_yearly": 26.99
        },
        "20201": {
            "year_quarter": 20201,
            "year": 2020,
            "quarter": 1,
            "eps": 0.9,
            "eps_growth_year": 12.5,
            "eps_4q": 3.52,
            "eps_4q_growth_year": 0.34,
            "roe": 4.99,
            "roe_4q": 19.13,
            "gross_profit": 146864,
            "gross_margin": 51.67,
            "gross_margin_4q_avg": 48.89,
            "net_income": 59956,
            "revenue": 284261,
            "common_shares": 666019,
            "book_valuer_per_share": 16.93,
            "book_valuer_per_share_4q_avg": 18.05,
            "equity": 1127406,
            "current_ratio": 181.07,
            "debt_ratio": 37.09,
            "inventory_turnover_ratio": 1.8,
            "account_receivable_turnover_ratio": 0.96,
            "reinvestment_rate": null,
            "research_to_sale_ratio": 1.53,
            "price_fair": 113.24,
            "eps_avg_yearly": 3.43,
            "eps_latest_yearly": 3.6,
            "eps_growth_yearly": 23
        },
        "20202": {
            "year_quarter": 20202,
            "year": 2020,
            "quarter": 2,
            "eps": 0.52,
            "eps_growth_year": -23.53,
            "eps_4q": 3.36,
            "eps_4q_growth_year": -0.57,
            "roe": 3.02,
            "roe_4q": 18.56,
            "gross_profit": 114216,
            "gross_margin": 44.6,
            "gross_margin_4q_avg": 48.45,
            "net_income": 34389,
            "revenue": 256073,
            "common_shares": 666019,
            "book_valuer_per_share": 17.26,
            "book_valuer_per_share_4q_avg": 17.92,
            "equity": 1149619,
            "current_ratio": 184.87,
            "debt_ratio": 36.61,
            "inventory_turnover_ratio": 1.74,
            "account_receivable_turnover_ratio": 0.91,
            "reinvestment_rate": 25.82,
            "research_to_sale_ratio": 1.44,
            "price_fair": 67.52,
            "eps_avg_yearly": 3.34,
            "eps_latest_yearly": 2.08,
            "eps_growth_yearly": 10.21
        },
        "20203": {
            "year_quarter": 20203,
            "year": 2020,
            "quarter": 3,
            "eps": 9.2,
            "eps_growth_year": 848.45,
            "eps_4q": 11.58,
            "eps_4q_growth_year": 230.99,
            "roe": 41.87,
            "roe_4q": 55.040000000000006,
            "gross_profit": 228401,
            "gross_margin": 54.98,
            "gross_margin_4q_avg": 49.88,
            "net_income": 612413,
            "revenue": 415450,
            "common_shares": 666019,
            "book_valuer_per_share": 26.66,
            "book_valuer_per_share_4q_avg": 20,
            "equity": 1775643,
            "current_ratio": 319.35,
            "debt_ratio": 23.5,
            "inventory_turnover_ratio": 2.08,
            "account_receivable_turnover_ratio": 1.21,
            "reinvestment_rate": 15.87,
            "research_to_sale_ratio": 1.22,
            "price_fair": 190.14,
            "eps_avg_yearly": 5.43,
            "eps_latest_yearly": 36.8,
            "eps_growth_yearly": 426.88
        },
        "20204": {
            "year_quarter": 20204,
            "year": 2020,
            "quarter": 4,
            "eps": 1.89,
            "eps_growth_year": 95.75,
            "eps_4q": 12.51,
            "eps_4q_growth_year": 265.45,
            "roe": 6.87,
            "roe_4q": 56.75,
            "gross_profit": 227960,
            "gross_margin": 54.24,
            "gross_margin_4q_avg": 51.37,
            "net_income": 126120,
            "revenue": 420278,
            "common_shares": 666019,
            "book_valuer_per_share": 28.47,
            "book_valuer_per_share_4q_avg": 22.33,
            "equity": 1896073,
            "current_ratio": 315.99,
            "debt_ratio": 24.23,
            "inventory_turnover_ratio": 1.97,
            "account_receivable_turnover_ratio": 1,
            "reinvestment_rate": 17.28,
            "research_to_sale_ratio": 1.64,
            "price_fair": 198.1,
            "eps_avg_yearly": 5.66,
            "eps_latest_yearly": 7.56,
            "eps_growth_yearly": 395.98
        },
        "20211": {
            "year_quarter": 20211,
            "year": 2021,
            "quarter": 1,
            "eps": 1.41,
            "eps_growth_year": 56.67,
            "eps_4q": 13.01,
            "eps_4q_growth_year": 269.48,
            "roe": 5.49,
            "roe_4q": 57.25,
            "gross_profit": 199214,
            "gross_margin": 51.67,
            "gross_margin_4q_avg": 51.37,
            "net_income": 93599,
            "revenue": 385534,
            "common_shares": 666019,
            "book_valuer_per_share": 22.74,
            "book_valuer_per_share_4q_avg": 23.78,
            "equity": 1514264,
            "current_ratio": 193.86,
            "debt_ratio": 39.24,
            "inventory_turnover_ratio": 1.95,
            "account_receivable_turnover_ratio": 0.95,
            "reinvestment_rate": 17.4,
            "research_to_sale_ratio": 1.33,
            "price_fair": 205.36,
            "eps_avg_yearly": 5.87,
            "eps_latest_yearly": 5.64,
            "eps_growth_yearly": 399.84
        },
        "20212": {
            "year_quarter": 20212,
            "year": 2021,
            "quarter": 2,
            "eps": 2.5,
            "eps_growth_year": 380.77,
            "eps_4q": 14.99,
            "eps_4q_growth_year": 346.7,
            "roe": 10.51,
            "roe_4q": 64.74,
            "gross_profit": 196801,
            "gross_margin": 50.79,
            "gross_margin_4q_avg": 52.92,
            "net_income": 166526,
            "revenue": 387470,
            "common_shares": 666019,
            "book_valuer_per_share": 24.84,
            "book_valuer_per_share_4q_avg": 25.68,
            "equity": 1654122,
            "current_ratio": 212.5,
            "debt_ratio": 34.97,
            "inventory_turnover_ratio": 1.8,
            "account_receivable_turnover_ratio": 1,
            "reinvestment_rate": 15.4,
            "research_to_sale_ratio": 1.34,
            "price_fair": 220.5,
            "eps_avg_yearly": 6.3,
            "eps_latest_yearly": 10,
            "eps_growth_yearly": 410.98
        },
        "20213": {
            "year_quarter": 20213,
            "year": 2021,
            "quarter": 3,
            "eps": 1.12,
            "eps_growth_year": -87.83,
            "eps_4q": 6.92,
            "eps_4q_growth_year": -40.25,
            "roe": 4.41,
            "roe_4q": 27.28,
            "gross_profit": 208665,
            "gross_margin": 51.57,
            "gross_margin_4q_avg": 52.07,
            "net_income": 74567,
            "revenue": 404629,
            "common_shares": 666019,
            "book_valuer_per_share": 25.94,
            "book_valuer_per_share_4q_avg": 25.5,
            "equity": 1727488,
            "current_ratio": 363.23,
            "debt_ratio": 20.09,
            "inventory_turnover_ratio": 1.49,
            "account_receivable_turnover_ratio": 1.01,
            "reinvestment_rate": 14.14,
            "research_to_sale_ratio": 1.22,
            "price_fair": 221.38,
            "eps_avg_yearly": 6.33,
            "eps_latest_yearly": 4.48,
            "eps_growth_yearly": 389.06
        },
        "20214": {
            "year_quarter": 20214,
            "year": 2021,
            "quarter": 4,
            "eps": 1.08,
            "eps_growth_year": -43.1,
            "eps_4q": 6.1,
            "eps_4q_growth_year": -51.2,
            "roe": 4.07,
            "roe_4q": 24.480000000000004,
            "gross_profit": 192238,
            "gross_margin": 49.59,
            "gross_margin_4q_avg": 50.91,
            "net_income": 71758,
            "revenue": 387657,
            "common_shares": 666019,
            "book_valuer_per_share": 26.95,
            "book_valuer_per_share_4q_avg": 25.12,
            "equity": 1795160,
            "current_ratio": 366.53,
            "debt_ratio": 20.31,
            "inventory_turnover_ratio": 1.4,
            "account_receivable_turnover_ratio": 0.98,
            "reinvestment_rate": 13.91,
            "research_to_sale_ratio": 2.47,
            "price_fair": 222.16,
            "eps_avg_yearly": 6.35,
            "eps_latest_yearly": 4.32,
            "eps_growth_yearly": 388.9
        },
        "20221": {
            "year_quarter": 20221,
            "year": 2022,
            "quarter": 1,
            "eps": 1.47,
            "eps_growth_year": 4.26,
            "eps_4q": 6.17,
            "eps_4q_growth_year": -52.6,
            "roe": 5.94,
            "roe_4q": 24.93,
            "gross_profit": 184680,
            "gross_margin": 50,
            "gross_margin_4q_avg": 50.49,
            "net_income": 97895,
            "revenue": 369352,
            "common_shares": 666019,
            "book_valuer_per_share": 22.5,
            "book_valuer_per_share_4q_avg": 25.06,
            "equity": 1498238,
            "current_ratio": 206.53,
            "debt_ratio": 35.26,
            "inventory_turnover_ratio": 1.31,
            "account_receivable_turnover_ratio": 0.95,
            "reinvestment_rate": 14.81,
            "research_to_sale_ratio": 1.44,
            "price_fair": 229.34,
            "eps_avg_yearly": 6.55,
            "eps_latest_yearly": 5.88,
            "eps_growth_yearly": 406.52
        },
        "20222": {
            "year_quarter": 20222,
            "year": 2022,
            "quarter": 2,
            "eps": 1.42,
            "eps_growth_year": -43.2,
            "eps_4q": 5.08,
            "eps_4q_growth_year": -66.1,
            "roe": 6.09,
            "roe_4q": 20.51,
            "gross_profit": 184826,
            "gross_margin": 49.39,
            "gross_margin_4q_avg": 50.14,
            "net_income": 94373,
            "revenue": 374229,
            "common_shares": 666019,
            "book_valuer_per_share": 24.06,
            "book_valuer_per_share_4q_avg": 24.86,
            "equity": 1602764,
            "current_ratio": 239.15,
            "debt_ratio": 31.31,
            "inventory_turnover_ratio": 1.24,
            "account_receivable_turnover_ratio": 0.98,
            "reinvestment_rate": 14.29,
            "research_to_sale_ratio": 1.29,
            "price_fair": 234.68,
            "eps_avg_yearly": 6.71,
            "eps_latest_yearly": 5.68,
            "eps_growth_yearly": 399.51
        },
        "20223": {
            "year_quarter": 20223,
            "year": 2022,
            "quarter": 3,
            "eps": 1.21,
            "eps_growth_year": 8.04,
            "eps_4q": 5.18,
            "eps_4q_growth_year": -25.15,
            "roe": 4.88,
            "roe_4q": 20.98,
            "gross_profit": 208002,
            "gross_margin": 52.34,
            "gross_margin_4q_avg": 50.33,
            "net_income": 80893,
            "revenue": 397402,
            "common_shares": 666019,
            "book_valuer_per_share": 25.67,
            "book_valuer_per_share_4q_avg": 24.8,
            "equity": 1709571,
            "current_ratio": 442.7,
            "debt_ratio": 16.04,
            "inventory_turnover_ratio": 1.23,
            "account_receivable_turnover_ratio": 1,
            "reinvestment_rate": 14.2,
            "research_to_sale_ratio": 1.28,
            "price_fair": 237.83,
            "eps_avg_yearly": 6.8,
            "eps_latest_yearly": 4.84,
            "eps_growth_yearly": 394.58
        },
        "20224": {
            "year_quarter": 20224,
            "year": 2022,
            "quarter": 4,
            "eps": 0.33,
            "eps_growth_year": -69.61,
            "eps_4q": 4.43,
            "eps_4q_growth_year": -27.43,
            "roe": 1.27,
            "roe_4q": 18.18,
            "gross_profit": 153769,
            "gross_margin": 48.54,
            "gross_margin_4q_avg": 50.07,
            "net_income": 21808,
            "revenue": 316819,
            "common_shares": 666019,
            "book_valuer_per_share": 25.82,
            "book_valuer_per_share_4q_avg": 24.51,
            "equity": 1719350,
            "current_ratio": 439.2,
            "debt_ratio": 16.3,
            "inventory_turnover_ratio": 1.1,
            "account_receivable_turnover_ratio": 0.84,
            "reinvestment_rate": 14.69,
            "research_to_sale_ratio": 2.6,
            "price_fair": 231.61,
            "eps_avg_yearly": 6.62,
            "eps_latest_yearly": 1.32,
            "eps_growth_yearly": 370.81
        },
        "20231": {
            "year_quarter": 20231,
            "year": 2023,
            "quarter": 1,
            "eps": 0.7,
            "eps_growth_year": -52.38,
            "eps_4q": 3.66,
            "eps_4q_growth_year": -40.68,
            "roe": 2.88,
            "roe_4q": 15.120000000000001,
            "gross_profit": 129693,
            "gross_margin": 47.89,
            "gross_margin_4q_avg": 49.54,
            "net_income": 46570,
            "revenue": 270796,
            "common_shares": 666019,
            "book_valuer_per_share": 22.73,
            "book_valuer_per_share_4q_avg": 24.57,
            "equity": 1513973,
            "current_ratio": 295.9,
            "debt_ratio": 23.53,
            "inventory_turnover_ratio": 1,
            "account_receivable_turnover_ratio": 0.87,
            "reinvestment_rate": 10.53,
            "research_to_sale_ratio": 3.94,
            "price_fair": 230.74,
            "eps_avg_yearly": 6.59,
            "eps_latest_yearly": 2.8,
            "eps_growth_yearly": 404.61
        }
    },
    "months": {
        "2016-03": {
            "month": "2016-03",
            "price": "68.69",
            "revenue": 91319
        },
        "2016-04": {
            "month": "2016-04",
            "price": "65.40",
            "revenue": 92891
        },
        "2016-05": {
            "month": "2016-05",
            "price": "61.07",
            "revenue": 94701
        },
        "2016-06": {
            "month": "2016-06",
            "price": "60.08",
            "revenue": 90772
        },
        "2016-07": {
            "month": "2016-07",
            "price": "60.62",
            "revenue": 88977
        },
        "2016-08": {
            "month": "2016-08",
            "price": "56.56",
            "revenue": 81913
        },
        "2016-09": {
            "month": "2016-09",
            "price": "52.81",
            "revenue": 80956
        },
        "2016-10": {
            "month": "2016-10",
            "price": "57.39",
            "revenue": 85943
        },
        "2016-11": {
            "month": "2016-11",
            "price": "57.74",
            "revenue": 110159
        },
        "2016-12": {
            "month": "2016-12",
            "price": "53.48",
            "revenue": 98906
        },
        "2017-01": {
            "month": "2017-01",
            "price": "53.38",
            "revenue": 79061
        },
        "2017-02": {
            "month": "2017-02",
            "price": "54.86",
            "revenue": 69262
        },
        "2017-03": {
            "month": "2017-03",
            "price": "43.82",
            "revenue": 101427
        },
        "2017-04": {
            "month": "2017-04",
            "price": "43.28",
            "revenue": 86730
        },
        "2017-05": {
            "month": "2017-05",
            "price": "40.86",
            "revenue": 87926
        },
        "2017-06": {
            "month": "2017-06",
            "price": "40.14",
            "revenue": 93269
        },
        "2017-07": {
            "month": "2017-07",
            "price": "38.82",
            "revenue": 95381
        },
        "2017-08": {
            "month": "2017-08",
            "price": "39.79",
            "revenue": 106312
        },
        "2017-09": {
            "month": "2017-09",
            "price": "44.08",
            "revenue": 112286
        },
        "2017-10": {
            "month": "2017-10",
            "price": "47.36",
            "revenue": 96458
        },
        "2017-11": {
            "month": "2017-11",
            "price": "48.69",
            "revenue": 120311
        },
        "2017-12": {
            "month": "2017-12",
            "price": "44.69",
            "revenue": 95514
        },
        "2018-01": {
            "month": "2018-01",
            "price": "44.15",
            "revenue": 101101
        },
        "2018-02": {
            "month": "2018-02",
            "price": "44.39",
            "revenue": 55987
        },
        "2018-03": {
            "month": "2018-03",
            "price": "44.12",
            "revenue": 105542
        },
        "2018-04": {
            "month": "2018-04",
            "price": "46.37",
            "revenue": 87365
        },
        "2018-05": {
            "month": "2018-05",
            "price": "45.55",
            "revenue": 91286
        },
        "2018-06": {
            "month": "2018-06",
            "price": "44.82",
            "revenue": 84779
        },
        "2018-07": {
            "month": "2018-07",
            "price": "44.15",
            "revenue": 91651
        },
        "2018-08": {
            "month": "2018-08",
            "price": "43.10",
            "revenue": 98029
        },
        "2018-09": {
            "month": "2018-09",
            "price": "48.21",
            "revenue": 97424
        },
        "2018-10": {
            "month": "2018-10",
            "price": "49.38",
            "revenue": 103831
        },
        "2018-11": {
            "month": "2018-11",
            "price": "49.49",
            "revenue": 118174
        },
        "2018-12": {
            "month": "2018-12",
            "price": "48.21",
            "revenue": 102890
        },
        "2019-01": {
            "month": "2019-01",
            "price": "50.53",
            "revenue": 112075
        },
        "2019-02": {
            "month": "2019-02",
            "price": "51.80",
            "revenue": 57502
        },
        "2019-03": {
            "month": "2019-03",
            "price": "52.84",
            "revenue": 113591
        },
        "2019-04": {
            "month": "2019-04",
            "price": "53.90",
            "revenue": 83664
        },
        "2019-05": {
            "month": "2019-05",
            "price": "58.84",
            "revenue": 109615
        },
        "2019-06": {
            "month": "2019-06",
            "price": "60.69",
            "revenue": 84539
        },
        "2019-07": {
            "month": "2019-07",
            "price": "61.21",
            "revenue": 103730
        },
        "2019-08": {
            "month": "2019-08",
            "price": "60.11",
            "revenue": 109976
        },
        "2019-09": {
            "month": "2019-09",
            "price": "58.89",
            "revenue": 114064
        },
        "2019-10": {
            "month": "2019-10",
            "price": "58.75",
            "revenue": 113427
        },
        "2019-11": {
            "month": "2019-11",
            "price": "59.06",
            "revenue": 113704
        },
        "2019-12": {
            "month": "2019-12",
            "price": "59.17",
            "revenue": 104950
        },
        "2020-01": {
            "month": "2020-01",
            "price": "59.53",
            "revenue": 92183
        },
        "2020-02": {
            "month": "2020-02",
            "price": "58.37",
            "revenue": 79168
        },
        "2020-03": {
            "month": "2020-03",
            "price": "52.37",
            "revenue": 112707
        },
        "2020-04": {
            "month": "2020-04",
            "price": "52.59",
            "revenue": 68460
        },
        "2020-05": {
            "month": "2020-05",
            "price": "58.24",
            "revenue": 81671
        },
        "2020-06": {
            "month": "2020-06",
            "price": "61.84",
            "revenue": 105906
        },
        "2020-07": {
            "month": "2020-07",
            "price": "62.90",
            "revenue": 131871
        },
        "2020-08": {
            "month": "2020-08",
            "price": "62.41",
            "revenue": 137015
        },
        "2020-09": {
            "month": "2020-09",
            "price": "66.92",
            "revenue": 147038
        },
        "2020-10": {
            "month": "2020-10",
            "price": "70.05",
            "revenue": 133259
        },
        "2020-11": {
            "month": "2020-11",
            "price": "72.52",
            "revenue": 149783
        },
        "2020-12": {
            "month": "2020-12",
            "price": "71.75",
            "revenue": 138555
        },
        "2021-01": {
            "month": "2021-01",
            "price": "70.48",
            "revenue": 149626
        },
        "2021-02": {
            "month": "2021-02",
            "price": "71.54",
            "revenue": 91946
        },
        "2021-03": {
            "month": "2021-03",
            "price": "85.62",
            "revenue": 144211
        },
        "2021-04": {
            "month": "2021-04",
            "price": "88.07",
            "revenue": 127366
        },
        "2021-05": {
            "month": "2021-05",
            "price": "80.83",
            "revenue": 131544
        },
        "2021-06": {
            "month": "2021-06",
            "price": "83.91",
            "revenue": 127793
        },
        "2021-07": {
            "month": "2021-07",
            "price": "79.25",
            "revenue": 136814
        },
        "2021-08": {
            "month": "2021-08",
            "price": "77.53",
            "revenue": 130385
        },
        "2021-09": {
            "month": "2021-09",
            "price": "74.59",
            "revenue": 137424
        },
        "2021-10": {
            "month": "2021-10",
            "price": "71.34",
            "revenue": 125938
        },
        "2021-11": {
            "month": "2021-11",
            "price": "71.36",
            "revenue": 138642
        },
        "2021-12": {
            "month": "2021-12",
            "price": "72.46",
            "revenue": 123138
        },
        "2022-01": {
            "month": "2022-01",
            "price": "72.22",
            "revenue": 133509
        },
        "2022-02": {
            "month": "2022-02",
            "price": "70.11",
            "revenue": 87195
        },
        "2022-03": {
            "month": "2022-03",
            "price": "64.41",
            "revenue": 147885
        },
        "2022-04": {
            "month": "2022-04",
            "price": "68.26",
            "revenue": 130243
        },
        "2022-05": {
            "month": "2022-05",
            "price": "67.57",
            "revenue": 126145
        },
        "2022-06": {
            "month": "2022-06",
            "price": "68.63",
            "revenue": 116406
        },
        "2022-07": {
            "month": "2022-07",
            "price": "59.80",
            "revenue": 120095
        },
        "2022-08": {
            "month": "2022-08",
            "price": "60.23",
            "revenue": 133388
        },
        "2022-09": {
            "month": "2022-09",
            "price": "58.92",
            "revenue": 143919
        },
        "2022-10": {
            "month": "2022-10",
            "price": "55.78",
            "revenue": 114042
        },
        "2022-11": {
            "month": "2022-11",
            "price": "56.44",
            "revenue": 114821
        },
        "2022-12": {
            "month": "2022-12",
            "price": "56.85",
            "revenue": 87961
        },
        "2023-01": {
            "month": "2023-01",
            "price": "56.93",
            "revenue": 76201
        },
        "2023-02": {
            "month": "2023-02",
            "price": "57.63",
            "revenue": 89435
        },
        "2023-03": {
            "month": "2023-03",
            "price": "58.29",
            "revenue": 105208
        },
        "2023-04": {
            "month": "2023-04",
            "price": "57.91",
            "revenue": 80038
        },
        "2023-05": {
            "month": "2023-05",
            "price": "57.69",
            "revenue": 79729
        }
    }
}
