{
    "summary": {
        "stock_name": "三貝德",
        "stock_id": "8489",
        "category": "文化創意",
        "main_business": "數位學習內容產品<br>補習教育收入及其他",
        "website_url": "http://www.samebest.com.tw",
        "ceo": "黃嘉琦",
        "pe_ratio": -12,
        "report_year_from": 2013,
        "report_year_to": 2023,
        "age": 10,
        "eps_negative_percentage": 30,
        "eps_growth_avg": {
            "last_all": -22.78,
            "last_2y": -87.33,
            "last_4y": -53.48,
            "last_8y": null,
            "last_12y": null,
            "last_16y": null,
            "last_20y": null,
            "at_2006_last_3y": null,
            "at_2007_last_3y": null,
            "at_2008_last_3y": null,
            "at_2009_last_3y": null,
            "at_2010_last_3y": null,
            "at_2011_last_3y": null,
            "at_2012_last_3y": null,
            "at_2013_last_3y": null,
            "at_2014_last_3y": null,
            "at_2015_last_3y": null,
            "at_2016_last_3y": null,
            "at_2017_last_3y": null,
            "at_2018_last_3y": null,
            "at_2019_last_3y": null,
            "at_2020_last_3y": -3.48,
            "at_2021_last_3y": -53.48,
            "at_2022_last_3y": -82.24,
            "at_2023_last_3y": -82.24,
            "at_2006_last_all": null,
            "at_2007_last_all": null,
            "at_2008_last_all": null,
            "at_2009_last_all": null,
            "at_2010_last_all": null,
            "at_2011_last_all": null,
            "at_2012_last_all": null,
            "at_2013_last_all": null,
            "at_2014_last_all": null,
            "at_2015_last_all": null,
            "at_2016_last_all": null,
            "at_2017_last_all": null,
            "at_2018_last_all": 66.4,
            "at_2019_last_all": 20.25,
            "at_2020_last_all": -3.48,
            "at_2021_last_all": -22.78,
            "at_2022_last_all": -22.78,
            "at_2023_last_all": -22.78
        },
        "latest_eps": -2.01,
        "latest_price": 24.35,
        "latest_roe": -3.98,
        "latest_gross_margin": 44.87,
        "latest_equity": 844493,
        "latest_revenue": 319686,
        "latest_gross_profit": 143445,
        "latest_net_income": 11452,
        "latest_debt_ratio": 50.25,
        "latest_current_ratio": 147.11,
        "latest_account_receivable_turnover_ratio": 6.8,
        "latest_inventory_turnover_ratio": 11.78,
        "latest_reinvestment_rate": 21412.55,
        "latest_research_to_sale_ratio": 3.08
    },
    "eps_dividends": {
        "2001": {
            "cash": 0,
            "stock": 0,
            "eps": 0
        },
        "2002": {
            "cash": 0,
            "stock": 0,
            "eps": 0
        },
        "2003": {
            "cash": 0,
            "stock": 0,
            "eps": 0
        },
        "2004": {
            "cash": 0,
            "stock": 0,
            "eps": 0
        },
        "2005": {
            "cash": 0,
            "stock": 0,
            "eps": 0
        },
        "2006": {
            "cash": 0,
            "stock": 0,
            "eps": 0
        },
        "2007": {
            "cash": 0,
            "stock": 0,
            "eps": 0
        },
        "2008": {
            "cash": 0,
            "stock": 0,
            "eps": 0
        },
        "2009": {
            "cash": 0,
            "stock": 0,
            "eps": 0
        },
        "2010": {
            "cash": 0,
            "stock": 0,
            "eps": 0
        },
        "2011": {
            "cash": 0,
            "stock": 0,
            "eps": 0
        },
        "2012": {
            "cash": 0,
            "stock": 0,
            "eps": 0
        },
        "2013": {
            "cash": 0,
            "stock": 0,
            "eps": 0
        },
        "2014": {
            "cash": 0,
            "stock": 0,
            "eps": 0
        },
        "2015": {
            "cash": 0,
            "stock": 0,
            "eps": 0
        },
        "2016": {
            "cash": 1,
            "stock": 3,
            "eps": 0.79
        },
        "2017": {
            "cash": 0,
            "stock": 2,
            "eps": 8.08
        },
        "2018": {
            "cash": 5,
            "stock": 2,
            "eps": 10.73
        },
        "2019": {
            "cash": 5,
            "stock": 1,
            "eps": 3
        },
        "2020": {
            "cash": 2,
            "stock": 0,
            "eps": 0.76
        },
        "2021": {
            "cash": 1,
            "stock": 0,
            "eps": -0.8
        },
        "2022": {
            "cash": 0,
            "stock": 0,
            "eps": -1.98
        },
        "2023": {
            "cash": 0,
            "stock": 0,
            "eps": -0.14
        }
    },
    "dividends": {
        "2016-08-19": {
            "cash": 0.5,
            "stock": 3
        },
        "2017-08-18": {
            "cash": 0.11,
            "stock": 2
        },
        "2018-08-13": {
            "cash": 5,
            "stock": 2
        },
        "2019-09-18": {
            "cash": 5,
            "stock": 0.5
        },
        "2020-09-28": {
            "cash": 1.6,
            "stock": 0
        },
        "2021-09-17": {
            "cash": 0.7,
            "stock": 0
        },
        "2022-09-16": {
            "cash": 0.2,
            "stock": 0
        }
    },
    "prices": {
        "200101": "無",
        "200102": "無",
        "200103": "無",
        "200104": "無",
        "200105": "無",
        "200106": "無",
        "200107": "無",
        "200108": "無",
        "200109": "無",
        "200110": "無",
        "200111": "無",
        "200112": "無",
        "200201": "無",
        "200202": "無",
        "200203": "無",
        "200204": "無",
        "200205": "無",
        "200206": "無",
        "200207": "無",
        "200208": "無",
        "200209": "無",
        "200210": "無",
        "200211": "無",
        "200212": "無",
        "200301": "無",
        "200302": "無",
        "200303": "無",
        "200304": "無",
        "200305": "無",
        "200306": "無",
        "200307": "無",
        "200308": "無",
        "200309": "無",
        "200310": "無",
        "200311": "無",
        "200312": "無",
        "200401": "無",
        "200402": "無",
        "200403": "無",
        "200404": "無",
        "200405": "無",
        "200406": "無",
        "200407": "無",
        "200408": "無",
        "200409": "無",
        "200410": "無",
        "200411": "無",
        "200412": "無",
        "200501": "無",
        "200502": "無",
        "200503": "無",
        "200504": "無",
        "200505": "無",
        "200506": "無",
        "200507": "無",
        "200508": "無",
        "200509": "無",
        "200510": "無",
        "200511": "無",
        "200512": "無",
        "200601": "無",
        "200602": "無",
        "200603": "無",
        "200604": "無",
        "200605": "無",
        "200606": "無",
        "200607": "無",
        "200608": "無",
        "200609": "無",
        "200610": "無",
        "200611": "無",
        "200612": "無",
        "200701": "無",
        "200702": "無",
        "200703": "無",
        "200704": "無",
        "200705": "無",
        "200706": "無",
        "200707": "無",
        "200708": "無",
        "200709": "無",
        "200710": "無",
        "200711": "無",
        "200712": "無",
        "200801": "無",
        "200802": "無",
        "200803": "無",
        "200804": "無",
        "200805": "無",
        "200806": "無",
        "200807": "無",
        "200808": "無",
        "200809": "無",
        "200810": "無",
        "200811": "無",
        "200812": "無",
        "200901": "無",
        "200902": "無",
        "200903": "無",
        "200904": "無",
        "200905": "無",
        "200906": "無",
        "200907": "無",
        "200908": "無",
        "200909": "無",
        "200910": "無",
        "200911": "無",
        "200912": "無",
        "201001": "無",
        "201002": "無",
        "201003": "無",
        "201004": "無",
        "201005": "無",
        "201006": "無",
        "201007": "無",
        "201008": "無",
        "201009": "無",
        "201010": "無",
        "201011": "無",
        "201012": "無",
        "201101": "無",
        "201102": "無",
        "201103": "無",
        "201104": "無",
        "201105": "無",
        "201106": "無",
        "201107": "無",
        "201108": "無",
        "201109": "無",
        "201110": "無",
        "201111": "無",
        "201112": "無",
        "201201": "無",
        "201202": "無",
        "201203": "無",
        "201204": "無",
        "201205": "無",
        "201206": "無",
        "201207": "無",
        "201208": "無",
        "201209": "無",
        "201210": "無",
        "201211": "無",
        "201212": "無",
        "201301": "無",
        "201302": "無",
        "201303": "無",
        "201304": "無",
        "201305": "無",
        "201306": "無",
        "201307": "無",
        "201308": "無",
        "201309": "無",
        "201310": "無",
        "201311": "無",
        "201312": "無",
        "201401": "無",
        "201402": "無",
        "201403": "無",
        "201404": "無",
        "201405": "無",
        "201406": "無",
        "201407": "無",
        "201408": "無",
        "201409": "無",
        "201410": "無",
        "201411": "無",
        "201412": "無",
        "201501": "無",
        "201502": "無",
        "201503": "無",
        "201504": "無",
        "201505": "無",
        "201506": "無",
        "201507": "無",
        "201508": "無",
        "201509": "無",
        "201510": "無",
        "201511": "無",
        "201512": "無",
        "201601": "120.20",
        "201602": "119.25",
        "201603": "125.60",
        "201604": "129.66",
        "201605": "134.51",
        "201606": "161.56",
        "201607": "180.55",
        "201608": "163.30",
        "201609": "144.80",
        "201610": "135.25",
        "201611": "121.86",
        "201612": "107.06",
        "201701": "105.53",
        "201702": "110.11",
        "201703": "155.08",
        "201704": "164.66",
        "201705": "156.90",
        "201706": "151.24",
        "201707": "136.36",
        "201708": "158.41",
        "201709": "164.23",
        "201710": "168.45",
        "201711": "175.14",
        "201712": "253.98",
        "201801": "310.52",
        "201802": "298.96",
        "201803": "311.02",
        "201804": "313.67",
        "201805": "322.45",
        "201806": "296.90",
        "201807": "250.86",
        "201808": "227.57",
        "201809": "226.71",
        "201810": "220.82",
        "201811": "148.32",
        "201812": "144.24",
        "201901": "139.86",
        "201902": "158.31",
        "201903": "151.52",
        "201904": "140.28",
        "201905": "117.66",
        "201906": "110.89",
        "201907": "129.20",
        "201908": "131.21",
        "201909": "141.29",
        "201910": "133.12",
        "201911": "131.67",
        "201912": "117.36",
        "202001": "100.59",
        "202002": "83.17",
        "202003": "64.18",
        "202004": "62.54",
        "202005": "65.78",
        "202006": "62.16",
        "202007": "56.64",
        "202008": "53.20",
        "202009": "57.21",
        "202010": "55.65",
        "202011": "55.72",
        "202012": "54.00",
        "202101": "49.73",
        "202102": "49.88",
        "202103": "51.17",
        "202104": "47.69",
        "202105": "42.62",
        "202106": "41.25",
        "202107": "38.09",
        "202108": "36.12",
        "202109": "35.41",
        "202110": "34.08",
        "202111": "32.81",
        "202112": "32.70",
        "202201": "38.81",
        "202202": "36.57",
        "202203": "33.14",
        "202204": "33.34",
        "202205": "31.88",
        "202206": "30.11",
        "202207": "26.13",
        "202208": "27.20",
        "202209": "26.74",
        "202210": "22.01",
        "202211": "21.86",
        "202212": "22.75",
        "202301": "23.42",
        "202302": "24.21",
        "202303": "25.24",
        "202304": "23.90",
        "202305": "23.68"
    },
    "quarters": {
        "20011": {
            "year_quarter": 20011,
            "year": 2001,
            "quarter": 1,
            "eps": null,
            "eps_growth_year": null,
            "eps_4q": null,
            "eps_4q_growth_year": null,
            "roe": null,
            "gross_profit": null,
            "gross_margin": null,
            "net_income": null,
            "revenue": null,
            "common_shares": null,
            "equity": null,
            "current_ratio": null,
            "debt_ratio": null,
            "inventory_turnover_ratio": null,
            "account_receivable_turnover_ratio": null,
            "reinvestment_rate": null,
            "research_to_sale_ratio": null,
            "price_fair": 0,
            "eps_avg_yearly": 0,
            "eps_latest_yearly": 0,
            "eps_growth_yearly": 0
        },
        "20012": {
            "year_quarter": 20012,
            "year": 2001,
            "quarter": 2,
            "eps": null,
            "eps_growth_year": null,
            "eps_4q": null,
            "eps_4q_growth_year": null,
            "roe": null,
            "gross_profit": null,
            "gross_margin": null,
            "net_income": null,
            "revenue": null,
            "common_shares": null,
            "equity": null,
            "current_ratio": null,
            "debt_ratio": null,
            "inventory_turnover_ratio": null,
            "account_receivable_turnover_ratio": null,
            "reinvestment_rate": null,
            "research_to_sale_ratio": null,
            "price_fair": 0,
            "eps_avg_yearly": 0,
            "eps_latest_yearly": 0,
            "eps_growth_yearly": 0
        },
        "20013": {
            "year_quarter": 20013,
            "year": 2001,
            "quarter": 3,
            "eps": null,
            "eps_growth_year": null,
            "eps_4q": null,
            "eps_4q_growth_year": null,
            "roe": null,
            "gross_profit": null,
            "gross_margin": null,
            "net_income": null,
            "revenue": null,
            "common_shares": null,
            "equity": null,
            "current_ratio": null,
            "debt_ratio": null,
            "inventory_turnover_ratio": null,
            "account_receivable_turnover_ratio": null,
            "reinvestment_rate": null,
            "research_to_sale_ratio": null,
            "price_fair": 0,
            "eps_avg_yearly": 0,
            "eps_latest_yearly": 0,
            "eps_growth_yearly": 0
        },
        "20014": {
            "year_quarter": 20014,
            "year": 2001,
            "quarter": 4,
            "eps": null,
            "eps_growth_year": null,
            "eps_4q": null,
            "eps_4q_growth_year": null,
            "roe": null,
            "gross_profit": null,
            "gross_margin": null,
            "net_income": null,
            "revenue": null,
            "common_shares": null,
            "equity": null,
            "current_ratio": null,
            "debt_ratio": null,
            "inventory_turnover_ratio": null,
            "account_receivable_turnover_ratio": null,
            "reinvestment_rate": null,
            "research_to_sale_ratio": null,
            "price_fair": 0,
            "eps_avg_yearly": 0,
            "eps_latest_yearly": 0,
            "eps_growth_yearly": 0
        },
        "20021": {
            "year_quarter": 20021,
            "year": 2002,
            "quarter": 1,
            "eps": null,
            "eps_growth_year": null,
            "eps_4q": null,
            "eps_4q_growth_year": null,
            "roe": null,
            "gross_profit": null,
            "gross_margin": null,
            "net_income": null,
            "revenue": null,
            "common_shares": null,
            "equity": null,
            "current_ratio": null,
            "debt_ratio": null,
            "inventory_turnover_ratio": null,
            "account_receivable_turnover_ratio": null,
            "reinvestment_rate": null,
            "research_to_sale_ratio": null,
            "price_fair": 0,
            "eps_avg_yearly": 0,
            "eps_latest_yearly": 0,
            "eps_growth_yearly": 0
        },
        "20022": {
            "year_quarter": 20022,
            "year": 2002,
            "quarter": 2,
            "eps": null,
            "eps_growth_year": null,
            "eps_4q": null,
            "eps_4q_growth_year": null,
            "roe": null,
            "gross_profit": null,
            "gross_margin": null,
            "net_income": null,
            "revenue": null,
            "common_shares": null,
            "equity": null,
            "current_ratio": null,
            "debt_ratio": null,
            "inventory_turnover_ratio": null,
            "account_receivable_turnover_ratio": null,
            "reinvestment_rate": null,
            "research_to_sale_ratio": null,
            "price_fair": 0,
            "eps_avg_yearly": 0,
            "eps_latest_yearly": 0,
            "eps_growth_yearly": 0
        },
        "20023": {
            "year_quarter": 20023,
            "year": 2002,
            "quarter": 3,
            "eps": null,
            "eps_growth_year": null,
            "eps_4q": null,
            "eps_4q_growth_year": null,
            "roe": null,
            "gross_profit": null,
            "gross_margin": null,
            "net_income": null,
            "revenue": null,
            "common_shares": null,
            "equity": null,
            "current_ratio": null,
            "debt_ratio": null,
            "inventory_turnover_ratio": null,
            "account_receivable_turnover_ratio": null,
            "reinvestment_rate": null,
            "research_to_sale_ratio": null,
            "price_fair": 0,
            "eps_avg_yearly": 0,
            "eps_latest_yearly": 0,
            "eps_growth_yearly": 0
        },
        "20024": {
            "year_quarter": 20024,
            "year": 2002,
            "quarter": 4,
            "eps": null,
            "eps_growth_year": null,
            "eps_4q": null,
            "eps_4q_growth_year": null,
            "roe": null,
            "gross_profit": null,
            "gross_margin": null,
            "net_income": null,
            "revenue": null,
            "common_shares": null,
            "equity": null,
            "current_ratio": null,
            "debt_ratio": null,
            "inventory_turnover_ratio": null,
            "account_receivable_turnover_ratio": null,
            "reinvestment_rate": null,
            "research_to_sale_ratio": null,
            "price_fair": 0,
            "eps_avg_yearly": 0,
            "eps_latest_yearly": 0,
            "eps_growth_yearly": 0
        },
        "20031": {
            "year_quarter": 20031,
            "year": 2003,
            "quarter": 1,
            "eps": null,
            "eps_growth_year": null,
            "eps_4q": null,
            "eps_4q_growth_year": null,
            "roe": null,
            "gross_profit": null,
            "gross_margin": null,
            "net_income": null,
            "revenue": null,
            "common_shares": null,
            "equity": null,
            "current_ratio": null,
            "debt_ratio": null,
            "inventory_turnover_ratio": null,
            "account_receivable_turnover_ratio": null,
            "reinvestment_rate": null,
            "research_to_sale_ratio": null,
            "price_fair": 0,
            "eps_avg_yearly": 0,
            "eps_latest_yearly": 0,
            "eps_growth_yearly": 0
        },
        "20032": {
            "year_quarter": 20032,
            "year": 2003,
            "quarter": 2,
            "eps": null,
            "eps_growth_year": null,
            "eps_4q": null,
            "eps_4q_growth_year": null,
            "roe": null,
            "gross_profit": null,
            "gross_margin": null,
            "net_income": null,
            "revenue": null,
            "common_shares": null,
            "equity": null,
            "current_ratio": null,
            "debt_ratio": null,
            "inventory_turnover_ratio": null,
            "account_receivable_turnover_ratio": null,
            "reinvestment_rate": null,
            "research_to_sale_ratio": null,
            "price_fair": 0,
            "eps_avg_yearly": 0,
            "eps_latest_yearly": 0,
            "eps_growth_yearly": 0
        },
        "20033": {
            "year_quarter": 20033,
            "year": 2003,
            "quarter": 3,
            "eps": null,
            "eps_growth_year": null,
            "eps_4q": null,
            "eps_4q_growth_year": null,
            "roe": null,
            "gross_profit": null,
            "gross_margin": null,
            "net_income": null,
            "revenue": null,
            "common_shares": null,
            "equity": null,
            "current_ratio": null,
            "debt_ratio": null,
            "inventory_turnover_ratio": null,
            "account_receivable_turnover_ratio": null,
            "reinvestment_rate": null,
            "research_to_sale_ratio": null,
            "price_fair": 0,
            "eps_avg_yearly": 0,
            "eps_latest_yearly": 0,
            "eps_growth_yearly": 0
        },
        "20034": {
            "year_quarter": 20034,
            "year": 2003,
            "quarter": 4,
            "eps": null,
            "eps_growth_year": null,
            "eps_4q": null,
            "eps_4q_growth_year": null,
            "roe": null,
            "gross_profit": null,
            "gross_margin": null,
            "net_income": null,
            "revenue": null,
            "common_shares": null,
            "equity": null,
            "current_ratio": null,
            "debt_ratio": null,
            "inventory_turnover_ratio": null,
            "account_receivable_turnover_ratio": null,
            "reinvestment_rate": null,
            "research_to_sale_ratio": null,
            "price_fair": 0,
            "eps_avg_yearly": 0,
            "eps_latest_yearly": 0,
            "eps_growth_yearly": 0
        },
        "20041": {
            "year_quarter": 20041,
            "year": 2004,
            "quarter": 1,
            "eps": null,
            "eps_growth_year": null,
            "eps_4q": null,
            "eps_4q_growth_year": null,
            "roe": null,
            "gross_profit": null,
            "gross_margin": null,
            "net_income": null,
            "revenue": null,
            "common_shares": null,
            "equity": null,
            "current_ratio": null,
            "debt_ratio": null,
            "inventory_turnover_ratio": null,
            "account_receivable_turnover_ratio": null,
            "reinvestment_rate": null,
            "research_to_sale_ratio": null,
            "price_fair": 0,
            "eps_avg_yearly": 0,
            "eps_latest_yearly": 0,
            "eps_growth_yearly": 0
        },
        "20042": {
            "year_quarter": 20042,
            "year": 2004,
            "quarter": 2,
            "eps": null,
            "eps_growth_year": null,
            "eps_4q": null,
            "eps_4q_growth_year": null,
            "roe": null,
            "gross_profit": null,
            "gross_margin": null,
            "net_income": null,
            "revenue": null,
            "common_shares": null,
            "equity": null,
            "current_ratio": null,
            "debt_ratio": null,
            "inventory_turnover_ratio": null,
            "account_receivable_turnover_ratio": null,
            "reinvestment_rate": null,
            "research_to_sale_ratio": null,
            "price_fair": 0,
            "eps_avg_yearly": 0,
            "eps_latest_yearly": 0,
            "eps_growth_yearly": 0
        },
        "20043": {
            "year_quarter": 20043,
            "year": 2004,
            "quarter": 3,
            "eps": null,
            "eps_growth_year": null,
            "eps_4q": null,
            "eps_4q_growth_year": null,
            "roe": null,
            "gross_profit": null,
            "gross_margin": null,
            "net_income": null,
            "revenue": null,
            "common_shares": null,
            "equity": null,
            "current_ratio": null,
            "debt_ratio": null,
            "inventory_turnover_ratio": null,
            "account_receivable_turnover_ratio": null,
            "reinvestment_rate": null,
            "research_to_sale_ratio": null,
            "price_fair": 0,
            "eps_avg_yearly": 0,
            "eps_latest_yearly": 0,
            "eps_growth_yearly": 0
        },
        "20044": {
            "year_quarter": 20044,
            "year": 2004,
            "quarter": 4,
            "eps": null,
            "eps_growth_year": null,
            "eps_4q": null,
            "eps_4q_growth_year": null,
            "roe": null,
            "gross_profit": null,
            "gross_margin": null,
            "net_income": null,
            "revenue": null,
            "common_shares": null,
            "equity": null,
            "current_ratio": null,
            "debt_ratio": null,
            "inventory_turnover_ratio": null,
            "account_receivable_turnover_ratio": null,
            "reinvestment_rate": null,
            "research_to_sale_ratio": null,
            "price_fair": 0,
            "eps_avg_yearly": 0,
            "eps_latest_yearly": 0,
            "eps_growth_yearly": 0
        },
        "20051": {
            "year_quarter": 20051,
            "year": 2005,
            "quarter": 1,
            "eps": null,
            "eps_growth_year": null,
            "eps_4q": null,
            "eps_4q_growth_year": null,
            "roe": null,
            "gross_profit": null,
            "gross_margin": null,
            "net_income": null,
            "revenue": null,
            "common_shares": null,
            "equity": null,
            "current_ratio": null,
            "debt_ratio": null,
            "inventory_turnover_ratio": null,
            "account_receivable_turnover_ratio": null,
            "reinvestment_rate": null,
            "research_to_sale_ratio": null,
            "price_fair": 0,
            "eps_avg_yearly": 0,
            "eps_latest_yearly": 0,
            "eps_growth_yearly": 0
        },
        "20052": {
            "year_quarter": 20052,
            "year": 2005,
            "quarter": 2,
            "eps": null,
            "eps_growth_year": null,
            "eps_4q": null,
            "eps_4q_growth_year": null,
            "roe": null,
            "gross_profit": null,
            "gross_margin": null,
            "net_income": null,
            "revenue": null,
            "common_shares": null,
            "equity": null,
            "current_ratio": null,
            "debt_ratio": null,
            "inventory_turnover_ratio": null,
            "account_receivable_turnover_ratio": null,
            "reinvestment_rate": null,
            "research_to_sale_ratio": null,
            "price_fair": 0,
            "eps_avg_yearly": 0,
            "eps_latest_yearly": 0,
            "eps_growth_yearly": 0
        },
        "20053": {
            "year_quarter": 20053,
            "year": 2005,
            "quarter": 3,
            "eps": null,
            "eps_growth_year": null,
            "eps_4q": null,
            "eps_4q_growth_year": null,
            "roe": null,
            "gross_profit": null,
            "gross_margin": null,
            "net_income": null,
            "revenue": null,
            "common_shares": null,
            "equity": null,
            "current_ratio": null,
            "debt_ratio": null,
            "inventory_turnover_ratio": null,
            "account_receivable_turnover_ratio": null,
            "reinvestment_rate": null,
            "research_to_sale_ratio": null,
            "price_fair": 0,
            "eps_avg_yearly": 0,
            "eps_latest_yearly": 0,
            "eps_growth_yearly": 0
        },
        "20054": {
            "year_quarter": 20054,
            "year": 2005,
            "quarter": 4,
            "eps": null,
            "eps_growth_year": null,
            "eps_4q": null,
            "eps_4q_growth_year": null,
            "roe": null,
            "gross_profit": null,
            "gross_margin": null,
            "net_income": null,
            "revenue": null,
            "common_shares": null,
            "equity": null,
            "current_ratio": null,
            "debt_ratio": null,
            "inventory_turnover_ratio": null,
            "account_receivable_turnover_ratio": null,
            "reinvestment_rate": null,
            "research_to_sale_ratio": null,
            "price_fair": 0,
            "eps_avg_yearly": 0,
            "eps_latest_yearly": 0,
            "eps_growth_yearly": 0
        },
        "20061": {
            "year_quarter": 20061,
            "year": 2006,
            "quarter": 1,
            "eps": null,
            "eps_growth_year": null,
            "eps_4q": null,
            "eps_4q_growth_year": null,
            "roe": null,
            "gross_profit": null,
            "gross_margin": null,
            "net_income": null,
            "revenue": null,
            "common_shares": null,
            "equity": null,
            "current_ratio": null,
            "debt_ratio": null,
            "inventory_turnover_ratio": null,
            "account_receivable_turnover_ratio": null,
            "reinvestment_rate": null,
            "research_to_sale_ratio": null,
            "price_fair": 0,
            "eps_avg_yearly": 0,
            "eps_latest_yearly": 0,
            "eps_growth_yearly": 0
        },
        "20062": {
            "year_quarter": 20062,
            "year": 2006,
            "quarter": 2,
            "eps": null,
            "eps_growth_year": null,
            "eps_4q": null,
            "eps_4q_growth_year": null,
            "roe": null,
            "gross_profit": null,
            "gross_margin": null,
            "net_income": null,
            "revenue": null,
            "common_shares": null,
            "equity": null,
            "current_ratio": null,
            "debt_ratio": null,
            "inventory_turnover_ratio": null,
            "account_receivable_turnover_ratio": null,
            "reinvestment_rate": null,
            "research_to_sale_ratio": null,
            "price_fair": 0,
            "eps_avg_yearly": 0,
            "eps_latest_yearly": 0,
            "eps_growth_yearly": 0
        },
        "20063": {
            "year_quarter": 20063,
            "year": 2006,
            "quarter": 3,
            "eps": null,
            "eps_growth_year": null,
            "eps_4q": null,
            "eps_4q_growth_year": null,
            "roe": null,
            "gross_profit": null,
            "gross_margin": null,
            "net_income": null,
            "revenue": null,
            "common_shares": null,
            "equity": null,
            "current_ratio": null,
            "debt_ratio": null,
            "inventory_turnover_ratio": null,
            "account_receivable_turnover_ratio": null,
            "reinvestment_rate": null,
            "research_to_sale_ratio": null,
            "price_fair": 0,
            "eps_avg_yearly": 0,
            "eps_latest_yearly": 0,
            "eps_growth_yearly": 0
        },
        "20064": {
            "year_quarter": 20064,
            "year": 2006,
            "quarter": 4,
            "eps": null,
            "eps_growth_year": null,
            "eps_4q": null,
            "eps_4q_growth_year": null,
            "roe": null,
            "gross_profit": null,
            "gross_margin": null,
            "net_income": null,
            "revenue": null,
            "common_shares": null,
            "equity": null,
            "current_ratio": null,
            "debt_ratio": null,
            "inventory_turnover_ratio": null,
            "account_receivable_turnover_ratio": null,
            "reinvestment_rate": null,
            "research_to_sale_ratio": null,
            "price_fair": 0,
            "eps_avg_yearly": 0,
            "eps_latest_yearly": 0,
            "eps_growth_yearly": 0
        },
        "20071": {
            "year_quarter": 20071,
            "year": 2007,
            "quarter": 1,
            "eps": null,
            "eps_growth_year": null,
            "eps_4q": null,
            "eps_4q_growth_year": null,
            "roe": null,
            "gross_profit": null,
            "gross_margin": null,
            "net_income": null,
            "revenue": null,
            "common_shares": null,
            "equity": null,
            "current_ratio": null,
            "debt_ratio": null,
            "inventory_turnover_ratio": null,
            "account_receivable_turnover_ratio": null,
            "reinvestment_rate": null,
            "research_to_sale_ratio": null,
            "price_fair": 0,
            "eps_avg_yearly": 0,
            "eps_latest_yearly": 0,
            "eps_growth_yearly": 0
        },
        "20072": {
            "year_quarter": 20072,
            "year": 2007,
            "quarter": 2,
            "eps": null,
            "eps_growth_year": null,
            "eps_4q": null,
            "eps_4q_growth_year": null,
            "roe": null,
            "gross_profit": null,
            "gross_margin": null,
            "net_income": null,
            "revenue": null,
            "common_shares": null,
            "equity": null,
            "current_ratio": null,
            "debt_ratio": null,
            "inventory_turnover_ratio": null,
            "account_receivable_turnover_ratio": null,
            "reinvestment_rate": null,
            "research_to_sale_ratio": null,
            "price_fair": 0,
            "eps_avg_yearly": 0,
            "eps_latest_yearly": 0,
            "eps_growth_yearly": 0
        },
        "20073": {
            "year_quarter": 20073,
            "year": 2007,
            "quarter": 3,
            "eps": null,
            "eps_growth_year": null,
            "eps_4q": null,
            "eps_4q_growth_year": null,
            "roe": null,
            "gross_profit": null,
            "gross_margin": null,
            "net_income": null,
            "revenue": null,
            "common_shares": null,
            "equity": null,
            "current_ratio": null,
            "debt_ratio": null,
            "inventory_turnover_ratio": null,
            "account_receivable_turnover_ratio": null,
            "reinvestment_rate": null,
            "research_to_sale_ratio": null,
            "price_fair": 0,
            "eps_avg_yearly": 0,
            "eps_latest_yearly": 0,
            "eps_growth_yearly": 0
        },
        "20074": {
            "year_quarter": 20074,
            "year": 2007,
            "quarter": 4,
            "eps": null,
            "eps_growth_year": null,
            "eps_4q": null,
            "eps_4q_growth_year": null,
            "roe": null,
            "gross_profit": null,
            "gross_margin": null,
            "net_income": null,
            "revenue": null,
            "common_shares": null,
            "equity": null,
            "current_ratio": null,
            "debt_ratio": null,
            "inventory_turnover_ratio": null,
            "account_receivable_turnover_ratio": null,
            "reinvestment_rate": null,
            "research_to_sale_ratio": null,
            "price_fair": 0,
            "eps_avg_yearly": 0,
            "eps_latest_yearly": 0,
            "eps_growth_yearly": 0
        },
        "20081": {
            "year_quarter": 20081,
            "year": 2008,
            "quarter": 1,
            "eps": null,
            "eps_growth_year": null,
            "eps_4q": null,
            "eps_4q_growth_year": null,
            "roe": null,
            "gross_profit": null,
            "gross_margin": null,
            "net_income": null,
            "revenue": null,
            "common_shares": null,
            "equity": null,
            "current_ratio": null,
            "debt_ratio": null,
            "inventory_turnover_ratio": null,
            "account_receivable_turnover_ratio": null,
            "reinvestment_rate": null,
            "research_to_sale_ratio": null,
            "price_fair": 0,
            "eps_avg_yearly": 0,
            "eps_latest_yearly": 0,
            "eps_growth_yearly": 0
        },
        "20082": {
            "year_quarter": 20082,
            "year": 2008,
            "quarter": 2,
            "eps": null,
            "eps_growth_year": null,
            "eps_4q": null,
            "eps_4q_growth_year": null,
            "roe": null,
            "gross_profit": null,
            "gross_margin": null,
            "net_income": null,
            "revenue": null,
            "common_shares": null,
            "equity": null,
            "current_ratio": null,
            "debt_ratio": null,
            "inventory_turnover_ratio": null,
            "account_receivable_turnover_ratio": null,
            "reinvestment_rate": null,
            "research_to_sale_ratio": null,
            "price_fair": 0,
            "eps_avg_yearly": 0,
            "eps_latest_yearly": 0,
            "eps_growth_yearly": 0
        },
        "20083": {
            "year_quarter": 20083,
            "year": 2008,
            "quarter": 3,
            "eps": null,
            "eps_growth_year": null,
            "eps_4q": null,
            "eps_4q_growth_year": null,
            "roe": null,
            "gross_profit": null,
            "gross_margin": null,
            "net_income": null,
            "revenue": null,
            "common_shares": null,
            "equity": null,
            "current_ratio": null,
            "debt_ratio": null,
            "inventory_turnover_ratio": null,
            "account_receivable_turnover_ratio": null,
            "reinvestment_rate": null,
            "research_to_sale_ratio": null,
            "price_fair": 0,
            "eps_avg_yearly": 0,
            "eps_latest_yearly": 0,
            "eps_growth_yearly": 0
        },
        "20084": {
            "year_quarter": 20084,
            "year": 2008,
            "quarter": 4,
            "eps": null,
            "eps_growth_year": null,
            "eps_4q": null,
            "eps_4q_growth_year": null,
            "roe": null,
            "gross_profit": null,
            "gross_margin": null,
            "net_income": null,
            "revenue": null,
            "common_shares": null,
            "equity": null,
            "current_ratio": null,
            "debt_ratio": null,
            "inventory_turnover_ratio": null,
            "account_receivable_turnover_ratio": null,
            "reinvestment_rate": null,
            "research_to_sale_ratio": null,
            "price_fair": 0,
            "eps_avg_yearly": 0,
            "eps_latest_yearly": 0,
            "eps_growth_yearly": 0
        },
        "20091": {
            "year_quarter": 20091,
            "year": 2009,
            "quarter": 1,
            "eps": null,
            "eps_growth_year": null,
            "eps_4q": null,
            "eps_4q_growth_year": null,
            "roe": null,
            "gross_profit": null,
            "gross_margin": null,
            "net_income": null,
            "revenue": null,
            "common_shares": null,
            "equity": null,
            "current_ratio": null,
            "debt_ratio": null,
            "inventory_turnover_ratio": null,
            "account_receivable_turnover_ratio": null,
            "reinvestment_rate": null,
            "research_to_sale_ratio": null,
            "price_fair": 0,
            "eps_avg_yearly": 0,
            "eps_latest_yearly": 0,
            "eps_growth_yearly": 0
        },
        "20092": {
            "year_quarter": 20092,
            "year": 2009,
            "quarter": 2,
            "eps": null,
            "eps_growth_year": null,
            "eps_4q": null,
            "eps_4q_growth_year": null,
            "roe": null,
            "gross_profit": null,
            "gross_margin": null,
            "net_income": null,
            "revenue": null,
            "common_shares": null,
            "equity": null,
            "current_ratio": null,
            "debt_ratio": null,
            "inventory_turnover_ratio": null,
            "account_receivable_turnover_ratio": null,
            "reinvestment_rate": null,
            "research_to_sale_ratio": null,
            "price_fair": 0,
            "eps_avg_yearly": 0,
            "eps_latest_yearly": 0,
            "eps_growth_yearly": 0
        },
        "20093": {
            "year_quarter": 20093,
            "year": 2009,
            "quarter": 3,
            "eps": null,
            "eps_growth_year": null,
            "eps_4q": null,
            "eps_4q_growth_year": null,
            "roe": null,
            "gross_profit": null,
            "gross_margin": null,
            "net_income": null,
            "revenue": null,
            "common_shares": null,
            "equity": null,
            "current_ratio": null,
            "debt_ratio": null,
            "inventory_turnover_ratio": null,
            "account_receivable_turnover_ratio": null,
            "reinvestment_rate": null,
            "research_to_sale_ratio": null,
            "price_fair": 0,
            "eps_avg_yearly": 0,
            "eps_latest_yearly": 0,
            "eps_growth_yearly": 0
        },
        "20094": {
            "year_quarter": 20094,
            "year": 2009,
            "quarter": 4,
            "eps": null,
            "eps_growth_year": null,
            "eps_4q": null,
            "eps_4q_growth_year": null,
            "roe": null,
            "gross_profit": null,
            "gross_margin": null,
            "net_income": null,
            "revenue": null,
            "common_shares": null,
            "equity": null,
            "current_ratio": null,
            "debt_ratio": null,
            "inventory_turnover_ratio": null,
            "account_receivable_turnover_ratio": null,
            "reinvestment_rate": null,
            "research_to_sale_ratio": null,
            "price_fair": 0,
            "eps_avg_yearly": 0,
            "eps_latest_yearly": 0,
            "eps_growth_yearly": 0
        },
        "20101": {
            "year_quarter": 20101,
            "year": 2010,
            "quarter": 1,
            "eps": null,
            "eps_growth_year": null,
            "eps_4q": null,
            "eps_4q_growth_year": null,
            "roe": null,
            "gross_profit": null,
            "gross_margin": null,
            "net_income": null,
            "revenue": null,
            "common_shares": null,
            "equity": null,
            "current_ratio": null,
            "debt_ratio": null,
            "inventory_turnover_ratio": null,
            "account_receivable_turnover_ratio": null,
            "reinvestment_rate": null,
            "research_to_sale_ratio": null,
            "price_fair": 0,
            "eps_avg_yearly": 0,
            "eps_latest_yearly": 0,
            "eps_growth_yearly": 0
        },
        "20102": {
            "year_quarter": 20102,
            "year": 2010,
            "quarter": 2,
            "eps": null,
            "eps_growth_year": null,
            "eps_4q": null,
            "eps_4q_growth_year": null,
            "roe": null,
            "gross_profit": null,
            "gross_margin": null,
            "net_income": null,
            "revenue": null,
            "common_shares": null,
            "equity": null,
            "current_ratio": null,
            "debt_ratio": null,
            "inventory_turnover_ratio": null,
            "account_receivable_turnover_ratio": null,
            "reinvestment_rate": null,
            "research_to_sale_ratio": null,
            "price_fair": 0,
            "eps_avg_yearly": 0,
            "eps_latest_yearly": 0,
            "eps_growth_yearly": 0
        },
        "20103": {
            "year_quarter": 20103,
            "year": 2010,
            "quarter": 3,
            "eps": null,
            "eps_growth_year": null,
            "eps_4q": null,
            "eps_4q_growth_year": null,
            "roe": null,
            "gross_profit": null,
            "gross_margin": null,
            "net_income": null,
            "revenue": null,
            "common_shares": null,
            "equity": null,
            "current_ratio": null,
            "debt_ratio": null,
            "inventory_turnover_ratio": null,
            "account_receivable_turnover_ratio": null,
            "reinvestment_rate": null,
            "research_to_sale_ratio": null,
            "price_fair": 0,
            "eps_avg_yearly": 0,
            "eps_latest_yearly": 0,
            "eps_growth_yearly": 0
        },
        "20104": {
            "year_quarter": 20104,
            "year": 2010,
            "quarter": 4,
            "eps": null,
            "eps_growth_year": null,
            "eps_4q": null,
            "eps_4q_growth_year": null,
            "roe": null,
            "gross_profit": null,
            "gross_margin": null,
            "net_income": null,
            "revenue": null,
            "common_shares": null,
            "equity": null,
            "current_ratio": null,
            "debt_ratio": null,
            "inventory_turnover_ratio": null,
            "account_receivable_turnover_ratio": null,
            "reinvestment_rate": null,
            "research_to_sale_ratio": null,
            "price_fair": 0,
            "eps_avg_yearly": 0,
            "eps_latest_yearly": 0,
            "eps_growth_yearly": 0
        },
        "20111": {
            "year_quarter": 20111,
            "year": 2011,
            "quarter": 1,
            "eps": null,
            "eps_growth_year": null,
            "eps_4q": null,
            "eps_4q_growth_year": null,
            "roe": null,
            "gross_profit": null,
            "gross_margin": null,
            "net_income": null,
            "revenue": null,
            "common_shares": null,
            "equity": null,
            "current_ratio": null,
            "debt_ratio": null,
            "inventory_turnover_ratio": null,
            "account_receivable_turnover_ratio": null,
            "reinvestment_rate": null,
            "research_to_sale_ratio": null,
            "price_fair": 0,
            "eps_avg_yearly": 0,
            "eps_latest_yearly": 0,
            "eps_growth_yearly": 0
        },
        "20112": {
            "year_quarter": 20112,
            "year": 2011,
            "quarter": 2,
            "eps": null,
            "eps_growth_year": null,
            "eps_4q": null,
            "eps_4q_growth_year": null,
            "roe": null,
            "gross_profit": null,
            "gross_margin": null,
            "net_income": null,
            "revenue": null,
            "common_shares": null,
            "equity": null,
            "current_ratio": null,
            "debt_ratio": null,
            "inventory_turnover_ratio": null,
            "account_receivable_turnover_ratio": null,
            "reinvestment_rate": null,
            "research_to_sale_ratio": null,
            "price_fair": 0,
            "eps_avg_yearly": 0,
            "eps_latest_yearly": 0,
            "eps_growth_yearly": 0
        },
        "20113": {
            "year_quarter": 20113,
            "year": 2011,
            "quarter": 3,
            "eps": null,
            "eps_growth_year": null,
            "eps_4q": null,
            "eps_4q_growth_year": null,
            "roe": null,
            "gross_profit": null,
            "gross_margin": null,
            "net_income": null,
            "revenue": null,
            "common_shares": null,
            "equity": null,
            "current_ratio": null,
            "debt_ratio": null,
            "inventory_turnover_ratio": null,
            "account_receivable_turnover_ratio": null,
            "reinvestment_rate": null,
            "research_to_sale_ratio": null,
            "price_fair": 0,
            "eps_avg_yearly": 0,
            "eps_latest_yearly": 0,
            "eps_growth_yearly": 0
        },
        "20114": {
            "year_quarter": 20114,
            "year": 2011,
            "quarter": 4,
            "eps": null,
            "eps_growth_year": null,
            "eps_4q": null,
            "eps_4q_growth_year": null,
            "roe": null,
            "gross_profit": null,
            "gross_margin": null,
            "net_income": null,
            "revenue": null,
            "common_shares": null,
            "equity": null,
            "current_ratio": null,
            "debt_ratio": null,
            "inventory_turnover_ratio": null,
            "account_receivable_turnover_ratio": null,
            "reinvestment_rate": null,
            "research_to_sale_ratio": null,
            "price_fair": 0,
            "eps_avg_yearly": 0,
            "eps_latest_yearly": 0,
            "eps_growth_yearly": 0
        },
        "20121": {
            "year_quarter": 20121,
            "year": 2012,
            "quarter": 1,
            "eps": null,
            "eps_growth_year": null,
            "eps_4q": null,
            "eps_4q_growth_year": null,
            "roe": null,
            "gross_profit": null,
            "gross_margin": null,
            "net_income": null,
            "revenue": null,
            "common_shares": null,
            "equity": null,
            "current_ratio": null,
            "debt_ratio": null,
            "inventory_turnover_ratio": null,
            "account_receivable_turnover_ratio": null,
            "reinvestment_rate": null,
            "research_to_sale_ratio": null,
            "price_fair": 0,
            "eps_avg_yearly": 0,
            "eps_latest_yearly": 0,
            "eps_growth_yearly": 0
        },
        "20122": {
            "year_quarter": 20122,
            "year": 2012,
            "quarter": 2,
            "eps": null,
            "eps_growth_year": null,
            "eps_4q": null,
            "eps_4q_growth_year": null,
            "roe": null,
            "gross_profit": null,
            "gross_margin": null,
            "net_income": null,
            "revenue": null,
            "common_shares": null,
            "equity": null,
            "current_ratio": null,
            "debt_ratio": null,
            "inventory_turnover_ratio": null,
            "account_receivable_turnover_ratio": null,
            "reinvestment_rate": null,
            "research_to_sale_ratio": null,
            "price_fair": 0,
            "eps_avg_yearly": 0,
            "eps_latest_yearly": 0,
            "eps_growth_yearly": 0
        },
        "20123": {
            "year_quarter": 20123,
            "year": 2012,
            "quarter": 3,
            "eps": null,
            "eps_growth_year": null,
            "eps_4q": null,
            "eps_4q_growth_year": null,
            "roe": null,
            "gross_profit": null,
            "gross_margin": null,
            "net_income": null,
            "revenue": null,
            "common_shares": null,
            "equity": null,
            "current_ratio": null,
            "debt_ratio": null,
            "inventory_turnover_ratio": null,
            "account_receivable_turnover_ratio": null,
            "reinvestment_rate": null,
            "research_to_sale_ratio": null,
            "price_fair": 0,
            "eps_avg_yearly": 0,
            "eps_latest_yearly": 0,
            "eps_growth_yearly": 0
        },
        "20124": {
            "year_quarter": 20124,
            "year": 2012,
            "quarter": 4,
            "eps": null,
            "eps_growth_year": null,
            "eps_4q": null,
            "eps_4q_growth_year": null,
            "roe": null,
            "gross_profit": null,
            "gross_margin": null,
            "net_income": null,
            "revenue": null,
            "common_shares": null,
            "equity": null,
            "current_ratio": null,
            "debt_ratio": null,
            "inventory_turnover_ratio": null,
            "account_receivable_turnover_ratio": null,
            "reinvestment_rate": null,
            "research_to_sale_ratio": null,
            "price_fair": 0,
            "eps_avg_yearly": 0,
            "eps_latest_yearly": 0,
            "eps_growth_yearly": 0
        },
        "20131": {
            "year_quarter": 20131,
            "year": 2013,
            "quarter": 1,
            "eps": null,
            "eps_growth_year": null,
            "eps_4q": null,
            "eps_4q_growth_year": null,
            "roe": null,
            "gross_profit": null,
            "gross_margin": null,
            "net_income": null,
            "revenue": null,
            "common_shares": null,
            "equity": null,
            "current_ratio": null,
            "debt_ratio": null,
            "inventory_turnover_ratio": null,
            "account_receivable_turnover_ratio": null,
            "reinvestment_rate": null,
            "research_to_sale_ratio": null,
            "price_fair": 0,
            "eps_avg_yearly": 0,
            "eps_latest_yearly": 0,
            "eps_growth_yearly": 0
        },
        "20132": {
            "year_quarter": 20132,
            "year": 2013,
            "quarter": 2,
            "eps": null,
            "eps_growth_year": null,
            "eps_4q": null,
            "eps_4q_growth_year": null,
            "roe": null,
            "gross_profit": null,
            "gross_margin": null,
            "net_income": null,
            "revenue": null,
            "common_shares": null,
            "equity": null,
            "current_ratio": null,
            "debt_ratio": null,
            "inventory_turnover_ratio": null,
            "account_receivable_turnover_ratio": null,
            "reinvestment_rate": null,
            "research_to_sale_ratio": null,
            "price_fair": 0,
            "eps_avg_yearly": 0,
            "eps_latest_yearly": 0,
            "eps_growth_yearly": 0
        },
        "20133": {
            "year_quarter": 20133,
            "year": 2013,
            "quarter": 3,
            "eps": null,
            "eps_growth_year": null,
            "eps_4q": null,
            "eps_4q_growth_year": null,
            "roe": null,
            "gross_profit": null,
            "gross_margin": null,
            "net_income": null,
            "revenue": null,
            "common_shares": null,
            "equity": null,
            "current_ratio": null,
            "debt_ratio": null,
            "inventory_turnover_ratio": null,
            "account_receivable_turnover_ratio": null,
            "reinvestment_rate": null,
            "research_to_sale_ratio": null,
            "price_fair": 0,
            "eps_avg_yearly": 0,
            "eps_latest_yearly": 0,
            "eps_growth_yearly": 0
        },
        "20134": {
            "year_quarter": 20134,
            "year": 2013,
            "quarter": 4,
            "eps": null,
            "eps_growth_year": null,
            "eps_4q": null,
            "eps_4q_growth_year": null,
            "roe": null,
            "gross_profit": null,
            "gross_margin": null,
            "net_income": null,
            "revenue": null,
            "common_shares": null,
            "equity": null,
            "current_ratio": null,
            "debt_ratio": null,
            "inventory_turnover_ratio": null,
            "account_receivable_turnover_ratio": null,
            "reinvestment_rate": null,
            "research_to_sale_ratio": null,
            "price_fair": 0,
            "eps_avg_yearly": 0,
            "eps_latest_yearly": 0,
            "eps_growth_yearly": 0
        },
        "20141": {
            "year_quarter": 20141,
            "year": 2014,
            "quarter": 1,
            "eps": null,
            "eps_growth_year": null,
            "eps_4q": null,
            "eps_4q_growth_year": null,
            "roe": null,
            "gross_profit": null,
            "gross_margin": null,
            "net_income": null,
            "revenue": null,
            "common_shares": null,
            "equity": null,
            "current_ratio": null,
            "debt_ratio": null,
            "inventory_turnover_ratio": null,
            "account_receivable_turnover_ratio": null,
            "reinvestment_rate": null,
            "research_to_sale_ratio": null,
            "price_fair": 0,
            "eps_avg_yearly": 0,
            "eps_latest_yearly": 0,
            "eps_growth_yearly": 0
        },
        "20142": {
            "year_quarter": 20142,
            "year": 2014,
            "quarter": 2,
            "eps": null,
            "eps_growth_year": null,
            "eps_4q": null,
            "eps_4q_growth_year": null,
            "roe": null,
            "gross_profit": null,
            "gross_margin": null,
            "net_income": null,
            "revenue": null,
            "common_shares": 147000,
            "equity": 248058,
            "current_ratio": null,
            "debt_ratio": null,
            "inventory_turnover_ratio": null,
            "account_receivable_turnover_ratio": null,
            "reinvestment_rate": null,
            "research_to_sale_ratio": null,
            "price_fair": 0,
            "eps_avg_yearly": 0,
            "eps_latest_yearly": 0,
            "eps_growth_yearly": 0
        },
        "20143": {
            "year_quarter": 20143,
            "year": 2014,
            "quarter": 3,
            "eps": null,
            "eps_growth_year": null,
            "eps_4q": null,
            "eps_4q_growth_year": null,
            "roe": null,
            "gross_profit": null,
            "gross_margin": null,
            "net_income": null,
            "revenue": null,
            "common_shares": null,
            "equity": null,
            "current_ratio": null,
            "debt_ratio": null,
            "inventory_turnover_ratio": null,
            "account_receivable_turnover_ratio": null,
            "reinvestment_rate": null,
            "research_to_sale_ratio": null,
            "price_fair": 0,
            "eps_avg_yearly": 0,
            "eps_latest_yearly": 0,
            "eps_growth_yearly": 0
        },
        "20144": {
            "year_quarter": 20144,
            "year": 2014,
            "quarter": 4,
            "eps": null,
            "eps_growth_year": null,
            "eps_4q": null,
            "eps_4q_growth_year": null,
            "roe": null,
            "gross_profit": null,
            "gross_margin": null,
            "net_income": null,
            "revenue": null,
            "common_shares": 161700,
            "equity": 228383,
            "current_ratio": null,
            "debt_ratio": null,
            "inventory_turnover_ratio": null,
            "account_receivable_turnover_ratio": null,
            "reinvestment_rate": null,
            "research_to_sale_ratio": null,
            "price_fair": 0,
            "eps_avg_yearly": 0,
            "eps_latest_yearly": 0,
            "eps_growth_yearly": 0
        },
        "20151": {
            "year_quarter": 20151,
            "year": 2015,
            "quarter": 1,
            "eps": null,
            "eps_growth_year": null,
            "eps_4q": null,
            "eps_4q_growth_year": null,
            "roe": null,
            "gross_profit": null,
            "gross_margin": null,
            "net_income": null,
            "revenue": null,
            "common_shares": null,
            "equity": null,
            "current_ratio": null,
            "debt_ratio": null,
            "inventory_turnover_ratio": null,
            "account_receivable_turnover_ratio": null,
            "reinvestment_rate": null,
            "research_to_sale_ratio": null,
            "price_fair": 0,
            "eps_avg_yearly": 0,
            "eps_latest_yearly": 0,
            "eps_growth_yearly": 0
        },
        "20152": {
            "year_quarter": 20152,
            "year": 2015,
            "quarter": 2,
            "eps": null,
            "eps_growth_year": null,
            "eps_4q": null,
            "eps_4q_growth_year": null,
            "roe": null,
            "gross_profit": null,
            "gross_margin": null,
            "net_income": null,
            "revenue": null,
            "common_shares": 161700,
            "equity": 242421,
            "current_ratio": 292.06,
            "debt_ratio": 28.99,
            "inventory_turnover_ratio": null,
            "account_receivable_turnover_ratio": null,
            "reinvestment_rate": null,
            "research_to_sale_ratio": null,
            "price_fair": 0,
            "eps_avg_yearly": 0,
            "eps_latest_yearly": 0,
            "eps_growth_yearly": 0
        },
        "20153": {
            "year_quarter": 20153,
            "year": 2015,
            "quarter": 3,
            "eps": null,
            "eps_growth_year": null,
            "eps_4q": null,
            "eps_4q_growth_year": null,
            "roe": null,
            "gross_profit": 169457,
            "gross_margin": null,
            "net_income": 21472,
            "revenue": 211220,
            "common_shares": 176450,
            "equity": 285775,
            "current_ratio": null,
            "debt_ratio": null,
            "inventory_turnover_ratio": null,
            "account_receivable_turnover_ratio": null,
            "reinvestment_rate": null,
            "research_to_sale_ratio": null,
            "price_fair": 0,
            "eps_avg_yearly": 0,
            "eps_latest_yearly": 0,
            "eps_growth_yearly": 0
        },
        "20154": {
            "year_quarter": 20154,
            "year": 2015,
            "quarter": 4,
            "eps": null,
            "eps_growth_year": null,
            "eps_4q": null,
            "eps_4q_growth_year": null,
            "roe": null,
            "gross_profit": 167526,
            "gross_margin": null,
            "net_income": 34516,
            "revenue": 195824,
            "common_shares": 176450,
            "equity": 320291,
            "current_ratio": 417.28,
            "debt_ratio": 24.05,
            "inventory_turnover_ratio": null,
            "account_receivable_turnover_ratio": null,
            "reinvestment_rate": null,
            "research_to_sale_ratio": null,
            "price_fair": 0,
            "eps_avg_yearly": 0,
            "eps_latest_yearly": 0,
            "eps_growth_yearly": 0
        },
        "20161": {
            "year_quarter": 20161,
            "year": 2016,
            "quarter": 1,
            "eps": null,
            "eps_growth_year": null,
            "eps_4q": null,
            "eps_4q_growth_year": null,
            "roe": null,
            "gross_profit": null,
            "gross_margin": null,
            "net_income": null,
            "revenue": null,
            "common_shares": null,
            "equity": null,
            "current_ratio": null,
            "debt_ratio": null,
            "inventory_turnover_ratio": null,
            "account_receivable_turnover_ratio": null,
            "reinvestment_rate": null,
            "research_to_sale_ratio": null,
            "price_fair": 0,
            "eps_avg_yearly": 0,
            "eps_latest_yearly": 0,
            "eps_growth_yearly": 0
        },
        "20162": {
            "year_quarter": 20162,
            "year": 2016,
            "quarter": 2,
            "eps": null,
            "eps_growth_year": null,
            "eps_4q": null,
            "eps_4q_growth_year": null,
            "roe": null,
            "gross_profit": null,
            "gross_margin": null,
            "net_income": null,
            "revenue": null,
            "common_shares": 176450,
            "equity": 339313,
            "current_ratio": 357.9,
            "debt_ratio": 26.89,
            "inventory_turnover_ratio": null,
            "account_receivable_turnover_ratio": null,
            "reinvestment_rate": null,
            "research_to_sale_ratio": null,
            "price_fair": 0,
            "eps_avg_yearly": 0,
            "eps_latest_yearly": 0,
            "eps_growth_yearly": 0
        },
        "20163": {
            "year_quarter": 20163,
            "year": 2016,
            "quarter": 3,
            "eps": 0.28,
            "eps_growth_year": null,
            "eps_4q": null,
            "eps_4q_growth_year": null,
            "roe": 1.84,
            "gross_profit": 174315,
            "gross_margin": 82.57,
            "net_income": 6315,
            "revenue": 211117,
            "common_shares": 229385,
            "equity": 345628,
            "current_ratio": 374.66,
            "debt_ratio": 25.75,
            "inventory_turnover_ratio": 0.94,
            "account_receivable_turnover_ratio": 5.06,
            "reinvestment_rate": null,
            "research_to_sale_ratio": 11.41,
            "price_fair": 0,
            "eps_avg_yearly": 0,
            "eps_latest_yearly": 0,
            "eps_growth_yearly": 0
        },
        "20164": {
            "year_quarter": 20164,
            "year": 2016,
            "quarter": 4,
            "eps": 0.51,
            "eps_growth_year": null,
            "eps_4q": null,
            "eps_4q_growth_year": null,
            "roe": 3.3,
            "gross_profit": 149872,
            "gross_margin": 84.56,
            "net_income": 11604,
            "revenue": 177245,
            "common_shares": 229385,
            "equity": 357232,
            "current_ratio": 378.78,
            "debt_ratio": 25.83,
            "inventory_turnover_ratio": 0.66,
            "account_receivable_turnover_ratio": 4.45,
            "reinvestment_rate": null,
            "research_to_sale_ratio": 14.57,
            "price_fair": 71.4,
            "eps_avg_yearly": 2.04,
            "eps_latest_yearly": 2.04,
            "eps_growth_yearly": 328.57
        },
        "20171": {
            "year_quarter": 20171,
            "year": 2017,
            "quarter": 1,
            "eps": 1.1,
            "eps_growth_year": null,
            "eps_4q": null,
            "eps_4q_growth_year": null,
            "roe": 6.83,
            "gross_profit": 151377,
            "gross_margin": 84.93,
            "net_income": 25258,
            "revenue": 178237,
            "common_shares": 229385,
            "equity": 382490,
            "current_ratio": 431.86,
            "debt_ratio": 23.62,
            "inventory_turnover_ratio": 0.62,
            "account_receivable_turnover_ratio": 3.14,
            "reinvestment_rate": null,
            "research_to_sale_ratio": 11.38,
            "price_fair": 112.7,
            "eps_avg_yearly": 3.22,
            "eps_latest_yearly": 4.4,
            "eps_growth_yearly": 395.66
        },
        "20172": {
            "year_quarter": 20172,
            "year": 2017,
            "quarter": 2,
            "eps": 1.93,
            "eps_growth_year": null,
            "eps_4q": 3.31,
            "eps_4q_growth_year": null,
            "roe": 10,
            "gross_profit": 187204,
            "gross_margin": 83.49,
            "net_income": 56247,
            "revenue": 224227,
            "common_shares": 254385,
            "equity": 742578,
            "current_ratio": 639.04,
            "debt_ratio": 16.77,
            "inventory_turnover_ratio": 0.96,
            "account_receivable_turnover_ratio": 2.38,
            "reinvestment_rate": null,
            "research_to_sale_ratio": 8.48,
            "price_fair": 165.2,
            "eps_avg_yearly": 4.72,
            "eps_latest_yearly": 7.72,
            "eps_growth_yearly": 364.38
        },
        "20173": {
            "year_quarter": 20173,
            "year": 2017,
            "quarter": 3,
            "eps": 2.46,
            "eps_growth_year": 778.57,
            "eps_4q": 5.56,
            "eps_4q_growth_year": null,
            "roe": 9.28,
            "gross_profit": 219570,
            "gross_margin": 81.88,
            "net_income": 73962,
            "revenue": 268170,
            "common_shares": 300175,
            "equity": 852290,
            "current_ratio": 425.11,
            "debt_ratio": 23.07,
            "inventory_turnover_ratio": 1.46,
            "account_receivable_turnover_ratio": 2.28,
            "reinvestment_rate": null,
            "research_to_sale_ratio": 7.23,
            "price_fair": 210,
            "eps_avg_yearly": 6,
            "eps_latest_yearly": 9.84,
            "eps_growth_yearly": 300.74
        },
        "20174": {
            "year_quarter": 20174,
            "year": 2017,
            "quarter": 4,
            "eps": 2.59,
            "eps_growth_year": 411.22,
            "eps_4q": 7.76,
            "eps_4q_growth_year": null,
            "roe": 9.15,
            "gross_profit": 243467,
            "gross_margin": 76.64,
            "net_income": 81883,
            "revenue": 317696,
            "common_shares": 300175,
            "equity": 937864,
            "current_ratio": 330.44,
            "debt_ratio": 28.72,
            "inventory_turnover_ratio": 2.45,
            "account_receivable_turnover_ratio": 2.98,
            "reinvestment_rate": null,
            "research_to_sale_ratio": 6.25,
            "price_fair": 240.52,
            "eps_avg_yearly": 6.87,
            "eps_latest_yearly": 10.36,
            "eps_growth_yearly": 244.82
        },
        "20181": {
            "year_quarter": 20181,
            "year": 2018,
            "quarter": 1,
            "eps": 2.79,
            "eps_growth_year": 153.64,
            "eps_4q": 9.71,
            "eps_4q_growth_year": null,
            "roe": 9.25,
            "gross_profit": 251528,
            "gross_margin": 76.99,
            "net_income": 91233,
            "revenue": 326699,
            "common_shares": 300175,
            "equity": 1034287,
            "current_ratio": 339.49,
            "debt_ratio": 27.59,
            "inventory_turnover_ratio": 2.78,
            "account_receivable_turnover_ratio": 3.37,
            "reinvestment_rate": null,
            "research_to_sale_ratio": 5.32,
            "price_fair": 265.53,
            "eps_avg_yearly": 7.59,
            "eps_latest_yearly": 11.16,
            "eps_growth_yearly": 209.17
        },
        "20182": {
            "year_quarter": 20182,
            "year": 2018,
            "quarter": 2,
            "eps": 2.95,
            "eps_growth_year": 52.85,
            "eps_4q": 9.48,
            "eps_4q_growth_year": 186.21,
            "roe": 12.1,
            "gross_profit": 314237,
            "gross_margin": 72.41,
            "net_income": 123926,
            "revenue": 433947,
            "common_shares": 300175,
            "equity": 1014381,
            "current_ratio": 232.3,
            "debt_ratio": 38.93,
            "inventory_turnover_ratio": 5.11,
            "account_receivable_turnover_ratio": 4.68,
            "reinvestment_rate": null,
            "research_to_sale_ratio": 4.06,
            "price_fair": 286.6,
            "eps_avg_yearly": 8.19,
            "eps_latest_yearly": 11.8,
            "eps_growth_yearly": 182.56
        },
        "20183": {
            "year_quarter": 20183,
            "year": 2018,
            "quarter": 3,
            "eps": 2.88,
            "eps_growth_year": 17.07,
            "eps_4q": 10.31,
            "eps_4q_growth_year": 85.38,
            "roe": 11.25,
            "gross_profit": 323004,
            "gross_margin": 71.44,
            "net_income": 120880,
            "revenue": 452120,
            "common_shares": 360210,
            "equity": 1134733,
            "current_ratio": 283.48,
            "debt_ratio": 31.02,
            "inventory_turnover_ratio": 6.81,
            "account_receivable_turnover_ratio": 6.08,
            "reinvestment_rate": null,
            "research_to_sale_ratio": 4.16,
            "price_fair": 301.18,
            "eps_avg_yearly": 8.61,
            "eps_latest_yearly": 11.52,
            "eps_growth_yearly": 158.56
        },
        "20184": {
            "year_quarter": 20184,
            "year": 2018,
            "quarter": 4,
            "eps": 2.11,
            "eps_growth_year": -18.38,
            "eps_4q": 10.59,
            "eps_4q_growth_year": 36.5,
            "roe": 9.85,
            "gross_profit": 279607,
            "gross_margin": 68.05,
            "net_income": 102233,
            "revenue": 410889,
            "common_shares": 360210,
            "equity": 942077,
            "current_ratio": 209.12,
            "debt_ratio": 40.05,
            "inventory_turnover_ratio": 8.78,
            "account_receivable_turnover_ratio": 9.58,
            "reinvestment_rate": null,
            "research_to_sale_ratio": 4.09,
            "price_fair": 300.53,
            "eps_avg_yearly": 8.59,
            "eps_latest_yearly": 8.44,
            "eps_growth_yearly": 129.06
        },
        "20191": {
            "year_quarter": 20191,
            "year": 2019,
            "quarter": 1,
            "eps": 0.78,
            "eps_growth_year": -72.04,
            "eps_4q": 8.96,
            "eps_4q_growth_year": -7.72,
            "roe": 4.95,
            "gross_profit": 235319,
            "gross_margin": 64.44,
            "net_income": 50619,
            "revenue": 365154,
            "common_shares": 360210,
            "equity": 1102276,
            "current_ratio": 208.96,
            "debt_ratio": 40.58,
            "inventory_turnover_ratio": 9.48,
            "account_receivable_turnover_ratio": 6.01,
            "reinvestment_rate": null,
            "research_to_sale_ratio": 4.69,
            "price_fair": 281.4,
            "eps_avg_yearly": 8.04,
            "eps_latest_yearly": 3.12,
            "eps_growth_yearly": 90.94
        },
        "20192": {
            "year_quarter": 20192,
            "year": 2019,
            "quarter": 2,
            "eps": 0.46,
            "eps_growth_year": -84.41,
            "eps_4q": 6.05,
            "eps_4q_growth_year": -36.2,
            "roe": 3.2,
            "gross_profit": 217822,
            "gross_margin": 58.15,
            "net_income": 32460,
            "revenue": 374618,
            "common_shares": 360210,
            "equity": 927948,
            "current_ratio": 156.7,
            "debt_ratio": 49.8,
            "inventory_turnover_ratio": 12.11,
            "account_receivable_turnover_ratio": 4.23,
            "reinvestment_rate": null,
            "research_to_sale_ratio": 4.46,
            "price_fair": 261.67,
            "eps_avg_yearly": 7.48,
            "eps_latest_yearly": 1.84,
            "eps_growth_yearly": 67.75
        },
        "20193": {
            "year_quarter": 20193,
            "year": 2019,
            "quarter": 3,
            "eps": 1.03,
            "eps_growth_year": -64.24,
            "eps_4q": 4.22,
            "eps_4q_growth_year": -59.06,
            "roe": 6.01,
            "gross_profit": 224855,
            "gross_margin": 58.3,
            "net_income": 57594,
            "revenue": 385714,
            "common_shares": 377524,
            "equity": 989567,
            "current_ratio": 180,
            "debt_ratio": 43.64,
            "inventory_turnover_ratio": 11.71,
            "account_receivable_turnover_ratio": 5.8,
            "reinvestment_rate": null,
            "research_to_sale_ratio": 3.43,
            "price_fair": 251.88,
            "eps_avg_yearly": 7.2,
            "eps_latest_yearly": 4.12,
            "eps_growth_yearly": 103.41
        },
        "20194": {
            "year_quarter": 20194,
            "year": 2019,
            "quarter": 4,
            "eps": 0.73,
            "eps_growth_year": -65.58,
            "eps_4q": 2.95,
            "eps_4q_growth_year": -72.15,
            "roe": 4.09,
            "gross_profit": 193537,
            "gross_margin": 53.87,
            "net_income": 41973,
            "revenue": 359284,
            "common_shares": 377525,
            "equity": 1064252,
            "current_ratio": 192.48,
            "debt_ratio": 43.31,
            "inventory_turnover_ratio": 9.98,
            "account_receivable_turnover_ratio": 3.94,
            "reinvestment_rate": null,
            "research_to_sale_ratio": 4.48,
            "price_fair": 240.37,
            "eps_avg_yearly": 6.87,
            "eps_latest_yearly": 2.92,
            "eps_growth_yearly": 86.49
        },
        "20201": {
            "year_quarter": 20201,
            "year": 2020,
            "quarter": 1,
            "eps": 0.1,
            "eps_growth_year": -87.18,
            "eps_4q": 2.31,
            "eps_4q_growth_year": -74.25,
            "roe": 2.47,
            "gross_profit": 183517,
            "gross_margin": 54.19,
            "net_income": 26274,
            "revenue": 338636,
            "common_shares": 377525,
            "equity": 1065348,
            "current_ratio": 221.18,
            "debt_ratio": 39.24,
            "inventory_turnover_ratio": 8.82,
            "account_receivable_turnover_ratio": 2.57,
            "reinvestment_rate": null,
            "research_to_sale_ratio": 3.9,
            "price_fair": 224.2,
            "eps_avg_yearly": 6.41,
            "eps_latest_yearly": 0.4,
            "eps_growth_yearly": 55.66
        },
        "20202": {
            "year_quarter": 20202,
            "year": 2020,
            "quarter": 2,
            "eps": 0.09,
            "eps_growth_year": -80.43,
            "eps_4q": 1.95,
            "eps_4q_growth_year": -67.74,
            "roe": 1.9,
            "gross_profit": 176952,
            "gross_margin": 54.07,
            "net_income": 19403,
            "revenue": 327269,
            "common_shares": 377525,
            "equity": 979952,
            "current_ratio": 175.87,
            "debt_ratio": 47.88,
            "inventory_turnover_ratio": 8.37,
            "account_receivable_turnover_ratio": 2.58,
            "reinvestment_rate": 4.5,
            "research_to_sale_ratio": 4.17,
            "price_fair": 210.09,
            "eps_avg_yearly": 6,
            "eps_latest_yearly": 0.36,
            "eps_growth_yearly": 49.28
        },
        "20203": {
            "year_quarter": 20203,
            "year": 2020,
            "quarter": 3,
            "eps": 0.43,
            "eps_growth_year": -58.25,
            "eps_4q": 1.34,
            "eps_4q_growth_year": -68.26,
            "roe": 3.48,
            "gross_profit": 215491,
            "gross_margin": 55.16,
            "net_income": 35208,
            "revenue": 390653,
            "common_shares": 377525,
            "equity": 1042879,
            "current_ratio": 199.42,
            "debt_ratio": 42.71,
            "inventory_turnover_ratio": 9.97,
            "account_receivable_turnover_ratio": 3.13,
            "reinvestment_rate": 8.04,
            "research_to_sale_ratio": 3.43,
            "price_fair": 200.73,
            "eps_avg_yearly": 5.74,
            "eps_latest_yearly": 1.72,
            "eps_growth_yearly": 140.65
        },
        "20204": {
            "year_quarter": 20204,
            "year": 2020,
            "quarter": 4,
            "eps": 0.14,
            "eps_growth_year": -80.07,
            "eps_4q": 0.76,
            "eps_4q_growth_year": -74.17,
            "roe": 2.89,
            "gross_profit": 208955,
            "gross_margin": 53.38,
            "net_income": 30535,
            "revenue": 391420,
            "common_shares": 377525,
            "equity": 1072628,
            "current_ratio": 183.11,
            "debt_ratio": 43.63,
            "inventory_turnover_ratio": 10.1,
            "account_receivable_turnover_ratio": 3.13,
            "reinvestment_rate": 20.72,
            "research_to_sale_ratio": 3.44,
            "price_fair": 197.49,
            "eps_avg_yearly": 5.64,
            "eps_latest_yearly": 0.56,
            "eps_growth_yearly": 103.25
        },
        "20211": {
            "year_quarter": 20211,
            "year": 2021,
            "quarter": 1,
            "eps": 0.34,
            "eps_growth_year": 240,
            "eps_4q": 1,
            "eps_4q_growth_year": -56.81,
            "roe": 3.36,
            "gross_profit": 187331,
            "gross_margin": 54.08,
            "net_income": 37269,
            "revenue": 346407,
            "common_shares": 377525,
            "equity": 1145237,
            "current_ratio": 213.49,
            "debt_ratio": 38.13,
            "inventory_turnover_ratio": 7.53,
            "account_receivable_turnover_ratio": 3,
            "reinvestment_rate": 24.58,
            "research_to_sale_ratio": 3.24,
            "price_fair": 190.84,
            "eps_avg_yearly": 5.45,
            "eps_latest_yearly": 1.36,
            "eps_growth_yearly": 110.04
        },
        "20212": {
            "year_quarter": 20212,
            "year": 2021,
            "quarter": 2,
            "eps": -0.28,
            "eps_growth_year": -411.11,
            "eps_4q": 0.63,
            "eps_4q_growth_year": -67.7,
            "roe": -0.28,
            "gross_profit": 130696,
            "gross_margin": 42.75,
            "net_income": -3181,
            "revenue": 305739,
            "common_shares": 377525,
            "equity": 1092432,
            "current_ratio": 185.87,
            "debt_ratio": 42.44,
            "inventory_turnover_ratio": 9.61,
            "account_receivable_turnover_ratio": 2.94,
            "reinvestment_rate": 31.61,
            "research_to_sale_ratio": 3.8,
            "price_fair": 185.55,
            "eps_avg_yearly": 5.3,
            "eps_latest_yearly": 1.36,
            "eps_growth_yearly": 97.26
        },
        "20213": {
            "year_quarter": 20213,
            "year": 2021,
            "quarter": 3,
            "eps": 0.28,
            "eps_growth_year": -34.88,
            "eps_4q": 0.49,
            "eps_4q_growth_year": -63.68,
            "roe": 3.81,
            "gross_profit": 173126,
            "gross_margin": 50.33,
            "net_income": 40682,
            "revenue": 344014,
            "common_shares": 377525,
            "equity": 1045789,
            "current_ratio": 173.42,
            "debt_ratio": 44.93,
            "inventory_turnover_ratio": 11.95,
            "account_receivable_turnover_ratio": 3.63,
            "reinvestment_rate": 36.52,
            "research_to_sale_ratio": 3.75,
            "price_fair": 174.2,
            "eps_avg_yearly": 4.98,
            "eps_latest_yearly": 1.36,
            "eps_growth_yearly": 96.36
        },
        "20214": {
            "year_quarter": 20214,
            "year": 2021,
            "quarter": 4,
            "eps": -1.14,
            "eps_growth_year": -885.57,
            "eps_4q": -0.8,
            "eps_4q_growth_year": -204.45,
            "roe": -3,
            "gross_profit": 151752,
            "gross_margin": 45.96,
            "net_income": -30429,
            "revenue": 330182,
            "common_shares": 377525,
            "equity": 979779,
            "current_ratio": 165.76,
            "debt_ratio": 47.37,
            "inventory_turnover_ratio": 13.36,
            "account_receivable_turnover_ratio": 3.91,
            "reinvestment_rate": 47.79,
            "research_to_sale_ratio": 3.01,
            "price_fair": 159.71,
            "eps_avg_yearly": 4.56,
            "eps_latest_yearly": 1.36,
            "eps_growth_yearly": 102.14
        },
        "20221": {
            "year_quarter": 20221,
            "year": 2022,
            "quarter": 1,
            "eps": -0.12,
            "eps_growth_year": -135.29,
            "eps_4q": -1.25,
            "eps_4q_growth_year": -225.04,
            "roe": 0.88,
            "gross_profit": 154676,
            "gross_margin": 47.66,
            "net_income": 8690,
            "revenue": 324534,
            "common_shares": 377525,
            "equity": 985807,
            "current_ratio": 184.27,
            "debt_ratio": 44.75,
            "inventory_turnover_ratio": 15.79,
            "account_receivable_turnover_ratio": 4.3,
            "reinvestment_rate": 68.18,
            "research_to_sale_ratio": 3.18,
            "price_fair": 140.47,
            "eps_avg_yearly": 4.01,
            "eps_latest_yearly": 1.36,
            "eps_growth_yearly": 108.08
        },
        "20222": {
            "year_quarter": 20222,
            "year": 2022,
            "quarter": 2,
            "eps": -0.48,
            "eps_growth_year": null,
            "eps_4q": -1.45,
            "eps_4q_growth_year": -330.48,
            "roe": -0.98,
            "gross_profit": 121455,
            "gross_margin": 42.13,
            "net_income": -9086,
            "revenue": 288278,
            "common_shares": 377525,
            "equity": 872043,
            "current_ratio": 150.98,
            "debt_ratio": 51.6,
            "inventory_turnover_ratio": 15.41,
            "account_receivable_turnover_ratio": 4.24,
            "reinvestment_rate": 100.52,
            "research_to_sale_ratio": 3.32,
            "price_fair": 115.69,
            "eps_avg_yearly": 3.31,
            "eps_latest_yearly": 1.36,
            "eps_growth_yearly": 115.82
        },
        "20223": {
            "year_quarter": 20223,
            "year": 2022,
            "quarter": 3,
            "eps": -0.09,
            "eps_growth_year": -132.14,
            "eps_4q": -1.83,
            "eps_4q_growth_year": -475.92,
            "roe": 0.95,
            "gross_profit": 141733,
            "gross_margin": 43.86,
            "net_income": 8280,
            "revenue": 323157,
            "common_shares": 377525,
            "equity": 873341,
            "current_ratio": 144.56,
            "debt_ratio": 51.16,
            "inventory_turnover_ratio": 14.26,
            "account_receivable_turnover_ratio": 5.19,
            "reinvestment_rate": 214.45,
            "research_to_sale_ratio": 2.61,
            "price_fair": 86.94,
            "eps_avg_yearly": 2.48,
            "eps_latest_yearly": 1.36,
            "eps_growth_yearly": 128.35
        },
        "20224": {
            "year_quarter": 20224,
            "year": 2022,
            "quarter": 4,
            "eps": -1.29,
            "eps_growth_year": null,
            "eps_4q": -1.98,
            "eps_4q_growth_year": null,
            "roe": -6.89,
            "gross_profit": -308098,
            "gross_margin": 38.27,
            "net_income": -47025,
            "revenue": -805116,
            "common_shares": 377525,
            "equity": 491836,
            "current_ratio": 166.34,
            "debt_ratio": 31.59,
            "inventory_turnover_ratio": -34.67,
            "account_receivable_turnover_ratio": -15.48,
            "reinvestment_rate": 895.47,
            "research_to_sale_ratio": -0.89,
            "price_fair": 63.78,
            "eps_avg_yearly": 1.82,
            "eps_latest_yearly": 1.36,
            "eps_growth_yearly": 154.5
        },
        "20231": {
            "year_quarter": 20231,
            "year": 2023,
            "quarter": 1,
            "eps": -0.14,
            "eps_growth_year": null,
            "eps_4q": -2.01,
            "eps_4q_growth_year": null,
            "roe": 1.71,
            "gross_profit": 143445,
            "gross_margin": 44.87,
            "net_income": 11452,
            "revenue": 319686,
            "common_shares": 377525,
            "equity": 844493,
            "current_ratio": 147.11,
            "debt_ratio": 50.25,
            "inventory_turnover_ratio": 11.78,
            "account_receivable_turnover_ratio": 6.8,
            "reinvestment_rate": 21412.55,
            "research_to_sale_ratio": 3.08,
            "price_fair": 58.1,
            "eps_avg_yearly": 1.66,
            "eps_latest_yearly": 1.36,
            "eps_growth_yearly": 205.33
        }
    },
    "months": {
        "2016-01": {
            "month": "2016-01",
            "price": "120.20",
            "revenue": 57591
        },
        "2016-02": {
            "month": "2016-02",
            "price": "119.25",
            "revenue": 34265
        },
        "2016-03": {
            "month": "2016-03",
            "price": "125.60",
            "revenue": 69048
        },
        "2016-04": {
            "month": "2016-04",
            "price": "129.66",
            "revenue": 59245
        },
        "2016-05": {
            "month": "2016-05",
            "price": "134.51",
            "revenue": 61499
        },
        "2016-06": {
            "month": "2016-06",
            "price": "161.56",
            "revenue": 94230
        },
        "2016-07": {
            "month": "2016-07",
            "price": "180.55",
            "revenue": 85754
        },
        "2016-08": {
            "month": "2016-08",
            "price": "163.30",
            "revenue": 85672
        },
        "2016-09": {
            "month": "2016-09",
            "price": "144.80",
            "revenue": 47667
        },
        "2016-10": {
            "month": "2016-10",
            "price": "135.25",
            "revenue": 60358
        },
        "2016-11": {
            "month": "2016-11",
            "price": "121.86",
            "revenue": 50600
        },
        "2016-12": {
            "month": "2016-12",
            "price": "107.06",
            "revenue": 66670
        },
        "2017-01": {
            "month": "2017-01",
            "price": "105.53",
            "revenue": 52755
        },
        "2017-02": {
            "month": "2017-02",
            "price": "110.11",
            "revenue": 51389
        },
        "2017-03": {
            "month": "2017-03",
            "price": "155.08",
            "revenue": 68965
        },
        "2017-04": {
            "month": "2017-04",
            "price": "164.66",
            "revenue": 70995
        },
        "2017-05": {
            "month": "2017-05",
            "price": "156.90",
            "revenue": 63333
        },
        "2017-06": {
            "month": "2017-06",
            "price": "151.24",
            "revenue": 94480
        },
        "2017-07": {
            "month": "2017-07",
            "price": "136.36",
            "revenue": 88795
        },
        "2017-08": {
            "month": "2017-08",
            "price": "158.41",
            "revenue": 86604
        },
        "2017-09": {
            "month": "2017-09",
            "price": "164.23",
            "revenue": 93318
        },
        "2017-10": {
            "month": "2017-10",
            "price": "168.45",
            "revenue": 91650
        },
        "2017-11": {
            "month": "2017-11",
            "price": "175.14",
            "revenue": 98136
        },
        "2017-12": {
            "month": "2017-12",
            "price": "253.98",
            "revenue": 124527
        },
        "2018-01": {
            "month": "2018-01",
            "price": "310.52",
            "revenue": 110390
        },
        "2018-02": {
            "month": "2018-02",
            "price": "298.96",
            "revenue": 101669
        },
        "2018-03": {
            "month": "2018-03",
            "price": "311.02",
            "revenue": 119863
        },
        "2018-04": {
            "month": "2018-04",
            "price": "313.67",
            "revenue": 141666
        },
        "2018-05": {
            "month": "2018-05",
            "price": "322.45",
            "revenue": 136216
        },
        "2018-06": {
            "month": "2018-06",
            "price": "296.90",
            "revenue": 150842
        },
        "2018-07": {
            "month": "2018-07",
            "price": "250.86",
            "revenue": 148370
        },
        "2018-08": {
            "month": "2018-08",
            "price": "227.57",
            "revenue": 157111
        },
        "2018-09": {
            "month": "2018-09",
            "price": "226.71",
            "revenue": 145246
        },
        "2018-10": {
            "month": "2018-10",
            "price": "220.82",
            "revenue": 145095
        },
        "2018-11": {
            "month": "2018-11",
            "price": "148.32",
            "revenue": 137331
        },
        "2018-12": {
            "month": "2018-12",
            "price": "144.24",
            "revenue": 130029
        },
        "2019-01": {
            "month": "2019-01",
            "price": "139.86",
            "revenue": 133092
        },
        "2019-02": {
            "month": "2019-02",
            "price": "158.31",
            "revenue": 103229
        },
        "2019-03": {
            "month": "2019-03",
            "price": "151.52",
            "revenue": 130018
        },
        "2019-04": {
            "month": "2019-04",
            "price": "140.28",
            "revenue": 121319
        },
        "2019-05": {
            "month": "2019-05",
            "price": "117.66",
            "revenue": 122491
        },
        "2019-06": {
            "month": "2019-06",
            "price": "110.89",
            "revenue": 130279
        },
        "2019-07": {
            "month": "2019-07",
            "price": "129.20",
            "revenue": 137985
        },
        "2019-08": {
            "month": "2019-08",
            "price": "131.21",
            "revenue": 128150
        },
        "2019-09": {
            "month": "2019-09",
            "price": "141.29",
            "revenue": 118702
        },
        "2019-10": {
            "month": "2019-10",
            "price": "133.12",
            "revenue": 119772
        },
        "2019-11": {
            "month": "2019-11",
            "price": "131.67",
            "revenue": 117461
        },
        "2019-12": {
            "month": "2019-12",
            "price": "117.36",
            "revenue": 120987
        },
        "2020-01": {
            "month": "2020-01",
            "price": "100.59",
            "revenue": 112514
        },
        "2020-02": {
            "month": "2020-02",
            "price": "83.17",
            "revenue": 109844
        },
        "2020-03": {
            "month": "2020-03",
            "price": "64.18",
            "revenue": 115207
        },
        "2020-04": {
            "month": "2020-04",
            "price": "62.54",
            "revenue": 111003
        },
        "2020-05": {
            "month": "2020-05",
            "price": "65.78",
            "revenue": 107581
        },
        "2020-06": {
            "month": "2020-06",
            "price": "62.16",
            "revenue": 109804
        },
        "2020-07": {
            "month": "2020-07",
            "price": "56.64",
            "revenue": 131521
        },
        "2020-08": {
            "month": "2020-08",
            "price": "53.20",
            "revenue": 131322
        },
        "2020-09": {
            "month": "2020-09",
            "price": "57.21",
            "revenue": 127351
        },
        "2020-10": {
            "month": "2020-10",
            "price": "55.65",
            "revenue": 129035
        },
        "2020-11": {
            "month": "2020-11",
            "price": "55.72",
            "revenue": 130778
        },
        "2020-12": {
            "month": "2020-12",
            "price": "54.00",
            "revenue": 131612
        },
        "2021-01": {
            "month": "2021-01",
            "price": "49.73",
            "revenue": 123322
        },
        "2021-02": {
            "month": "2021-02",
            "price": "49.88",
            "revenue": 107961
        },
        "2021-03": {
            "month": "2021-03",
            "price": "51.17",
            "revenue": 115147
        },
        "2021-04": {
            "month": "2021-04",
            "price": "47.69",
            "revenue": 108871
        },
        "2021-05": {
            "month": "2021-05",
            "price": "42.62",
            "revenue": 102187
        },
        "2021-06": {
            "month": "2021-06",
            "price": "41.25",
            "revenue": 95667
        },
        "2021-07": {
            "month": "2021-07",
            "price": "38.09",
            "revenue": 120869
        },
        "2021-08": {
            "month": "2021-08",
            "price": "36.12",
            "revenue": 115006
        },
        "2021-09": {
            "month": "2021-09",
            "price": "35.41",
            "revenue": 108899
        },
        "2021-10": {
            "month": "2021-10",
            "price": "34.08",
            "revenue": 107479
        },
        "2021-11": {
            "month": "2021-11",
            "price": "32.81",
            "revenue": 112576
        },
        "2021-12": {
            "month": "2021-12",
            "price": "32.70",
            "revenue": 108840
        },
        "2022-01": {
            "month": "2022-01",
            "price": "38.81",
            "revenue": 114061
        },
        "2022-02": {
            "month": "2022-02",
            "price": "36.57",
            "revenue": 104500
        },
        "2022-03": {
            "month": "2022-03",
            "price": "33.14",
            "revenue": 105441
        },
        "2022-04": {
            "month": "2022-04",
            "price": "33.34",
            "revenue": 101831
        },
        "2022-05": {
            "month": "2022-05",
            "price": "31.88",
            "revenue": 98498
        },
        "2022-06": {
            "month": "2022-06",
            "price": "30.11",
            "revenue": 89478
        },
        "2022-07": {
            "month": "2022-07",
            "price": "26.13",
            "revenue": 108277
        },
        "2022-08": {
            "month": "2022-08",
            "price": "27.20",
            "revenue": 110714
        },
        "2022-09": {
            "month": "2022-09",
            "price": "26.74",
            "revenue": 104327
        },
        "2022-10": {
            "month": "2022-10",
            "price": "22.01",
            "revenue": 102383
        },
        "2022-11": {
            "month": "2022-11",
            "price": "21.86",
            "revenue": 107884
        },
        "2022-12": {
            "month": "2022-12",
            "price": "22.75",
            "revenue": 106646
        },
        "2023-01": {
            "month": "2023-01",
            "price": "23.42",
            "revenue": 101943
        },
        "2023-02": {
            "month": "2023-02",
            "price": "24.21",
            "revenue": 107664
        },
        "2023-03": {
            "month": "2023-03",
            "price": "25.24",
            "revenue": 110307
        },
        "2023-04": {
            "month": "2023-04",
            "price": "23.90",
            "revenue": 107827
        }
    }
}
