{
    "summary": {
        "stock_name": "裕國",
        "stock_id": "8905",
        "category": "其他",
        "main_business": "冷凍肉品加工,銷售<br>冷凍冷藏庫租賃<br>營建業務",
        "website_url": "http://www.eaglegroup.com.tw",
        "ceo": "詹義郎",
        "pe_ratio": 12,
        "report_year_from": 2001,
        "report_year_to": 2023,
        "age": 23,
        "eps_negative_percentage": 4,
        "eps_growth_avg": {
            "last_all": 13.04,
            "last_2y": 14.11,
            "last_4y": -29.88,
            "last_8y": -17.87,
            "last_12y": -0.4,
            "last_16y": 2.48,
            "last_20y": 8.69,
            "at_2006_last_3y": 33.54,
            "at_2007_last_3y": 34.32,
            "at_2008_last_3y": 15.23,
            "at_2009_last_3y": 15.23,
            "at_2010_last_3y": 11.13,
            "at_2011_last_3y": -1.7,
            "at_2012_last_3y": 44.18,
            "at_2013_last_3y": 28.61,
            "at_2014_last_3y": 34.54,
            "at_2015_last_3y": 22.07,
            "at_2016_last_3y": 22.07,
            "at_2017_last_3y": 7.5,
            "at_2018_last_3y": -5.86,
            "at_2019_last_3y": 2.55,
            "at_2020_last_3y": -47.45,
            "at_2021_last_3y": -56.41,
            "at_2022_last_3y": -67.61,
            "at_2023_last_3y": -23.93,
            "at_2024_last_3y": -23.93,
            "at_2006_last_all": 46.83,
            "at_2007_last_all": 42.32,
            "at_2008_last_all": 24.35,
            "at_2009_last_all": 33.8,
            "at_2010_last_all": 30.96,
            "at_2011_last_all": 24.71,
            "at_2012_last_all": 31.56,
            "at_2013_last_all": 32.07,
            "at_2014_last_all": 32.06,
            "at_2015_last_all": 23.96,
            "at_2016_last_all": 29.03,
            "at_2017_last_all": 25.93,
            "at_2018_last_all": 23.14,
            "at_2019_last_all": 19.2,
            "at_2020_last_all": 12.93,
            "at_2021_last_all": 12.93,
            "at_2022_last_all": 9.53,
            "at_2023_last_all": 13.04,
            "at_2024_last_all": 13.04
        },
        "latest_eps": 2.43,
        "latest_price": 30,
        "latest_roe": 10.47,
        "latest_gross_margin": 14.79,
        "latest_equity": 2785170,
        "latest_revenue": 552529,
        "latest_gross_profit": 81725,
        "latest_net_income": 46968,
        "latest_debt_ratio": 21.65,
        "latest_current_ratio": 357.2,
        "latest_account_receivable_turnover_ratio": 1.97,
        "latest_inventory_turnover_ratio": 0.48,
        "latest_reinvestment_rate": 16.95,
        "latest_research_to_sale_ratio": null
    },
    "eps_dividends": {
        "1995": {
            "cash": 0,
            "stock": 1.5,
            "eps": 0
        },
        "1996": {
            "cash": 0,
            "stock": 2,
            "eps": 0
        },
        "1997": {
            "cash": 0,
            "stock": 2.5,
            "eps": 0
        },
        "1998": {
            "cash": 0,
            "stock": 1.4,
            "eps": 0
        },
        "2001": {
            "cash": 0,
            "stock": 0,
            "eps": 0.1
        },
        "2002": {
            "cash": 0,
            "stock": 0,
            "eps": 0.24
        },
        "2003": {
            "cash": 0.2,
            "stock": 0,
            "eps": 0.28
        },
        "2004": {
            "cash": 0.3,
            "stock": 0,
            "eps": 0.26
        },
        "2005": {
            "cash": 0.2,
            "stock": 0,
            "eps": 0.69
        },
        "2006": {
            "cash": 0.55,
            "stock": 0,
            "eps": 0.86
        },
        "2007": {
            "cash": 0.68,
            "stock": 0,
            "eps": 1.03
        },
        "2008": {
            "cash": 0.7,
            "stock": 0,
            "eps": 0.17
        },
        "2009": {
            "cash": 0.2,
            "stock": 0,
            "eps": 0.85
        },
        "2010": {
            "cash": 0.4,
            "stock": 0,
            "eps": 0.92
        },
        "2011": {
            "cash": 0.6,
            "stock": 0,
            "eps": 0.63
        },
        "2012": {
            "cash": 0.6,
            "stock": 0,
            "eps": 2.57
        },
        "2013": {
            "cash": 1.5,
            "stock": 0,
            "eps": 3.54
        },
        "2014": {
            "cash": 2,
            "stock": 0,
            "eps": 4.67
        },
        "2015": {
            "cash": 1,
            "stock": 0,
            "eps": 0.87
        },
        "2016": {
            "cash": 0.7,
            "stock": 0,
            "eps": 3.16
        },
        "2017": {
            "cash": 1,
            "stock": 0,
            "eps": 2.51
        },
        "2018": {
            "cash": 1,
            "stock": 0,
            "eps": 1.97
        },
        "2019": {
            "cash": 1,
            "stock": 0,
            "eps": 1.03
        },
        "2020": {
            "cash": 1,
            "stock": 0,
            "eps": -1.25
        },
        "2021": {
            "cash": 0.3,
            "stock": 0,
            "eps": 2.54
        },
        "2022": {
            "cash": 1.9,
            "stock": 0,
            "eps": 1.14
        },
        "2023": {
            "cash": 1,
            "stock": 0,
            "eps": 2.09
        }
    },
    "dividends": {
        "1995-10-06": {
            "cash": 0,
            "stock": 1.5
        },
        "1996-06-03": {
            "cash": 0,
            "stock": 2
        },
        "1997-05-24": {
            "cash": 0,
            "stock": 2.5
        },
        "1998-06-18": {
            "cash": 0,
            "stock": 1.4
        },
        "2003-06-25": {
            "cash": 0.2,
            "stock": 0
        },
        "2004-03-29": {
            "cash": 0.3,
            "stock": 0
        },
        "2005-03-21": {
            "cash": 0.2,
            "stock": 0
        },
        "2006-03-31": {
            "cash": 0.55,
            "stock": 0
        },
        "2007-04-26": {
            "cash": 0.68,
            "stock": 0
        },
        "2008-03-20": {
            "cash": 0.7,
            "stock": 0
        },
        "2009-03-27": {
            "cash": 0.2,
            "stock": 0
        },
        "2010-03-29": {
            "cash": 0.4,
            "stock": 0
        },
        "2011-03-31": {
            "cash": 0.6,
            "stock": 0
        },
        "2012-06-18": {
            "cash": 0.6,
            "stock": 0
        },
        "2013-06-20": {
            "cash": 1.5,
            "stock": 0
        },
        "2014-08-08": {
            "cash": 2,
            "stock": 0
        },
        "2015-03-23": {
            "cash": 1,
            "stock": 0
        },
        "2016-08-09": {
            "cash": 0.7,
            "stock": 0
        },
        "2017-08-11": {
            "cash": 1,
            "stock": 0
        },
        "2018-08-08": {
            "cash": 1,
            "stock": 0
        },
        "2019-08-08": {
            "cash": 1,
            "stock": 0
        },
        "2020-11-18": {
            "cash": 1,
            "stock": 0
        },
        "2021-10-01": {
            "cash": 0.3,
            "stock": 0
        },
        "2022-08-08": {
            "cash": 1.9,
            "stock": 0
        },
        "2023-08-11": {
            "cash": 1,
            "stock": 0
        }
    },
    "prices": {
        "200101": "8.78",
        "200102": "8.76",
        "200103": "8.16",
        "200104": "7.77",
        "200105": "6.85",
        "200106": "5.37",
        "200107": "5.08",
        "200108": "9.10",
        "200109": "10.66",
        "200110": "7.53",
        "200111": "6.18",
        "200112": "8.44",
        "200201": "7.60",
        "200202": "7.67",
        "200203": "9.33",
        "200204": "9.02",
        "200205": "9.23",
        "200206": "8.70",
        "200207": "7.12",
        "200208": "6.85",
        "200209": "7.66",
        "200210": "6.29",
        "200211": "5.91",
        "200212": "6.09",
        "200301": "7.15",
        "200302": "6.86",
        "200303": "6.12",
        "200304": "6.39",
        "200305": "6.26",
        "200306": "6.51",
        "200307": "6.30",
        "200308": "6.20",
        "200309": "6.46",
        "200310": "7.10",
        "200311": "7.00",
        "200312": "7.95",
        "200401": "8.05",
        "200402": "9.80",
        "200403": "10.72",
        "200404": "10.78",
        "200405": "10.69",
        "200406": "10.89",
        "200407": "10.64",
        "200408": "10.84",
        "200409": "10.90",
        "200410": "10.70",
        "200411": "10.55",
        "200412": "11.64",
        "200501": "13.32",
        "200502": "12.58",
        "200503": "11.72",
        "200504": "11.36",
        "200505": "11.07",
        "200506": "11.22",
        "200507": "11.57",
        "200508": "12.33",
        "200509": "12.16",
        "200510": "12.30",
        "200511": "13.37",
        "200512": "13.18",
        "200601": "13.42",
        "200602": "13.44",
        "200603": "13.38",
        "200604": "13.60",
        "200605": "13.28",
        "200606": "13.73",
        "200607": "15.03",
        "200608": "14.23",
        "200609": "13.99",
        "200610": "14.30",
        "200611": "15.32",
        "200612": "14.34",
        "200701": "14.04",
        "200702": "13.81",
        "200703": "14.13",
        "200704": "14.73",
        "200705": "14.62",
        "200706": "14.91",
        "200707": "20.80",
        "200708": "22.66",
        "200709": "20.03",
        "200710": "17.65",
        "200711": "16.72",
        "200712": "15.98",
        "200801": "15.76",
        "200802": "16.25",
        "200803": "16.39",
        "200804": "16.32",
        "200805": "16.61",
        "200806": "15.33",
        "200807": "14.50",
        "200808": "13.55",
        "200809": "12.39",
        "200810": "11.14",
        "200811": "12.14",
        "200812": "11.44",
        "200901": "10.83",
        "200902": "10.62",
        "200903": "10.77",
        "200904": "11.28",
        "200905": "12.43",
        "200906": "14.25",
        "200907": "14.72",
        "200908": "15.38",
        "200909": "14.88",
        "200910": "15.04",
        "200911": "14.88",
        "200912": "15.11",
        "201001": "14.91",
        "201002": "14.87",
        "201003": "15.13",
        "201004": "16.02",
        "201005": "15.14",
        "201006": "13.09",
        "201007": "12.32",
        "201008": "13.19",
        "201009": "12.52",
        "201010": "13.18",
        "201011": "13.34",
        "201012": "13.57",
        "201101": "13.90",
        "201102": "14.07",
        "201103": "13.88",
        "201104": "13.99",
        "201105": "14.40",
        "201106": "14.76",
        "201107": "15.16",
        "201108": "14.95",
        "201109": "16.49",
        "201110": "18.74",
        "201111": "17.98",
        "201112": "16.57",
        "201201": "15.48",
        "201202": "16.76",
        "201203": "17.23",
        "201204": "15.98",
        "201205": "15.62",
        "201206": "16.50",
        "201207": "16.95",
        "201208": "17.82",
        "201209": "20.12",
        "201210": "22.34",
        "201211": "21.58",
        "201212": "19.45",
        "201301": "18.50",
        "201302": "19.02",
        "201303": "20.72",
        "201304": "22.22",
        "201305": "27.20",
        "201306": "29.71",
        "201307": "30.73",
        "201308": "34.54",
        "201309": "31.86",
        "201310": "31.23",
        "201311": "31.64",
        "201312": "30.32",
        "201401": "29.67",
        "201402": "32.93",
        "201403": "35.49",
        "201404": "30.79",
        "201405": "27.99",
        "201406": "26.45",
        "201407": "24.83",
        "201408": "23.68",
        "201409": "23.42",
        "201410": "22.37",
        "201411": "21.74",
        "201412": "22.74",
        "201501": "22.95",
        "201502": "22.22",
        "201503": "21.83",
        "201504": "20.12",
        "201505": "18.08",
        "201506": "16.50",
        "201507": "15.63",
        "201508": "13.66",
        "201509": "14.36",
        "201510": "15.13",
        "201511": "14.83",
        "201512": "13.77",
        "201601": "13.77",
        "201602": "13.14",
        "201603": "13.23",
        "201604": "13.40",
        "201605": "12.97",
        "201606": "12.73",
        "201607": "12.90",
        "201608": "12.99",
        "201609": "13.53",
        "201610": "13.68",
        "201611": "14.03",
        "201612": "15.55",
        "201701": "15.61",
        "201702": "15.53",
        "201703": "16.12",
        "201704": "15.92",
        "201705": "16.38",
        "201706": "17.93",
        "201707": "17.52",
        "201708": "17.00",
        "201709": "17.43",
        "201710": "16.81",
        "201711": "17.03",
        "201712": "16.68",
        "201801": "17.03",
        "201802": "16.69",
        "201803": "17.42",
        "201804": "17.28",
        "201805": "17.82",
        "201806": "17.98",
        "201807": "16.97",
        "201808": "16.95",
        "201809": "16.95",
        "201810": "15.81",
        "201811": "15.75",
        "201812": "15.98",
        "201901": "16.54",
        "201902": "16.61",
        "201903": "16.61",
        "201904": "16.68",
        "201905": "16.44",
        "201906": "16.78",
        "201907": "16.45",
        "201908": "16.04",
        "201909": "16.10",
        "201910": "16.21",
        "201911": "16.08",
        "201912": "15.85",
        "202001": "15.84",
        "202002": "15.83",
        "202003": "14.20",
        "202004": "14.30",
        "202005": "14.80",
        "202006": "15.48",
        "202007": "15.43",
        "202008": "16.19",
        "202009": "17.92",
        "202010": "16.02",
        "202011": "15.03",
        "202012": "14.98",
        "202101": "14.74",
        "202102": "14.59",
        "202103": "14.99",
        "202104": "15.97",
        "202105": "16.85",
        "202106": "28.37",
        "202107": "24.15",
        "202108": "22.92",
        "202109": "21.57",
        "202110": "19.60",
        "202111": "20.98",
        "202112": "21.39",
        "202201": "22.73",
        "202202": "24.01",
        "202203": "23.63",
        "202204": "26.09",
        "202205": "23.71",
        "202206": "22.87",
        "202207": "20.68",
        "202208": "20.28",
        "202209": "20.79",
        "202210": "20.50",
        "202211": "21.29",
        "202212": "21.76",
        "202301": "22.57",
        "202302": "23.28",
        "202303": "24.83",
        "202304": "25.42",
        "202305": "27.74",
        "202306": "31.72",
        "202307": "29.07",
        "202308": "28.24",
        "202309": "28.74",
        "202310": "29.42",
        "202311": "30.05",
        "202312": "29.83"
    },
    "quarters": {
        "20011": {
            "year_quarter": 20011,
            "year": 2001,
            "quarter": 1,
            "eps": 0.08,
            "eps_growth_year": -65.22,
            "eps_4q": -3.66,
            "eps_4q_growth_year": -1446.03,
            "roe": 0.69,
            "roe_4q": 0.69,
            "gross_profit": 23883,
            "gross_margin": 8.34,
            "gross_margin_4q_avg": 8.34,
            "net_income": 8799,
            "net_income_4q": null,
            "revenue": 286380,
            "revenue_4q": null,
            "common_shares": 1094400,
            "book_valuer_per_share": 11.7,
            "book_valuer_per_share_4q_avg": 11.7,
            "equity": 1280989,
            "current_ratio": 89.83,
            "debt_ratio": 42.63,
            "inventory_turnover_ratio": 1.04,
            "account_receivable_turnover_ratio": null,
            "reinvestment_rate": null,
            "research_to_sale_ratio": null,
            "price_fair": 0,
            "eps_avg_yearly": 0,
            "eps_latest_yearly": 0,
            "eps_growth_yearly": 0
        },
        "20012": {
            "year_quarter": 20012,
            "year": 2001,
            "quarter": 2,
            "eps": 0.02,
            "eps_growth_year": null,
            "eps_4q": -3.39,
            "eps_4q_growth_year": null,
            "roe": 0.17,
            "roe_4q": 0.86,
            "gross_profit": 32176,
            "gross_margin": 10.28,
            "gross_margin_4q_avg": 9.31,
            "net_income": 2229,
            "net_income_4q": null,
            "revenue": 312899,
            "revenue_4q": null,
            "common_shares": 1094400,
            "book_valuer_per_share": 11.73,
            "book_valuer_per_share_4q_avg": 11.72,
            "equity": 1283218,
            "current_ratio": 110.95,
            "debt_ratio": 38.81,
            "inventory_turnover_ratio": 1.07,
            "account_receivable_turnover_ratio": null,
            "reinvestment_rate": null,
            "research_to_sale_ratio": null,
            "price_fair": 0,
            "eps_avg_yearly": 0,
            "eps_latest_yearly": 0,
            "eps_growth_yearly": 0
        },
        "20013": {
            "year_quarter": 20013,
            "year": 2001,
            "quarter": 3,
            "eps": -0.14,
            "eps_growth_year": null,
            "eps_4q": -2.17,
            "eps_4q_growth_year": null,
            "roe": -1.17,
            "roe_4q": -0.30999999999999994,
            "gross_profit": 24812,
            "gross_margin": 8.23,
            "gross_margin_4q_avg": 8.95,
            "net_income": -14972,
            "net_income_4q": null,
            "revenue": 301523,
            "revenue_4q": null,
            "common_shares": 1094400,
            "book_valuer_per_share": 11.59,
            "book_valuer_per_share_4q_avg": 11.67,
            "equity": 1268245,
            "current_ratio": 107.18,
            "debt_ratio": 37.67,
            "inventory_turnover_ratio": 1.06,
            "account_receivable_turnover_ratio": null,
            "reinvestment_rate": null,
            "research_to_sale_ratio": null,
            "price_fair": 0,
            "eps_avg_yearly": 0,
            "eps_latest_yearly": 0,
            "eps_growth_yearly": 0
        },
        "20014": {
            "year_quarter": 20014,
            "year": 2001,
            "quarter": 4,
            "eps": 0.14,
            "eps_growth_year": null,
            "eps_4q": 0.1,
            "eps_4q_growth_year": null,
            "roe": 1.17,
            "roe_4q": 0.86,
            "gross_profit": 22466,
            "gross_margin": 7.75,
            "gross_margin_4q_avg": 8.65,
            "net_income": 14975,
            "net_income_4q": null,
            "revenue": 289990,
            "revenue_4q": null,
            "common_shares": 1094400,
            "book_valuer_per_share": 11.73,
            "book_valuer_per_share_4q_avg": 11.69,
            "equity": 1283221,
            "current_ratio": 108.31,
            "debt_ratio": 35.59,
            "inventory_turnover_ratio": 1.26,
            "account_receivable_turnover_ratio": null,
            "reinvestment_rate": null,
            "research_to_sale_ratio": null,
            "price_fair": 0,
            "eps_avg_yearly": 0,
            "eps_latest_yearly": 0,
            "eps_growth_yearly": 0
        },
        "20021": {
            "year_quarter": 20021,
            "year": 2002,
            "quarter": 1,
            "eps": 0.11,
            "eps_growth_year": 37.5,
            "eps_4q": 0.13,
            "eps_4q_growth_year": null,
            "roe": 0.92,
            "roe_4q": 1.0899999999999999,
            "gross_profit": 39412,
            "gross_margin": 9.99,
            "gross_margin_4q_avg": 9.06,
            "net_income": 11760,
            "net_income_4q": null,
            "revenue": 394642,
            "revenue_4q": null,
            "common_shares": 1094400,
            "book_valuer_per_share": 11.52,
            "book_valuer_per_share_4q_avg": 11.64,
            "equity": 1260283,
            "current_ratio": 106.83,
            "debt_ratio": 38.85,
            "inventory_turnover_ratio": 1.61,
            "account_receivable_turnover_ratio": null,
            "reinvestment_rate": null,
            "research_to_sale_ratio": null,
            "price_fair": 1.32,
            "eps_avg_yearly": 0.44,
            "eps_latest_yearly": 0.44,
            "eps_growth_yearly": -85.71
        },
        "20022": {
            "year_quarter": 20022,
            "year": 2002,
            "quarter": 2,
            "eps": 0.08,
            "eps_growth_year": 300,
            "eps_4q": 0.19,
            "eps_4q_growth_year": null,
            "roe": 0.67,
            "roe_4q": 1.5899999999999999,
            "gross_profit": 35974,
            "gross_margin": 9.84,
            "gross_margin_4q_avg": 8.95,
            "net_income": 8410,
            "net_income_4q": null,
            "revenue": 365436,
            "revenue_4q": null,
            "common_shares": 1094400,
            "book_valuer_per_share": 11.59,
            "book_valuer_per_share_4q_avg": 11.61,
            "equity": 1268494,
            "current_ratio": 102.81,
            "debt_ratio": 38.57,
            "inventory_turnover_ratio": 1.23,
            "account_receivable_turnover_ratio": null,
            "reinvestment_rate": null,
            "research_to_sale_ratio": null,
            "price_fair": 1.14,
            "eps_avg_yearly": 0.38,
            "eps_latest_yearly": 0.32,
            "eps_growth_yearly": -97.4
        },
        "20023": {
            "year_quarter": 20023,
            "year": 2002,
            "quarter": 3,
            "eps": 0.05,
            "eps_growth_year": null,
            "eps_4q": 0.4,
            "eps_4q_growth_year": null,
            "roe": 0.39,
            "roe_4q": 3.15,
            "gross_profit": 42334,
            "gross_margin": 10.53,
            "gross_margin_4q_avg": 9.53,
            "net_income": 4993,
            "net_income_4q": null,
            "revenue": 402061,
            "revenue_4q": null,
            "common_shares": 1094400,
            "book_valuer_per_share": 11.64,
            "book_valuer_per_share_4q_avg": 11.62,
            "equity": 1273487,
            "current_ratio": 102.79,
            "debt_ratio": 38.52,
            "inventory_turnover_ratio": 1.42,
            "account_receivable_turnover_ratio": null,
            "reinvestment_rate": null,
            "research_to_sale_ratio": null,
            "price_fair": 0.96,
            "eps_avg_yearly": 0.32,
            "eps_latest_yearly": 0.2,
            "eps_growth_yearly": -114.94
        },
        "20024": {
            "year_quarter": 20024,
            "year": 2002,
            "quarter": 4,
            "eps": 0,
            "eps_growth_year": -100,
            "eps_4q": 0.24,
            "eps_4q_growth_year": 132.72,
            "roe": 0.03,
            "roe_4q": 2.0100000000000002,
            "gross_profit": 32212,
            "gross_margin": 8.89,
            "gross_margin_4q_avg": 9.81,
            "net_income": 429,
            "net_income_4q": null,
            "revenue": 362148,
            "revenue_4q": null,
            "common_shares": 1094400,
            "book_valuer_per_share": 11.64,
            "book_valuer_per_share_4q_avg": 11.6,
            "equity": 1273916,
            "current_ratio": 99.07,
            "debt_ratio": 37.75,
            "inventory_turnover_ratio": 1.64,
            "account_receivable_turnover_ratio": null,
            "reinvestment_rate": null,
            "research_to_sale_ratio": null,
            "price_fair": 0.96,
            "eps_avg_yearly": 0.32,
            "eps_latest_yearly": 0.2,
            "eps_growth_yearly": -114.94
        },
        "20031": {
            "year_quarter": 20031,
            "year": 2003,
            "quarter": 1,
            "eps": 0.09,
            "eps_growth_year": -18.18,
            "eps_4q": 0.23,
            "eps_4q_growth_year": 72.1,
            "roe": 0.72,
            "roe_4q": 1.81,
            "gross_profit": 38589,
            "gross_margin": 9.69,
            "gross_margin_4q_avg": 9.74,
            "net_income": 9205,
            "net_income_4q": null,
            "revenue": 398111,
            "revenue_4q": null,
            "common_shares": 1094400,
            "book_valuer_per_share": 11.72,
            "book_valuer_per_share_4q_avg": 11.65,
            "equity": 1283122,
            "current_ratio": 106.75,
            "debt_ratio": 40.46,
            "inventory_turnover_ratio": 1.71,
            "account_receivable_turnover_ratio": null,
            "reinvestment_rate": null,
            "research_to_sale_ratio": null,
            "price_fair": 0.96,
            "eps_avg_yearly": 0.32,
            "eps_latest_yearly": 0.2,
            "eps_growth_yearly": -114.94
        },
        "20032": {
            "year_quarter": 20032,
            "year": 2003,
            "quarter": 2,
            "eps": -0.02,
            "eps_growth_year": -125,
            "eps_4q": 0.11,
            "eps_4q_growth_year": -41.76,
            "roe": -0.19,
            "roe_4q": 0.9500000000000001,
            "gross_profit": 32169,
            "gross_margin": 10.14,
            "gross_margin_4q_avg": 9.81,
            "net_income": -2395,
            "net_income_4q": null,
            "revenue": 317310,
            "revenue_4q": null,
            "common_shares": 1094400,
            "book_valuer_per_share": 11.5,
            "book_valuer_per_share_4q_avg": 11.63,
            "equity": 1258302,
            "current_ratio": 103.75,
            "debt_ratio": 41.53,
            "inventory_turnover_ratio": 0.93,
            "account_receivable_turnover_ratio": null,
            "reinvestment_rate": null,
            "research_to_sale_ratio": null,
            "price_fair": 0.96,
            "eps_avg_yearly": 0.32,
            "eps_latest_yearly": 0.2,
            "eps_growth_yearly": -114.94
        },
        "20033": {
            "year_quarter": 20033,
            "year": 2003,
            "quarter": 3,
            "eps": 0.11,
            "eps_growth_year": 120,
            "eps_4q": 0.18,
            "eps_4q_growth_year": -56.15,
            "roe": 0.95,
            "roe_4q": 1.51,
            "gross_profit": 39103,
            "gross_margin": 8.93,
            "gross_margin_4q_avg": 9.41,
            "net_income": 12016,
            "net_income_4q": null,
            "revenue": 438105,
            "revenue_4q": null,
            "common_shares": 1094400,
            "book_valuer_per_share": 11.61,
            "book_valuer_per_share_4q_avg": 11.62,
            "equity": 1270318,
            "current_ratio": 103.09,
            "debt_ratio": 41.84,
            "inventory_turnover_ratio": 1.21,
            "account_receivable_turnover_ratio": null,
            "reinvestment_rate": null,
            "research_to_sale_ratio": null,
            "price_fair": 0.96,
            "eps_avg_yearly": 0.32,
            "eps_latest_yearly": 0.2,
            "eps_growth_yearly": -114.94
        },
        "20034": {
            "year_quarter": 20034,
            "year": 2003,
            "quarter": 4,
            "eps": 0.1,
            "eps_growth_year": null,
            "eps_4q": 0.29,
            "eps_4q_growth_year": 19.9,
            "roe": 0.79,
            "roe_4q": 2.27,
            "gross_profit": 50881,
            "gross_margin": 11.73,
            "gross_margin_4q_avg": 10.12,
            "net_income": 10026,
            "net_income_4q": null,
            "revenue": 433712,
            "revenue_4q": null,
            "common_shares": 1094400,
            "book_valuer_per_share": 11.7,
            "book_valuer_per_share_4q_avg": 11.63,
            "equity": 1280344,
            "current_ratio": 108.55,
            "debt_ratio": 39.65,
            "inventory_turnover_ratio": 1.5,
            "account_receivable_turnover_ratio": null,
            "reinvestment_rate": null,
            "research_to_sale_ratio": null,
            "price_fair": 1.02,
            "eps_avg_yearly": 0.34,
            "eps_latest_yearly": 0.4,
            "eps_growth_yearly": -95.29
        },
        "20041": {
            "year_quarter": 20041,
            "year": 2004,
            "quarter": 1,
            "eps": 0.06,
            "eps_growth_year": -33.33,
            "eps_4q": 0.26,
            "eps_4q_growth_year": 13.68,
            "roe": 0.47,
            "roe_4q": 2.02,
            "gross_profit": 45452,
            "gross_margin": 14.56,
            "gross_margin_4q_avg": 11.34,
            "net_income": 6013,
            "net_income_4q": null,
            "revenue": 312179,
            "revenue_4q": null,
            "common_shares": 1094400,
            "book_valuer_per_share": 11.75,
            "book_valuer_per_share_4q_avg": 11.64,
            "equity": 1286356,
            "current_ratio": 113,
            "debt_ratio": 36.39,
            "inventory_turnover_ratio": 1.03,
            "account_receivable_turnover_ratio": null,
            "reinvestment_rate": null,
            "research_to_sale_ratio": null,
            "price_fair": 0.96,
            "eps_avg_yearly": 0.32,
            "eps_latest_yearly": 0.24,
            "eps_growth_yearly": -108.23
        },
        "20042": {
            "year_quarter": 20042,
            "year": 2004,
            "quarter": 2,
            "eps": -0.04,
            "eps_growth_year": null,
            "eps_4q": 0.21,
            "eps_4q_growth_year": 91.69,
            "roe": -0.36,
            "roe_4q": 1.85,
            "gross_profit": 28718,
            "gross_margin": 8.85,
            "gross_margin_4q_avg": 11.02,
            "net_income": -4608,
            "net_income_4q": null,
            "revenue": 324499,
            "revenue_4q": null,
            "common_shares": 1094400,
            "book_valuer_per_share": 11.4,
            "book_valuer_per_share_4q_avg": 11.62,
            "equity": 1247549,
            "current_ratio": 111.24,
            "debt_ratio": 44.73,
            "inventory_turnover_ratio": 0.79,
            "account_receivable_turnover_ratio": null,
            "reinvestment_rate": null,
            "research_to_sale_ratio": null,
            "price_fair": 0.96,
            "eps_avg_yearly": 0.32,
            "eps_latest_yearly": 0.24,
            "eps_growth_yearly": -108.23
        },
        "20043": {
            "year_quarter": 20043,
            "year": 2004,
            "quarter": 3,
            "eps": 0.14,
            "eps_growth_year": 27.27,
            "eps_4q": 0.25,
            "eps_4q_growth_year": 42.8,
            "roe": 1.14,
            "roe_4q": 2.04,
            "gross_profit": 48072,
            "gross_margin": 13.1,
            "gross_margin_4q_avg": 12.06,
            "net_income": 14326,
            "net_income_4q": null,
            "revenue": 367054,
            "revenue_4q": null,
            "common_shares": 1094400,
            "book_valuer_per_share": 11.55,
            "book_valuer_per_share_4q_avg": 11.6,
            "equity": 1263937,
            "current_ratio": 118.44,
            "debt_ratio": 42.93,
            "inventory_turnover_ratio": 0.76,
            "account_receivable_turnover_ratio": null,
            "reinvestment_rate": null,
            "research_to_sale_ratio": null,
            "price_fair": 0.96,
            "eps_avg_yearly": 0.32,
            "eps_latest_yearly": 0.24,
            "eps_growth_yearly": -108.23
        },
        "20044": {
            "year_quarter": 20044,
            "year": 2004,
            "quarter": 4,
            "eps": 0.1,
            "eps_growth_year": 0,
            "eps_4q": 0.26,
            "eps_4q_growth_year": -11.12,
            "roe": 0.8,
            "roe_4q": 2.05,
            "gross_profit": 40881,
            "gross_margin": 12.82,
            "gross_margin_4q_avg": 12.33,
            "net_income": 10098,
            "net_income_4q": null,
            "revenue": 318960,
            "revenue_4q": null,
            "common_shares": 1094400,
            "book_valuer_per_share": 11.64,
            "book_valuer_per_share_4q_avg": 11.59,
            "equity": 1274035,
            "current_ratio": 122.13,
            "debt_ratio": 40.53,
            "inventory_turnover_ratio": 0.75,
            "account_receivable_turnover_ratio": null,
            "reinvestment_rate": -155.4,
            "research_to_sale_ratio": null,
            "price_fair": 1,
            "eps_avg_yearly": 0.33,
            "eps_latest_yearly": 0.4,
            "eps_growth_yearly": -109.24
        },
        "20051": {
            "year_quarter": 20051,
            "year": 2005,
            "quarter": 1,
            "eps": 0.11,
            "eps_growth_year": 83.33,
            "eps_4q": 0.3,
            "eps_4q_growth_year": 18.07,
            "roe": 0.89,
            "roe_4q": 2.47,
            "gross_profit": 31710,
            "gross_margin": 11.76,
            "gross_margin_4q_avg": 11.63,
            "net_income": 11335,
            "net_income_4q": null,
            "revenue": 269582,
            "revenue_4q": null,
            "common_shares": 1094400,
            "book_valuer_per_share": 11.74,
            "book_valuer_per_share_4q_avg": 11.58,
            "equity": 1285370,
            "current_ratio": 126.97,
            "debt_ratio": 37.92,
            "inventory_turnover_ratio": 0.72,
            "account_receivable_turnover_ratio": null,
            "reinvestment_rate": -140.43,
            "research_to_sale_ratio": null,
            "price_fair": 1.05,
            "eps_avg_yearly": 0.35,
            "eps_latest_yearly": 0.44,
            "eps_growth_yearly": -87.92
        },
        "20052": {
            "year_quarter": 20052,
            "year": 2005,
            "quarter": 2,
            "eps": 0.06,
            "eps_growth_year": null,
            "eps_4q": 0.39,
            "eps_4q_growth_year": 82.79,
            "roe": 0.51,
            "roe_4q": 3.34,
            "gross_profit": 29413,
            "gross_margin": 8.84,
            "gross_margin_4q_avg": 11.63,
            "net_income": 6470,
            "net_income_4q": null,
            "revenue": 332906,
            "revenue_4q": null,
            "common_shares": 1094400,
            "book_valuer_per_share": 11.6,
            "book_valuer_per_share_4q_avg": 11.63,
            "equity": 1269040,
            "current_ratio": 106.47,
            "debt_ratio": 44.19,
            "inventory_turnover_ratio": 0.77,
            "account_receivable_turnover_ratio": null,
            "reinvestment_rate": -141.44,
            "research_to_sale_ratio": null,
            "price_fair": 1.01,
            "eps_avg_yearly": 0.34,
            "eps_latest_yearly": 0.24,
            "eps_growth_yearly": -99.66
        },
        "20053": {
            "year_quarter": 20053,
            "year": 2005,
            "quarter": 3,
            "eps": 0.22,
            "eps_growth_year": 57.14,
            "eps_4q": 0.48,
            "eps_4q_growth_year": 90.49,
            "roe": 1.85,
            "roe_4q": 4.050000000000001,
            "gross_profit": 56828,
            "gross_margin": 15.72,
            "gross_margin_4q_avg": 12.29,
            "net_income": 23658,
            "net_income_4q": null,
            "revenue": 361470,
            "revenue_4q": null,
            "common_shares": 1094400,
            "book_valuer_per_share": 11.82,
            "book_valuer_per_share_4q_avg": 11.7,
            "equity": 1293522,
            "current_ratio": 133.27,
            "debt_ratio": 51.05,
            "inventory_turnover_ratio": 0.48,
            "account_receivable_turnover_ratio": null,
            "reinvestment_rate": -99.55,
            "research_to_sale_ratio": null,
            "price_fair": 13.84,
            "eps_avg_yearly": 0.4,
            "eps_latest_yearly": 0.88,
            "eps_growth_yearly": 29.93
        },
        "20054": {
            "year_quarter": 20054,
            "year": 2005,
            "quarter": 4,
            "eps": 0.3,
            "eps_growth_year": 200,
            "eps_4q": 0.7,
            "eps_4q_growth_year": 173.17,
            "roe": 2.26,
            "roe_4q": 5.509999999999999,
            "gross_profit": 73968,
            "gross_margin": 16.3,
            "gross_margin_4q_avg": 13.16,
            "net_income": 31197,
            "net_income_4q": null,
            "revenue": 453661,
            "revenue_4q": null,
            "common_shares": 1094400,
            "book_valuer_per_share": 12.1,
            "book_valuer_per_share_4q_avg": 11.82,
            "equity": 1470314,
            "current_ratio": 117.83,
            "debt_ratio": 55.17,
            "inventory_turnover_ratio": 0.47,
            "account_receivable_turnover_ratio": null,
            "reinvestment_rate": 423.1,
            "research_to_sale_ratio": null,
            "price_fair": 16.66,
            "eps_avg_yearly": 0.48,
            "eps_latest_yearly": 1.2,
            "eps_growth_yearly": 41.48
        },
        "20061": {
            "year_quarter": 20061,
            "year": 2006,
            "quarter": 1,
            "eps": 0.11,
            "eps_growth_year": 0,
            "eps_4q": 0.71,
            "eps_4q_growth_year": 136.21,
            "roe": 0.77,
            "roe_4q": 5.39,
            "gross_profit": 60269,
            "gross_margin": 13.12,
            "gross_margin_4q_avg": 13.5,
            "net_income": 11167,
            "net_income_4q": null,
            "revenue": 459191,
            "revenue_4q": null,
            "common_shares": 1094400,
            "book_valuer_per_share": 13.07,
            "book_valuer_per_share_4q_avg": 12.15,
            "equity": 1430829,
            "current_ratio": 150.25,
            "debt_ratio": 44.91,
            "inventory_turnover_ratio": 0.54,
            "account_receivable_turnover_ratio": null,
            "reinvestment_rate": -88.32,
            "research_to_sale_ratio": null,
            "price_fair": 16.53,
            "eps_avg_yearly": 0.48,
            "eps_latest_yearly": 0.44,
            "eps_growth_yearly": 24.72
        },
        "20062": {
            "year_quarter": 20062,
            "year": 2006,
            "quarter": 2,
            "eps": 0.05,
            "eps_growth_year": -16.67,
            "eps_4q": 0.72,
            "eps_4q_growth_year": 84.38,
            "roe": 0.35,
            "roe_4q": 5.23,
            "gross_profit": 32457,
            "gross_margin": 9.65,
            "gross_margin_4q_avg": 13.7,
            "net_income": 4912,
            "net_income_4q": null,
            "revenue": 336218,
            "revenue_4q": null,
            "common_shares": 1094400,
            "book_valuer_per_share": 12.56,
            "book_valuer_per_share_4q_avg": 12.39,
            "equity": 1374569,
            "current_ratio": 134.24,
            "debt_ratio": 48.91,
            "inventory_turnover_ratio": 0.43,
            "account_receivable_turnover_ratio": null,
            "reinvestment_rate": -87.98,
            "research_to_sale_ratio": null,
            "price_fair": 11.05,
            "eps_avg_yearly": 0.46,
            "eps_latest_yearly": 0.2,
            "eps_growth_yearly": 13.81
        },
        "20063": {
            "year_quarter": 20063,
            "year": 2006,
            "quarter": 3,
            "eps": 0.31,
            "eps_growth_year": 40.91,
            "eps_4q": 0.76,
            "eps_4q_growth_year": 58.61,
            "roe": 2.37,
            "roe_4q": 5.75,
            "gross_profit": 37052,
            "gross_margin": 10.02,
            "gross_margin_4q_avg": 12.27,
            "net_income": 32532,
            "net_income_4q": null,
            "revenue": 369696,
            "revenue_4q": null,
            "common_shares": 1094400,
            "book_valuer_per_share": 12.52,
            "book_valuer_per_share_4q_avg": 12.56,
            "equity": 1370435,
            "current_ratio": 142.97,
            "debt_ratio": 55.95,
            "inventory_turnover_ratio": 0.35,
            "account_receivable_turnover_ratio": null,
            "reinvestment_rate": -74.23,
            "research_to_sale_ratio": null,
            "price_fair": 19.88,
            "eps_avg_yearly": 0.57,
            "eps_latest_yearly": 1.24,
            "eps_growth_yearly": 236.81
        },
        "20064": {
            "year_quarter": 20064,
            "year": 2006,
            "quarter": 4,
            "eps": 0.39,
            "eps_growth_year": 30,
            "eps_4q": 0.85,
            "eps_4q_growth_year": 22.32,
            "roe": 2.72,
            "roe_4q": 6.209999999999999,
            "gross_profit": 71688,
            "gross_margin": 12.94,
            "gross_margin_4q_avg": 11.43,
            "net_income": 40801,
            "net_income_4q": null,
            "revenue": 553979,
            "revenue_4q": null,
            "common_shares": 1094400,
            "book_valuer_per_share": 13.18,
            "book_valuer_per_share_4q_avg": 12.83,
            "equity": 1625402,
            "current_ratio": 135.71,
            "debt_ratio": 57.2,
            "inventory_turnover_ratio": 0.42,
            "account_receivable_turnover_ratio": null,
            "reinvestment_rate": 300.97,
            "research_to_sale_ratio": null,
            "price_fair": 23.04,
            "eps_avg_yearly": 0.66,
            "eps_latest_yearly": 1.56,
            "eps_growth_yearly": 224.67
        },
        "20071": {
            "year_quarter": 20071,
            "year": 2007,
            "quarter": 1,
            "eps": 0.18,
            "eps_growth_year": 63.64,
            "eps_4q": 0.92,
            "eps_4q_growth_year": 28.21,
            "roe": 1.24,
            "roe_4q": 6.68,
            "gross_profit": 65851,
            "gross_margin": 14.2,
            "gross_margin_4q_avg": 11.7,
            "net_income": 19148,
            "net_income_4q": null,
            "revenue": 463727,
            "revenue_4q": null,
            "common_shares": 1094400,
            "book_valuer_per_share": 13.42,
            "book_valuer_per_share_4q_avg": 12.92,
            "equity": 1468320,
            "current_ratio": 192.58,
            "debt_ratio": 57.04,
            "inventory_turnover_ratio": 0.31,
            "account_receivable_turnover_ratio": null,
            "reinvestment_rate": -61.17,
            "research_to_sale_ratio": null,
            "price_fair": 23.22,
            "eps_avg_yearly": 0.66,
            "eps_latest_yearly": 0.72,
            "eps_growth_yearly": 188
        },
        "20072": {
            "year_quarter": 20072,
            "year": 2007,
            "quarter": 2,
            "eps": 0.27,
            "eps_growth_year": 440,
            "eps_4q": 1.14,
            "eps_4q_growth_year": 57.39,
            "roe": 1.92,
            "roe_4q": 8.25,
            "gross_profit": 82023,
            "gross_margin": 15.74,
            "gross_margin_4q_avg": 13.23,
            "net_income": 28819,
            "net_income_4q": null,
            "revenue": 521087,
            "revenue_4q": null,
            "common_shares": 1194400,
            "book_valuer_per_share": 12.83,
            "book_valuer_per_share_4q_avg": 12.99,
            "equity": 1531864,
            "current_ratio": 157.06,
            "debt_ratio": 56.26,
            "inventory_turnover_ratio": 0.3,
            "account_receivable_turnover_ratio": null,
            "reinvestment_rate": -54.38,
            "research_to_sale_ratio": null,
            "price_fair": 24.34,
            "eps_avg_yearly": 0.7,
            "eps_latest_yearly": 1.08,
            "eps_growth_yearly": 188.92
        },
        "20073": {
            "year_quarter": 20073,
            "year": 2007,
            "quarter": 3,
            "eps": 0.54,
            "eps_growth_year": 74.19,
            "eps_4q": 1.36,
            "eps_4q_growth_year": 78.47,
            "roe": 3.73,
            "roe_4q": 9.610000000000001,
            "gross_profit": 99504,
            "gross_margin": 17.74,
            "gross_margin_4q_avg": 15.16,
            "net_income": 58653,
            "net_income_4q": null,
            "revenue": 560955,
            "revenue_4q": null,
            "common_shares": 1194400,
            "book_valuer_per_share": 13.47,
            "book_valuer_per_share_4q_avg": 13.23,
            "equity": 1609364,
            "current_ratio": 157.71,
            "debt_ratio": 55.24,
            "inventory_turnover_ratio": 0.3,
            "account_receivable_turnover_ratio": null,
            "reinvestment_rate": -44.64,
            "research_to_sale_ratio": null,
            "price_fair": 28,
            "eps_avg_yearly": 0.8,
            "eps_latest_yearly": 2.16,
            "eps_growth_yearly": 204
        },
        "20074": {
            "year_quarter": 20074,
            "year": 2007,
            "quarter": 4,
            "eps": 0.04,
            "eps_growth_year": -89.74,
            "eps_4q": 0.97,
            "eps_4q_growth_year": 13.11,
            "roe": 0.29,
            "roe_4q": 7.18,
            "gross_profit": 77052,
            "gross_margin": 14.32,
            "gross_margin_4q_avg": 15.5,
            "net_income": 4602,
            "net_income_4q": null,
            "revenue": 538169,
            "revenue_4q": null,
            "common_shares": 1194400,
            "book_valuer_per_share": 12.58,
            "book_valuer_per_share_4q_avg": 13.08,
            "equity": 1565288,
            "current_ratio": 174.04,
            "debt_ratio": 57.46,
            "inventory_turnover_ratio": 0.31,
            "account_receivable_turnover_ratio": null,
            "reinvestment_rate": 191.51,
            "research_to_sale_ratio": null,
            "price_fair": 27.4,
            "eps_avg_yearly": 0.78,
            "eps_latest_yearly": 0.16,
            "eps_growth_yearly": 180.14
        },
        "20081": {
            "year_quarter": 20081,
            "year": 2008,
            "quarter": 1,
            "eps": 0.13,
            "eps_growth_year": -27.78,
            "eps_4q": 0.97,
            "eps_4q_growth_year": 6.29,
            "roe": 0.9,
            "roe_4q": 6.84,
            "gross_profit": 68379,
            "gross_margin": 16.46,
            "gross_margin_4q_avg": 16.07,
            "net_income": 14214,
            "net_income_4q": null,
            "revenue": 415482,
            "revenue_4q": null,
            "common_shares": 1194400,
            "book_valuer_per_share": 12.59,
            "book_valuer_per_share_4q_avg": 12.87,
            "equity": 1580736,
            "current_ratio": 146.05,
            "debt_ratio": 57.68,
            "inventory_turnover_ratio": 0.24,
            "account_receivable_turnover_ratio": null,
            "reinvestment_rate": 190.36,
            "research_to_sale_ratio": null,
            "price_fair": 28.1,
            "eps_avg_yearly": 0.8,
            "eps_latest_yearly": 0.52,
            "eps_growth_yearly": 255.86
        },
        "20082": {
            "year_quarter": 20082,
            "year": 2008,
            "quarter": 2,
            "eps": 0.06,
            "eps_growth_year": -77.78,
            "eps_4q": 0.92,
            "eps_4q_growth_year": -18.98,
            "roe": 0.35,
            "roe_4q": 5.27,
            "gross_profit": 73323,
            "gross_margin": 17.86,
            "gross_margin_4q_avg": 16.6,
            "net_income": 5474,
            "net_income_4q": null,
            "revenue": 410472,
            "revenue_4q": null,
            "common_shares": 1194400,
            "book_valuer_per_share": 11.59,
            "book_valuer_per_share_4q_avg": 12.56,
            "equity": 1539255,
            "current_ratio": 148.64,
            "debt_ratio": 62.61,
            "inventory_turnover_ratio": 0.21,
            "account_receivable_turnover_ratio": null,
            "reinvestment_rate": 182.46,
            "research_to_sale_ratio": null,
            "price_fair": 26.79,
            "eps_avg_yearly": 0.77,
            "eps_latest_yearly": 0.24,
            "eps_growth_yearly": 224.44
        },
        "20083": {
            "year_quarter": 20083,
            "year": 2008,
            "quarter": 3,
            "eps": 0.1,
            "eps_growth_year": -81.48,
            "eps_4q": 0.28,
            "eps_4q_growth_year": -79.6,
            "roe": 0.87,
            "roe_4q": 2.41,
            "gross_profit": 75379,
            "gross_margin": 19.57,
            "gross_margin_4q_avg": 17.05,
            "net_income": 13216,
            "net_income_4q": null,
            "revenue": 385268,
            "revenue_4q": null,
            "common_shares": 1194400,
            "book_valuer_per_share": 11.33,
            "book_valuer_per_share_4q_avg": 12.02,
            "equity": 1506565,
            "current_ratio": 142.13,
            "debt_ratio": 64.65,
            "inventory_turnover_ratio": 0.17,
            "account_receivable_turnover_ratio": null,
            "reinvestment_rate": 78.54,
            "research_to_sale_ratio": null,
            "price_fair": 25.99,
            "eps_avg_yearly": 0.74,
            "eps_latest_yearly": 0.4,
            "eps_growth_yearly": 227.08
        },
        "20084": {
            "year_quarter": 20084,
            "year": 2008,
            "quarter": 4,
            "eps": -0.12,
            "eps_growth_year": -400,
            "eps_4q": 0.22,
            "eps_4q_growth_year": -77.73,
            "roe": -1.22,
            "roe_4q": 0.9,
            "gross_profit": 52125,
            "gross_margin": 9.45,
            "gross_margin_4q_avg": 15.84,
            "net_income": -18277,
            "net_income_4q": null,
            "revenue": 551468,
            "revenue_4q": null,
            "common_shares": 1194400,
            "book_valuer_per_share": 11.21,
            "book_valuer_per_share_4q_avg": 11.68,
            "equity": 1489235,
            "current_ratio": 132.37,
            "debt_ratio": 64.91,
            "inventory_turnover_ratio": 0.26,
            "account_receivable_turnover_ratio": 4.26,
            "reinvestment_rate": 198.36,
            "research_to_sale_ratio": null,
            "price_fair": 26.79,
            "eps_avg_yearly": 0.77,
            "eps_latest_yearly": 0.4,
            "eps_growth_yearly": 249.84
        },
        "20091": {
            "year_quarter": 20091,
            "year": 2009,
            "quarter": 1,
            "eps": -0.06,
            "eps_growth_year": -146.15,
            "eps_4q": -0.02,
            "eps_4q_growth_year": -102.18,
            "roe": -0.54,
            "roe_4q": -0.54,
            "gross_profit": 69509,
            "gross_margin": 11.55,
            "gross_margin_4q_avg": 14.61,
            "net_income": -8083,
            "net_income_4q": null,
            "revenue": 601954,
            "revenue_4q": null,
            "common_shares": 1194400,
            "book_valuer_per_share": 11.26,
            "book_valuer_per_share_4q_avg": 11.35,
            "equity": 1508917,
            "current_ratio": 138.06,
            "debt_ratio": 60.92,
            "inventory_turnover_ratio": 0.29,
            "account_receivable_turnover_ratio": 2.42,
            "reinvestment_rate": 208.65,
            "research_to_sale_ratio": null,
            "price_fair": 27.6,
            "eps_avg_yearly": 0.79,
            "eps_latest_yearly": 0.4,
            "eps_growth_yearly": 264.82
        },
        "20092": {
            "year_quarter": 20092,
            "year": 2009,
            "quarter": 2,
            "eps": 0.09,
            "eps_growth_year": 50,
            "eps_4q": 0,
            "eps_4q_growth_year": -99.8,
            "roe": 1.4,
            "roe_4q": 0.5099999999999999,
            "gross_profit": 108549,
            "gross_margin": 14.71,
            "gross_margin_4q_avg": 13.82,
            "net_income": 21178,
            "net_income_4q": null,
            "revenue": 737821,
            "revenue_4q": null,
            "common_shares": 1194400,
            "book_valuer_per_share": 11.32,
            "book_valuer_per_share_4q_avg": 11.28,
            "equity": 1515984,
            "current_ratio": 141.89,
            "debt_ratio": 58.4,
            "inventory_turnover_ratio": 0.4,
            "account_receivable_turnover_ratio": 3.26,
            "reinvestment_rate": 193.78,
            "research_to_sale_ratio": null,
            "price_fair": 29.08,
            "eps_avg_yearly": 0.83,
            "eps_latest_yearly": 0.4,
            "eps_growth_yearly": 299.18
        },
        "20093": {
            "year_quarter": 20093,
            "year": 2009,
            "quarter": 3,
            "eps": 0.24,
            "eps_growth_year": 140,
            "eps_4q": 0.16,
            "eps_4q_growth_year": -43.15,
            "roe": 1.59,
            "roe_4q": 1.2300000000000002,
            "gross_profit": 104004,
            "gross_margin": 15.3,
            "gross_margin_4q_avg": 12.75,
            "net_income": 24325,
            "net_income_4q": null,
            "revenue": 679628,
            "revenue_4q": null,
            "common_shares": 1194400,
            "book_valuer_per_share": 11.59,
            "book_valuer_per_share_4q_avg": 11.35,
            "equity": 1543215,
            "current_ratio": 145.71,
            "debt_ratio": 53.41,
            "inventory_turnover_ratio": 0.44,
            "account_receivable_turnover_ratio": 3.08,
            "reinvestment_rate": 199.84,
            "research_to_sale_ratio": null,
            "price_fair": 29.29,
            "eps_avg_yearly": 0.84,
            "eps_latest_yearly": 0.96,
            "eps_growth_yearly": 268.41
        },
        "20094": {
            "year_quarter": 20094,
            "year": 2009,
            "quarter": 4,
            "eps": 0.58,
            "eps_growth_year": null,
            "eps_4q": 0.85,
            "eps_4q_growth_year": 295.59,
            "roe": 4.1,
            "roe_4q": 6.55,
            "gross_profit": 125639,
            "gross_margin": 24.72,
            "gross_margin_4q_avg": 16.57,
            "net_income": 64555,
            "net_income_4q": null,
            "revenue": 508190,
            "revenue_4q": null,
            "common_shares": 1194400,
            "book_valuer_per_share": 13.24,
            "book_valuer_per_share_4q_avg": 11.85,
            "equity": 1605385,
            "current_ratio": 186.56,
            "debt_ratio": 51.2,
            "inventory_turnover_ratio": 0.33,
            "account_receivable_turnover_ratio": 3.98,
            "reinvestment_rate": 6.94,
            "research_to_sale_ratio": null,
            "price_fair": 32.31,
            "eps_avg_yearly": 0.92,
            "eps_latest_yearly": 2.32,
            "eps_growth_yearly": 300.81
        },
        "20101": {
            "year_quarter": 20101,
            "year": 2010,
            "quarter": 1,
            "eps": 0.16,
            "eps_growth_year": null,
            "eps_4q": 1.07,
            "eps_4q_growth_year": null,
            "roe": 1.07,
            "roe_4q": 8.16,
            "gross_profit": 69426,
            "gross_margin": 16.94,
            "gross_margin_4q_avg": 17.92,
            "net_income": 17324,
            "net_income_4q": null,
            "revenue": 409915,
            "revenue_4q": null,
            "common_shares": 1194400,
            "book_valuer_per_share": 13.4,
            "book_valuer_per_share_4q_avg": 12.39,
            "equity": 1623459,
            "current_ratio": 179.88,
            "debt_ratio": 50.5,
            "inventory_turnover_ratio": 0.3,
            "account_receivable_turnover_ratio": 1.71,
            "reinvestment_rate": 256.26,
            "research_to_sale_ratio": null,
            "price_fair": 32.85,
            "eps_avg_yearly": 0.94,
            "eps_latest_yearly": 0.64,
            "eps_growth_yearly": 298.02
        },
        "20102": {
            "year_quarter": 20102,
            "year": 2010,
            "quarter": 2,
            "eps": 0.12,
            "eps_growth_year": 34.67,
            "eps_4q": 1.1,
            "eps_4q_growth_year": 59658.41,
            "roe": 0.76,
            "roe_4q": 7.52,
            "gross_profit": 68469,
            "gross_margin": 15.66,
            "gross_margin_4q_avg": 18.16,
            "net_income": 12235,
            "net_income_4q": null,
            "revenue": 437201,
            "revenue_4q": null,
            "common_shares": 1194400,
            "book_valuer_per_share": 13.11,
            "book_valuer_per_share_4q_avg": 12.84,
            "equity": 1590321,
            "current_ratio": 164.63,
            "debt_ratio": 53.98,
            "inventory_turnover_ratio": 0.31,
            "account_receivable_turnover_ratio": 1.9,
            "reinvestment_rate": 241.66,
            "research_to_sale_ratio": null,
            "price_fair": 33.6,
            "eps_avg_yearly": 0.96,
            "eps_latest_yearly": 0.48,
            "eps_growth_yearly": 307.11
        },
        "20103": {
            "year_quarter": 20103,
            "year": 2010,
            "quarter": 3,
            "eps": 0.42,
            "eps_growth_year": 74.47,
            "eps_4q": 1.28,
            "eps_4q_growth_year": 712.52,
            "roe": 2.8,
            "roe_4q": 8.73,
            "gross_profit": 104597,
            "gross_margin": 21.28,
            "gross_margin_4q_avg": 19.65,
            "net_income": 45488,
            "net_income_4q": null,
            "revenue": 491416,
            "revenue_4q": null,
            "common_shares": 1194400,
            "book_valuer_per_share": 13.71,
            "book_valuer_per_share_4q_avg": 13.37,
            "equity": 1655507,
            "current_ratio": 189.01,
            "debt_ratio": 60.81,
            "inventory_turnover_ratio": 0.24,
            "account_receivable_turnover_ratio": 2.04,
            "reinvestment_rate": 236.83,
            "research_to_sale_ratio": null,
            "price_fair": 34.78,
            "eps_avg_yearly": 0.99,
            "eps_latest_yearly": 1.68,
            "eps_growth_yearly": 224.03
        },
        "20104": {
            "year_quarter": 20104,
            "year": 2010,
            "quarter": 4,
            "eps": 0.22,
            "eps_growth_year": -62.65,
            "eps_4q": 0.91,
            "eps_4q_growth_year": 7.15,
            "roe": 1.45,
            "roe_4q": 6.08,
            "gross_profit": 108020,
            "gross_margin": 17.63,
            "gross_margin_4q_avg": 17.88,
            "net_income": 24299,
            "net_income_4q": null,
            "revenue": 612859,
            "revenue_4q": null,
            "common_shares": 1194400,
            "book_valuer_per_share": 14.01,
            "book_valuer_per_share_4q_avg": 13.56,
            "equity": 1693516,
            "current_ratio": 227.69,
            "debt_ratio": 61.12,
            "inventory_turnover_ratio": 0.25,
            "account_receivable_turnover_ratio": 2.38,
            "reinvestment_rate": 11.97,
            "research_to_sale_ratio": null,
            "price_fair": 32.95,
            "eps_avg_yearly": 0.94,
            "eps_latest_yearly": 0.88,
            "eps_growth_yearly": 201.44
        },
        "20111": {
            "year_quarter": 20111,
            "year": 2011,
            "quarter": 1,
            "eps": 0.39,
            "eps_growth_year": 143.75,
            "eps_4q": 1.15,
            "eps_4q_growth_year": 7.37,
            "roe": 2.63,
            "roe_4q": 7.64,
            "gross_profit": 121795,
            "gross_margin": 19.99,
            "gross_margin_4q_avg": 18.64,
            "net_income": 45143,
            "net_income_4q": null,
            "revenue": 609182,
            "revenue_4q": null,
            "common_shares": 1194400,
            "book_valuer_per_share": 14.33,
            "book_valuer_per_share_4q_avg": 13.79,
            "equity": 1736977,
            "current_ratio": 189.29,
            "debt_ratio": 60.12,
            "inventory_turnover_ratio": 0.24,
            "account_receivable_turnover_ratio": 2.36,
            "reinvestment_rate": 246.32,
            "research_to_sale_ratio": null,
            "price_fair": 35.22,
            "eps_avg_yearly": 1.01,
            "eps_latest_yearly": 1.56,
            "eps_growth_yearly": 241.78
        },
        "20112": {
            "year_quarter": 20112,
            "year": 2011,
            "quarter": 2,
            "eps": 0.08,
            "eps_growth_year": -37.98,
            "eps_4q": 1.1,
            "eps_4q_growth_year": -0.24,
            "roe": 0.53,
            "roe_4q": 7.41,
            "gross_profit": 65422,
            "gross_margin": 15.93,
            "gross_margin_4q_avg": 18.71,
            "net_income": 9123,
            "net_income_4q": null,
            "revenue": 410727,
            "revenue_4q": null,
            "common_shares": 1194400,
            "book_valuer_per_share": 13.79,
            "book_valuer_per_share_4q_avg": 13.96,
            "equity": 1678498,
            "current_ratio": 175.89,
            "debt_ratio": 62.22,
            "inventory_turnover_ratio": 0.16,
            "account_receivable_turnover_ratio": 1.77,
            "reinvestment_rate": 255.89,
            "research_to_sale_ratio": null,
            "price_fair": 33.17,
            "eps_avg_yearly": 0.95,
            "eps_latest_yearly": 0.32,
            "eps_growth_yearly": 201.94
        },
        "20113": {
            "year_quarter": 20113,
            "year": 2011,
            "quarter": 3,
            "eps": 0.17,
            "eps_growth_year": -60.38,
            "eps_4q": 0.85,
            "eps_4q_growth_year": -33.61,
            "roe": 1.12,
            "roe_4q": 5.73,
            "gross_profit": 69621,
            "gross_margin": 15.71,
            "gross_margin_4q_avg": 17.32,
            "net_income": 18963,
            "net_income_4q": null,
            "revenue": 443045,
            "revenue_4q": null,
            "common_shares": 1194400,
            "book_valuer_per_share": 13.97,
            "book_valuer_per_share_4q_avg": 14.03,
            "equity": 1700618,
            "current_ratio": 167.7,
            "debt_ratio": 63.51,
            "inventory_turnover_ratio": 0.16,
            "account_receivable_turnover_ratio": 1.68,
            "reinvestment_rate": 297.71,
            "research_to_sale_ratio": null,
            "price_fair": 29.18,
            "eps_avg_yearly": 0.83,
            "eps_latest_yearly": 0.68,
            "eps_growth_yearly": 205.79
        },
        "20114": {
            "year_quarter": 20114,
            "year": 2011,
            "quarter": 4,
            "eps": -0.01,
            "eps_growth_year": -102.71,
            "eps_4q": 0.63,
            "eps_4q_growth_year": -31.46,
            "roe": -0.25,
            "roe_4q": 4.03,
            "gross_profit": 89179,
            "gross_margin": 17.41,
            "gross_margin_4q_avg": 17.26,
            "net_income": -4326,
            "net_income_4q": null,
            "revenue": 512143,
            "revenue_4q": null,
            "common_shares": 1194400,
            "book_valuer_per_share": 14.1,
            "book_valuer_per_share_4q_avg": 14.05,
            "equity": 1714143,
            "current_ratio": 160.17,
            "debt_ratio": 64.74,
            "inventory_turnover_ratio": 0.18,
            "account_receivable_turnover_ratio": 1.6,
            "reinvestment_rate": 42.8,
            "research_to_sale_ratio": null,
            "price_fair": 31.15,
            "eps_avg_yearly": 0.89,
            "eps_latest_yearly": 0.68,
            "eps_growth_yearly": 253.8
        },
        "20121": {
            "year_quarter": 20121,
            "year": 2012,
            "quarter": 1,
            "eps": 0.3,
            "eps_growth_year": -23.08,
            "eps_4q": 0.54,
            "eps_4q_growth_year": -53.09,
            "roe": 1.97,
            "roe_4q": 3.37,
            "gross_profit": 79071,
            "gross_margin": 18.53,
            "gross_margin_4q_avg": 16.9,
            "net_income": 34309,
            "net_income_4q": null,
            "revenue": 426721,
            "revenue_4q": null,
            "common_shares": 1194400,
            "book_valuer_per_share": 14.54,
            "book_valuer_per_share_4q_avg": 14.1,
            "equity": 1762762,
            "current_ratio": 173.72,
            "debt_ratio": 64.07,
            "inventory_turnover_ratio": 0.14,
            "account_receivable_turnover_ratio": 1.51,
            "reinvestment_rate": 48.18,
            "research_to_sale_ratio": null,
            "price_fair": 32.33,
            "eps_avg_yearly": 0.92,
            "eps_latest_yearly": 0.68,
            "eps_growth_yearly": 195.06
        },
        "20122": {
            "year_quarter": 20122,
            "year": 2012,
            "quarter": 2,
            "eps": 0.4,
            "eps_growth_year": 437.15,
            "eps_4q": 0.87,
            "eps_4q_growth_year": -21.31,
            "roe": 3.8,
            "roe_4q": 6.64,
            "gross_profit": 145561,
            "gross_margin": 27.96,
            "gross_margin_4q_avg": 19.9,
            "net_income": 66661,
            "net_income_4q": null,
            "revenue": 520545,
            "revenue_4q": null,
            "common_shares": 1194400,
            "book_valuer_per_share": 14.15,
            "book_valuer_per_share_4q_avg": 14.19,
            "equity": 1742870,
            "current_ratio": 160.95,
            "debt_ratio": 65.17,
            "inventory_turnover_ratio": 0.15,
            "account_receivable_turnover_ratio": 2.47,
            "reinvestment_rate": 39.25,
            "research_to_sale_ratio": null,
            "price_fair": 36.65,
            "eps_avg_yearly": 1.05,
            "eps_latest_yearly": 1.6,
            "eps_growth_yearly": 226.76
        },
        "20123": {
            "year_quarter": 20123,
            "year": 2012,
            "quarter": 3,
            "eps": 1.28,
            "eps_growth_year": 669.74,
            "eps_4q": 1.98,
            "eps_4q_growth_year": 133.06,
            "roe": 7.86,
            "roe_4q": 13.38,
            "gross_profit": 266453,
            "gross_margin": 22.27,
            "gross_margin_4q_avg": 21.54,
            "net_income": 143976,
            "net_income_4q": null,
            "revenue": 1196466,
            "revenue_4q": null,
            "common_shares": 1194400,
            "book_valuer_per_share": 15.61,
            "book_valuer_per_share_4q_avg": 14.6,
            "equity": 1918844,
            "current_ratio": 154.3,
            "debt_ratio": 58.44,
            "inventory_turnover_ratio": 0.4,
            "account_receivable_turnover_ratio": 5.17,
            "reinvestment_rate": 102.7,
            "research_to_sale_ratio": null,
            "price_fair": 51.67,
            "eps_avg_yearly": 1.48,
            "eps_latest_yearly": 5.12,
            "eps_growth_yearly": 282.52
        },
        "20124": {
            "year_quarter": 20124,
            "year": 2012,
            "quarter": 4,
            "eps": 0.59,
            "eps_growth_year": null,
            "eps_4q": 2.58,
            "eps_4q_growth_year": 312.36,
            "roe": 2.73,
            "roe_4q": 16.36,
            "gross_profit": 151093,
            "gross_margin": 20.78,
            "gross_margin_4q_avg": 22.39,
            "net_income": 53075,
            "net_income_4q": null,
            "revenue": 726965,
            "revenue_4q": null,
            "common_shares": 1194400,
            "book_valuer_per_share": 16.16,
            "book_valuer_per_share_4q_avg": 15.12,
            "equity": 1967921,
            "current_ratio": 161.07,
            "debt_ratio": 58.95,
            "inventory_turnover_ratio": 0.26,
            "account_receivable_turnover_ratio": 2.86,
            "reinvestment_rate": 28.54,
            "research_to_sale_ratio": null,
            "price_fair": 54.25,
            "eps_avg_yearly": 1.55,
            "eps_latest_yearly": 2.36,
            "eps_growth_yearly": 241
        },
        "20131": {
            "year_quarter": 20131,
            "year": 2013,
            "quarter": 1,
            "eps": 0.11,
            "eps_growth_year": -63.33,
            "eps_4q": 2.47,
            "eps_4q_growth_year": 358.95,
            "roe": 0.34,
            "roe_4q": 14.73,
            "gross_profit": 74062,
            "gross_margin": 15.93,
            "gross_margin_4q_avg": 21.74,
            "net_income": 6426,
            "net_income_4q": null,
            "revenue": 464820,
            "revenue_4q": null,
            "common_shares": 1194400,
            "book_valuer_per_share": 15.96,
            "book_valuer_per_share_4q_avg": 15.47,
            "equity": 1833034,
            "current_ratio": 148.37,
            "debt_ratio": 63.42,
            "inventory_turnover_ratio": 0.16,
            "account_receivable_turnover_ratio": 1.81,
            "reinvestment_rate": -30.72,
            "research_to_sale_ratio": null,
            "price_fair": 51.26,
            "eps_avg_yearly": 1.46,
            "eps_latest_yearly": 0.44,
            "eps_growth_yearly": 197.43
        },
        "20132": {
            "year_quarter": 20132,
            "year": 2013,
            "quarter": 2,
            "eps": 3.71,
            "eps_growth_year": 818.89,
            "eps_4q": 5.76,
            "eps_4q_growth_year": 564.25,
            "roe": 20.07,
            "roe_4q": 31,
            "gross_profit": 523594,
            "gross_margin": 38.85,
            "gross_margin_4q_avg": 24.46,
            "net_income": 387376,
            "net_income_4q": null,
            "revenue": 1347648,
            "revenue_4q": null,
            "common_shares": 1194400,
            "book_valuer_per_share": 17.85,
            "book_valuer_per_share_4q_avg": 16.4,
            "equity": 2028053,
            "current_ratio": 146.38,
            "debt_ratio": 65.38,
            "inventory_turnover_ratio": 0.32,
            "account_receivable_turnover_ratio": 2.71,
            "reinvestment_rate": -18.1,
            "research_to_sale_ratio": null,
            "price_fair": 84.7,
            "eps_avg_yearly": 2.42,
            "eps_latest_yearly": 14.84,
            "eps_growth_yearly": 1118.4
        },
        "20133": {
            "year_quarter": 20133,
            "year": 2013,
            "quarter": 3,
            "eps": 0.09,
            "eps_growth_year": -92.95,
            "eps_4q": 4.53,
            "eps_4q_growth_year": 128.77,
            "roe": 0.54,
            "roe_4q": 23.68,
            "gross_profit": 60186,
            "gross_margin": 11.39,
            "gross_margin_4q_avg": 21.74,
            "net_income": 10962,
            "net_income_4q": null,
            "revenue": 528564,
            "revenue_4q": null,
            "common_shares": 1194400,
            "book_valuer_per_share": 18.06,
            "book_valuer_per_share_4q_avg": 17.01,
            "equity": 2053877,
            "current_ratio": 146.63,
            "debt_ratio": 65.18,
            "inventory_turnover_ratio": 0.17,
            "account_receivable_turnover_ratio": 1.02,
            "reinvestment_rate": -19.11,
            "research_to_sale_ratio": null,
            "price_fair": 83.2,
            "eps_avg_yearly": 2.38,
            "eps_latest_yearly": 0.36,
            "eps_growth_yearly": 1042.9
        },
        "20134": {
            "year_quarter": 20134,
            "year": 2013,
            "quarter": 4,
            "eps": -0.37,
            "eps_growth_year": -161.62,
            "eps_4q": 3.53,
            "eps_4q_growth_year": 36.79,
            "roe": -1.29,
            "roe_4q": 19.66,
            "gross_profit": 91426,
            "gross_margin": 16.03,
            "gross_margin_4q_avg": 20.55,
            "net_income": -26369,
            "net_income_4q": null,
            "revenue": 570316,
            "revenue_4q": null,
            "common_shares": 1194400,
            "book_valuer_per_share": 17.63,
            "book_valuer_per_share_4q_avg": 17.38,
            "equity": 2032599,
            "current_ratio": 143.6,
            "debt_ratio": 66.57,
            "inventory_turnover_ratio": 0.16,
            "account_receivable_turnover_ratio": 1.65,
            "reinvestment_rate": -53.93,
            "research_to_sale_ratio": null,
            "price_fair": 83.35,
            "eps_avg_yearly": 2.38,
            "eps_latest_yearly": 0.36,
            "eps_growth_yearly": 1079.53
        },
        "20141": {
            "year_quarter": 20141,
            "year": 2014,
            "quarter": 1,
            "eps": 1.72,
            "eps_growth_year": 1463.64,
            "eps_4q": 5.13,
            "eps_4q_growth_year": 107.6,
            "roe": 8.87,
            "roe_4q": 28.189999999999998,
            "gross_profit": 290863,
            "gross_margin": 23.08,
            "gross_margin_4q_avg": 22.34,
            "net_income": 189205,
            "net_income_4q": null,
            "revenue": 1260112,
            "revenue_4q": null,
            "common_shares": 1194400,
            "book_valuer_per_share": 19.36,
            "book_valuer_per_share_4q_avg": 18.23,
            "equity": 2231213,
            "current_ratio": 162.89,
            "debt_ratio": 59.26,
            "inventory_turnover_ratio": 0.31,
            "account_receivable_turnover_ratio": 3.96,
            "reinvestment_rate": -39.87,
            "research_to_sale_ratio": null,
            "price_fair": 88.43,
            "eps_avg_yearly": 2.53,
            "eps_latest_yearly": 0.36,
            "eps_growth_yearly": 1193.63
        },
        "20142": {
            "year_quarter": 20142,
            "year": 2014,
            "quarter": 2,
            "eps": 0.18,
            "eps_growth_year": -95.15,
            "eps_4q": 1.62,
            "eps_4q_growth_year": -71.88,
            "roe": 1.36,
            "roe_4q": 9.479999999999997,
            "gross_profit": 101443,
            "gross_margin": 20.74,
            "gross_margin_4q_avg": 17.81,
            "net_income": 28690,
            "net_income_4q": null,
            "revenue": 489019,
            "revenue_4q": null,
            "common_shares": 1194400,
            "book_valuer_per_share": 17.31,
            "book_valuer_per_share_4q_avg": 18.09,
            "equity": 1998334,
            "current_ratio": 143.67,
            "debt_ratio": 65.67,
            "inventory_turnover_ratio": 0.12,
            "account_receivable_turnover_ratio": 1.8,
            "reinvestment_rate": -34.15,
            "research_to_sale_ratio": null,
            "price_fair": 89.13,
            "eps_avg_yearly": 2.55,
            "eps_latest_yearly": 0.72,
            "eps_growth_yearly": 1172.12
        },
        "20143": {
            "year_quarter": 20143,
            "year": 2014,
            "quarter": 3,
            "eps": 0.51,
            "eps_growth_year": 466.67,
            "eps_4q": 2.04,
            "eps_4q_growth_year": -54.91,
            "roe": 5.84,
            "roe_4q": 14.780000000000001,
            "gross_profit": 193438,
            "gross_margin": 21.52,
            "gross_margin_4q_avg": 20.34,
            "net_income": 121128,
            "net_income_4q": null,
            "revenue": 898838,
            "revenue_4q": null,
            "common_shares": 1194400,
            "book_valuer_per_share": 17.84,
            "book_valuer_per_share_4q_avg": 18.04,
            "equity": 2153435,
            "current_ratio": 134.3,
            "debt_ratio": 65.46,
            "inventory_turnover_ratio": 0.22,
            "account_receivable_turnover_ratio": 2.85,
            "reinvestment_rate": -23.41,
            "research_to_sale_ratio": null,
            "price_fair": 90.18,
            "eps_avg_yearly": 2.58,
            "eps_latest_yearly": 2.04,
            "eps_growth_yearly": 1149.9
        },
        "20144": {
            "year_quarter": 20144,
            "year": 2014,
            "quarter": 4,
            "eps": 2.26,
            "eps_growth_year": null,
            "eps_4q": 4.67,
            "eps_4q_growth_year": 32.25,
            "roe": 13.12,
            "roe_4q": 29.189999999999998,
            "gross_profit": 386450,
            "gross_margin": 23.6,
            "gross_margin_4q_avg": 22.24,
            "net_income": 302284,
            "net_income_4q": null,
            "revenue": 1637332,
            "revenue_4q": null,
            "common_shares": 1194400,
            "book_valuer_per_share": 20.1,
            "book_valuer_per_share_4q_avg": 18.65,
            "equity": 2455462,
            "current_ratio": 176.07,
            "debt_ratio": 50.35,
            "inventory_turnover_ratio": 0.41,
            "account_receivable_turnover_ratio": 5.42,
            "reinvestment_rate": -21.24,
            "research_to_sale_ratio": null,
            "price_fair": 113.98,
            "eps_avg_yearly": 3.26,
            "eps_latest_yearly": 9.04,
            "eps_growth_yearly": 1280.15
        },
        "20151": {
            "year_quarter": 20151,
            "year": 2015,
            "quarter": 1,
            "eps": 0.55,
            "eps_growth_year": -68.02,
            "eps_4q": 3.5,
            "eps_4q_growth_year": -31.76,
            "roe": 2.1,
            "roe_4q": 22.419999999999998,
            "gross_profit": 99916,
            "gross_margin": 18.43,
            "gross_margin_4q_avg": 21.07,
            "net_income": 52192,
            "net_income_4q": null,
            "revenue": 542058,
            "revenue_4q": null,
            "common_shares": 1194400,
            "book_valuer_per_share": 20.74,
            "book_valuer_per_share_4q_avg": 19,
            "equity": 2517137,
            "current_ratio": 185.81,
            "debt_ratio": 48.79,
            "inventory_turnover_ratio": 0.16,
            "account_receivable_turnover_ratio": 2.13,
            "reinvestment_rate": -22.93,
            "research_to_sale_ratio": null,
            "price_fair": 115.85,
            "eps_avg_yearly": 3.31,
            "eps_latest_yearly": 2.2,
            "eps_growth_yearly": 1229.17
        },
        "20152": {
            "year_quarter": 20152,
            "year": 2015,
            "quarter": 2,
            "eps": -0.21,
            "eps_growth_year": -216.67,
            "eps_4q": 3.12,
            "eps_4q_growth_year": 92.24,
            "roe": -1.73,
            "roe_4q": 19.33,
            "gross_profit": 46782,
            "gross_margin": 10.46,
            "gross_margin_4q_avg": 18.5,
            "net_income": -42081,
            "net_income_4q": null,
            "revenue": 447334,
            "revenue_4q": null,
            "common_shares": 1194400,
            "book_valuer_per_share": 19.37,
            "book_valuer_per_share_4q_avg": 19.51,
            "equity": 2351555,
            "current_ratio": 181.74,
            "debt_ratio": 51.28,
            "inventory_turnover_ratio": 0.15,
            "account_receivable_turnover_ratio": 1.72,
            "reinvestment_rate": -22.42,
            "research_to_sale_ratio": null,
            "price_fair": 125.36,
            "eps_avg_yearly": 3.58,
            "eps_latest_yearly": 2.2,
            "eps_growth_yearly": 1369.82
        },
        "20153": {
            "year_quarter": 20153,
            "year": 2015,
            "quarter": 3,
            "eps": 0.38,
            "eps_growth_year": -25.49,
            "eps_4q": 2.76,
            "eps_4q_growth_year": 35.36,
            "roe": 1.7,
            "roe_4q": 15.19,
            "gross_profit": 45333,
            "gross_margin": 8.77,
            "gross_margin_4q_avg": 15.32,
            "net_income": 39994,
            "net_income_4q": null,
            "revenue": 516778,
            "revenue_4q": null,
            "common_shares": 1194400,
            "book_valuer_per_share": 18.45,
            "book_valuer_per_share_4q_avg": 19.67,
            "equity": 2342786,
            "current_ratio": 205.1,
            "debt_ratio": 45.74,
            "inventory_turnover_ratio": 0.18,
            "account_receivable_turnover_ratio": 2.03,
            "reinvestment_rate": -46.42,
            "research_to_sale_ratio": null,
            "price_fair": 135.52,
            "eps_avg_yearly": 3.87,
            "eps_latest_yearly": 2.2,
            "eps_growth_yearly": 1461.8
        },
        "20154": {
            "year_quarter": 20154,
            "year": 2015,
            "quarter": 4,
            "eps": 0.15,
            "eps_growth_year": -93.24,
            "eps_4q": 0.83,
            "eps_4q_growth_year": -82.16,
            "roe": 0.35,
            "roe_4q": 2.42,
            "gross_profit": 40108,
            "gross_margin": 9.97,
            "gross_margin_4q_avg": 11.91,
            "net_income": 8264,
            "net_income_4q": null,
            "revenue": 402144,
            "revenue_4q": null,
            "common_shares": 1194400,
            "book_valuer_per_share": 18.58,
            "book_valuer_per_share_4q_avg": 19.29,
            "equity": 2346558,
            "current_ratio": 195.99,
            "debt_ratio": 46.52,
            "inventory_turnover_ratio": 0.14,
            "account_receivable_turnover_ratio": 1.65,
            "reinvestment_rate": -44.08,
            "research_to_sale_ratio": null,
            "price_fair": 125.11,
            "eps_avg_yearly": 3.57,
            "eps_latest_yearly": 0.6,
            "eps_growth_yearly": 1306.9
        },
        "20161": {
            "year_quarter": 20161,
            "year": 2016,
            "quarter": 1,
            "eps": 0.05,
            "eps_growth_year": -90.91,
            "eps_4q": 0.37,
            "eps_4q_growth_year": -89.44,
            "roe": 0.1,
            "roe_4q": 0.41999999999999993,
            "gross_profit": 50730,
            "gross_margin": 12.38,
            "gross_margin_4q_avg": 10.4,
            "net_income": 2239,
            "net_income_4q": null,
            "revenue": 409635,
            "revenue_4q": null,
            "common_shares": 1194400,
            "book_valuer_per_share": 18.59,
            "book_valuer_per_share_4q_avg": 18.75,
            "equity": 2343174,
            "current_ratio": 195.03,
            "debt_ratio": 46.37,
            "inventory_turnover_ratio": 0.13,
            "account_receivable_turnover_ratio": 1.84,
            "reinvestment_rate": -47.95,
            "research_to_sale_ratio": null,
            "price_fair": 115.27,
            "eps_avg_yearly": 3.29,
            "eps_latest_yearly": 0.2,
            "eps_growth_yearly": 1175.77
        },
        "20162": {
            "year_quarter": 20162,
            "year": 2016,
            "quarter": 2,
            "eps": 0.14,
            "eps_growth_year": null,
            "eps_4q": 0.7,
            "eps_4q_growth_year": -77.41,
            "roe": 0.81,
            "roe_4q": 2.96,
            "gross_profit": 57573,
            "gross_margin": 13.18,
            "gross_margin_4q_avg": 11.08,
            "net_income": 18696,
            "net_income_4q": null,
            "revenue": 436851,
            "revenue_4q": null,
            "common_shares": 1194400,
            "book_valuer_per_share": 17.99,
            "book_valuer_per_share_4q_avg": 18.4,
            "equity": 2259153,
            "current_ratio": 183.53,
            "debt_ratio": 47.45,
            "inventory_turnover_ratio": 0.14,
            "account_receivable_turnover_ratio": 2.07,
            "reinvestment_rate": -48.01,
            "research_to_sale_ratio": null,
            "price_fair": 112.23,
            "eps_avg_yearly": 3.21,
            "eps_latest_yearly": 0.56,
            "eps_growth_yearly": 1224.66
        },
        "20163": {
            "year_quarter": 20163,
            "year": 2016,
            "quarter": 3,
            "eps": 1.58,
            "eps_growth_year": 315.79,
            "eps_4q": 1.92,
            "eps_4q_growth_year": -30.64,
            "roe": 8.93,
            "roe_4q": 10.19,
            "gross_profit": 304364,
            "gross_margin": 27.71,
            "gross_margin_4q_avg": 15.81,
            "net_income": 213794,
            "net_income_4q": null,
            "revenue": 1098555,
            "revenue_4q": null,
            "common_shares": 1194400,
            "book_valuer_per_share": 19.56,
            "book_valuer_per_share_4q_avg": 18.68,
            "equity": 2528724,
            "current_ratio": 220.7,
            "debt_ratio": 39.1,
            "inventory_turnover_ratio": 0.31,
            "account_receivable_turnover_ratio": 5.14,
            "reinvestment_rate": -47.34,
            "research_to_sale_ratio": null,
            "price_fair": 115.73,
            "eps_avg_yearly": 3.31,
            "eps_latest_yearly": 6.32,
            "eps_growth_yearly": 1494.18
        },
        "20164": {
            "year_quarter": 20164,
            "year": 2016,
            "quarter": 4,
            "eps": 1.39,
            "eps_growth_year": 809.44,
            "eps_4q": 3.15,
            "eps_4q_growth_year": 278.77,
            "roe": 8.24,
            "roe_4q": 18.080000000000002,
            "gross_profit": 298663,
            "gross_margin": 33.17,
            "gross_margin_4q_avg": 21.61,
            "net_income": 217174,
            "net_income_4q": null,
            "revenue": 900289,
            "revenue_4q": null,
            "common_shares": 1194400,
            "book_valuer_per_share": 20.95,
            "book_valuer_per_share_4q_avg": 19.27,
            "equity": 2745355,
            "current_ratio": 314.85,
            "debt_ratio": 27.62,
            "inventory_turnover_ratio": 0.26,
            "account_receivable_turnover_ratio": 4.18,
            "reinvestment_rate": -43.94,
            "research_to_sale_ratio": null,
            "price_fair": 125.07,
            "eps_avg_yearly": 3.57,
            "eps_latest_yearly": 5.56,
            "eps_growth_yearly": 1508.14
        },
        "20171": {
            "year_quarter": 20171,
            "year": 2017,
            "quarter": 1,
            "eps": 0.65,
            "eps_growth_year": 1200,
            "eps_4q": 3.75,
            "eps_4q_growth_year": 915.26,
            "roe": 2.69,
            "roe_4q": 20.669999999999998,
            "gross_profit": 134892,
            "gross_margin": 21.82,
            "gross_margin_4q_avg": 23.97,
            "net_income": 74739,
            "net_income_4q": null,
            "revenue": 618196,
            "revenue_4q": null,
            "common_shares": 1194400,
            "book_valuer_per_share": 21.59,
            "book_valuer_per_share_4q_avg": 20.02,
            "equity": 2819680,
            "current_ratio": 312.14,
            "debt_ratio": 28.24,
            "inventory_turnover_ratio": 0.23,
            "account_receivable_turnover_ratio": 2.96,
            "reinvestment_rate": -18.02,
            "research_to_sale_ratio": null,
            "price_fair": 131.37,
            "eps_avg_yearly": 3.75,
            "eps_latest_yearly": 2.6,
            "eps_growth_yearly": 1517.51
        },
        "20172": {
            "year_quarter": 20172,
            "year": 2017,
            "quarter": 2,
            "eps": 0.56,
            "eps_growth_year": 300,
            "eps_4q": 4.17,
            "eps_4q_growth_year": 492.45,
            "roe": 2.22,
            "roe_4q": 22.08,
            "gross_profit": 114173,
            "gross_margin": 17.79,
            "gross_margin_4q_avg": 25.12,
            "net_income": 61438,
            "net_income_4q": null,
            "revenue": 641737,
            "revenue_4q": null,
            "common_shares": 1194400,
            "book_valuer_per_share": 21,
            "book_valuer_per_share_4q_avg": 20.78,
            "equity": 2720549,
            "current_ratio": 290.02,
            "debt_ratio": 29.5,
            "inventory_turnover_ratio": 0.26,
            "account_receivable_turnover_ratio": 2.75,
            "reinvestment_rate": -21.97,
            "research_to_sale_ratio": null,
            "price_fair": 94.62,
            "eps_avg_yearly": 2.7,
            "eps_latest_yearly": 2.24,
            "eps_growth_yearly": 421.99
        },
        "20173": {
            "year_quarter": 20173,
            "year": 2017,
            "quarter": 3,
            "eps": 0.75,
            "eps_growth_year": -52.53,
            "eps_4q": 3.34,
            "eps_4q_growth_year": 74.43,
            "roe": 3.12,
            "roe_4q": 16.27,
            "gross_profit": 131232,
            "gross_margin": 18.22,
            "gross_margin_4q_avg": 22.75,
            "net_income": 86227,
            "net_income_4q": null,
            "revenue": 720079,
            "revenue_4q": null,
            "common_shares": 1194400,
            "book_valuer_per_share": 21.76,
            "book_valuer_per_share_4q_avg": 21.33,
            "equity": 2807888,
            "current_ratio": 343.07,
            "debt_ratio": 24.89,
            "inventory_turnover_ratio": 0.31,
            "account_receivable_turnover_ratio": 2.44,
            "reinvestment_rate": -20.51,
            "research_to_sale_ratio": null,
            "price_fair": 102.32,
            "eps_avg_yearly": 2.92,
            "eps_latest_yearly": 3,
            "eps_growth_yearly": 465.82
        },
        "20174": {
            "year_quarter": 20174,
            "year": 2017,
            "quarter": 4,
            "eps": 0.55,
            "eps_growth_year": -60.59,
            "eps_4q": 2.5,
            "eps_4q_growth_year": -20.65,
            "roe": 2.28,
            "roe_4q": 10.31,
            "gross_profit": 102499,
            "gross_margin": 15.77,
            "gross_margin_4q_avg": 18.4,
            "net_income": 64721,
            "net_income_4q": null,
            "revenue": 649818,
            "revenue_4q": null,
            "common_shares": 1194400,
            "book_valuer_per_share": 22.27,
            "book_valuer_per_share_4q_avg": 21.66,
            "equity": 2866779,
            "current_ratio": 398.68,
            "debt_ratio": 20.91,
            "inventory_turnover_ratio": 0.3,
            "account_receivable_turnover_ratio": 2.02,
            "reinvestment_rate": -17.07,
            "research_to_sale_ratio": null,
            "price_fair": 100.37,
            "eps_avg_yearly": 2.87,
            "eps_latest_yearly": 2.2,
            "eps_growth_yearly": 421.79
        },
        "20181": {
            "year_quarter": 20181,
            "year": 2018,
            "quarter": 1,
            "eps": 0.68,
            "eps_growth_year": 4.62,
            "eps_4q": 2.53,
            "eps_4q_growth_year": -32.48,
            "roe": 2.86,
            "roe_4q": 10.48,
            "gross_profit": 137944,
            "gross_margin": 17.87,
            "gross_margin_4q_avg": 17.41,
            "net_income": 78786,
            "net_income_4q": null,
            "revenue": 771938,
            "revenue_4q": null,
            "common_shares": 1194400,
            "book_valuer_per_share": 22.97,
            "book_valuer_per_share_4q_avg": 22,
            "equity": 2648537,
            "current_ratio": 373.16,
            "debt_ratio": 20.26,
            "inventory_turnover_ratio": 0.41,
            "account_receivable_turnover_ratio": 2.45,
            "reinvestment_rate": -20.2,
            "research_to_sale_ratio": null,
            "price_fair": 100,
            "eps_avg_yearly": 2.86,
            "eps_latest_yearly": 2.72,
            "eps_growth_yearly": 398.41
        },
        "20182": {
            "year_quarter": 20182,
            "year": 2018,
            "quarter": 2,
            "eps": 0.52,
            "eps_growth_year": -7.14,
            "eps_4q": 2.49,
            "eps_4q_growth_year": -40.18,
            "roe": 2.27,
            "roe_4q": 10.530000000000001,
            "gross_profit": 102588,
            "gross_margin": 15.41,
            "gross_margin_4q_avg": 16.82,
            "net_income": 59462,
            "net_income_4q": null,
            "revenue": 665521,
            "revenue_4q": null,
            "common_shares": 1194400,
            "book_valuer_per_share": 22.45,
            "book_valuer_per_share_4q_avg": 22.36,
            "equity": 2588532,
            "current_ratio": 421.31,
            "debt_ratio": 17.17,
            "inventory_turnover_ratio": 0.46,
            "account_receivable_turnover_ratio": 2.05,
            "reinvestment_rate": -19.74,
            "research_to_sale_ratio": null,
            "price_fair": 103.4,
            "eps_avg_yearly": 2.95,
            "eps_latest_yearly": 2.08,
            "eps_growth_yearly": 417.27
        },
        "20183": {
            "year_quarter": 20183,
            "year": 2018,
            "quarter": 3,
            "eps": 0.37,
            "eps_growth_year": -50.67,
            "eps_4q": 2.11,
            "eps_4q_growth_year": -36.83,
            "roe": 1.61,
            "roe_4q": 9.02,
            "gross_profit": 70669,
            "gross_margin": 11.81,
            "gross_margin_4q_avg": 15.22,
            "net_income": 42179,
            "net_income_4q": null,
            "revenue": 598430,
            "revenue_4q": null,
            "common_shares": 1194400,
            "book_valuer_per_share": 22.87,
            "book_valuer_per_share_4q_avg": 22.64,
            "equity": 2637561,
            "current_ratio": 466.83,
            "debt_ratio": 15.5,
            "inventory_turnover_ratio": 0.42,
            "account_receivable_turnover_ratio": 1.79,
            "reinvestment_rate": -28.71,
            "research_to_sale_ratio": null,
            "price_fair": 102,
            "eps_avg_yearly": 2.91,
            "eps_latest_yearly": 1.48,
            "eps_growth_yearly": 356.65
        },
        "20184": {
            "year_quarter": 20184,
            "year": 2018,
            "quarter": 4,
            "eps": 0.4,
            "eps_growth_year": -27.18,
            "eps_4q": 1.96,
            "eps_4q_growth_year": -21.52,
            "roe": 1.72,
            "roe_4q": 8.459999999999999,
            "gross_profit": 89135,
            "gross_margin": 13.18,
            "gross_margin_4q_avg": 14.57,
            "net_income": 45960,
            "net_income_4q": null,
            "revenue": 676314,
            "revenue_4q": null,
            "common_shares": 1194400,
            "book_valuer_per_share": 23.34,
            "book_valuer_per_share_4q_avg": 22.91,
            "equity": 2691378,
            "current_ratio": 367.8,
            "debt_ratio": 19.2,
            "inventory_turnover_ratio": 0.43,
            "account_receivable_turnover_ratio": 2.01,
            "reinvestment_rate": -29.16,
            "research_to_sale_ratio": null,
            "price_fair": 83.4,
            "eps_avg_yearly": 2.38,
            "eps_latest_yearly": 1.6,
            "eps_growth_yearly": 260.92
        },
        "20191": {
            "year_quarter": 20191,
            "year": 2019,
            "quarter": 1,
            "eps": 0.25,
            "eps_growth_year": -63.24,
            "eps_4q": 1.48,
            "eps_4q_growth_year": -41.76,
            "roe": 1.06,
            "roe_4q": 6.66,
            "gross_profit": 61033,
            "gross_margin": 9.66,
            "gross_margin_4q_avg": 12.52,
            "net_income": 28723,
            "net_income_4q": null,
            "revenue": 632119,
            "revenue_4q": null,
            "common_shares": 1194400,
            "book_valuer_per_share": 22.82,
            "book_valuer_per_share_4q_avg": 22.87,
            "equity": 2726279,
            "current_ratio": 293.85,
            "debt_ratio": 25.96,
            "inventory_turnover_ratio": 0.37,
            "account_receivable_turnover_ratio": 1.89,
            "reinvestment_rate": -23.35,
            "research_to_sale_ratio": null,
            "price_fair": 80.4,
            "eps_avg_yearly": 2.3,
            "eps_latest_yearly": 1,
            "eps_growth_yearly": 271.83
        },
        "20192": {
            "year_quarter": 20192,
            "year": 2019,
            "quarter": 2,
            "eps": 0.24,
            "eps_growth_year": -53.85,
            "eps_4q": 1.25,
            "eps_4q_growth_year": -49.89,
            "roe": 1.02,
            "roe_4q": 5.41,
            "gross_profit": 63924,
            "gross_margin": 8.47,
            "gross_margin_4q_avg": 10.78,
            "net_income": 27274,
            "net_income_4q": null,
            "revenue": 754600,
            "revenue_4q": null,
            "common_shares": 1194400,
            "book_valuer_per_share": 22.86,
            "book_valuer_per_share_4q_avg": 22.97,
            "equity": 2636920,
            "current_ratio": 193.54,
            "debt_ratio": 39.26,
            "inventory_turnover_ratio": 0.37,
            "account_receivable_turnover_ratio": 1.96,
            "reinvestment_rate": -26.52,
            "research_to_sale_ratio": null,
            "price_fair": 77.28,
            "eps_avg_yearly": 2.21,
            "eps_latest_yearly": 0.96,
            "eps_growth_yearly": 252.64
        },
        "20193": {
            "year_quarter": 20193,
            "year": 2019,
            "quarter": 3,
            "eps": 0.29,
            "eps_growth_year": -21.62,
            "eps_4q": 1.18,
            "eps_4q_growth_year": -44.27,
            "roe": 1.27,
            "roe_4q": 5.07,
            "gross_profit": 68785,
            "gross_margin": 9.21,
            "gross_margin_4q_avg": 10.13,
            "net_income": 33771,
            "net_income_4q": null,
            "revenue": 746651,
            "revenue_4q": null,
            "common_shares": 1194400,
            "book_valuer_per_share": 23.16,
            "book_valuer_per_share_4q_avg": 23.05,
            "equity": 2671319,
            "current_ratio": 185.94,
            "debt_ratio": 41.17,
            "inventory_turnover_ratio": 0.31,
            "account_receivable_turnover_ratio": 1.75,
            "reinvestment_rate": 3.58,
            "research_to_sale_ratio": null,
            "price_fair": 74.99,
            "eps_avg_yearly": 2.14,
            "eps_latest_yearly": 1.16,
            "eps_growth_yearly": 242.06
        },
        "20194": {
            "year_quarter": 20194,
            "year": 2019,
            "quarter": 4,
            "eps": 0.25,
            "eps_growth_year": -38.25,
            "eps_4q": 1.02,
            "eps_4q_growth_year": -47.81,
            "roe": 1.06,
            "roe_4q": 4.41,
            "gross_profit": 70603,
            "gross_margin": 13.14,
            "gross_margin_4q_avg": 10.12,
            "net_income": 28381,
            "net_income_4q": null,
            "revenue": 537460,
            "revenue_4q": null,
            "common_shares": 1194400,
            "book_valuer_per_share": 23.43,
            "book_valuer_per_share_4q_avg": 23.07,
            "equity": 2702394,
            "current_ratio": 188.73,
            "debt_ratio": 40.68,
            "inventory_turnover_ratio": 0.19,
            "account_receivable_turnover_ratio": 1.56,
            "reinvestment_rate": 2.86,
            "research_to_sale_ratio": null,
            "price_fair": 75.86,
            "eps_avg_yearly": 2.17,
            "eps_latest_yearly": 1,
            "eps_growth_yearly": 253.74
        },
        "20201": {
            "year_quarter": 20201,
            "year": 2020,
            "quarter": 1,
            "eps": 0.33,
            "eps_growth_year": 32,
            "eps_4q": 1.11,
            "eps_4q_growth_year": -24.86,
            "roe": 1.42,
            "roe_4q": 4.77,
            "gross_profit": 72173,
            "gross_margin": 14.75,
            "gross_margin_4q_avg": 11.39,
            "net_income": 38483,
            "net_income_4q": null,
            "revenue": 489252,
            "revenue_4q": null,
            "common_shares": 1194400,
            "book_valuer_per_share": 23.73,
            "book_valuer_per_share_4q_avg": 23.3,
            "equity": 2736172,
            "current_ratio": 195.85,
            "debt_ratio": 39.39,
            "inventory_turnover_ratio": 0.17,
            "account_receivable_turnover_ratio": 1.99,
            "reinvestment_rate": 5.28,
            "research_to_sale_ratio": null,
            "price_fair": 78.31,
            "eps_avg_yearly": 2.24,
            "eps_latest_yearly": 1.32,
            "eps_growth_yearly": 278.41
        },
        "20202": {
            "year_quarter": 20202,
            "year": 2020,
            "quarter": 2,
            "eps": -0.09,
            "eps_growth_year": -137.5,
            "eps_4q": 0.79,
            "eps_4q_growth_year": -37.03,
            "roe": -0.36,
            "roe_4q": 3.39,
            "gross_profit": 19248,
            "gross_margin": 4.13,
            "gross_margin_4q_avg": 10.31,
            "net_income": -9870,
            "net_income_4q": null,
            "revenue": 466216,
            "revenue_4q": null,
            "common_shares": 1194400,
            "book_valuer_per_share": 23.67,
            "book_valuer_per_share_4q_avg": 23.5,
            "equity": 2730179,
            "current_ratio": 191.07,
            "debt_ratio": 40.04,
            "inventory_turnover_ratio": 0.18,
            "account_receivable_turnover_ratio": 1.9,
            "reinvestment_rate": 8.33,
            "research_to_sale_ratio": null,
            "price_fair": 82.23,
            "eps_avg_yearly": 2.35,
            "eps_latest_yearly": 1.32,
            "eps_growth_yearly": 248.97
        },
        "20203": {
            "year_quarter": 20203,
            "year": 2020,
            "quarter": 3,
            "eps": -0.24,
            "eps_growth_year": -182.76,
            "eps_4q": 0.26,
            "eps_4q_growth_year": -78.18,
            "roe": -1.03,
            "roe_4q": 1.0899999999999999,
            "gross_profit": -57,
            "gross_margin": -0.01,
            "gross_margin_4q_avg": 8,
            "net_income": -27375,
            "net_income_4q": null,
            "revenue": 707068,
            "revenue_4q": null,
            "common_shares": 1194400,
            "book_valuer_per_share": 22.38,
            "book_valuer_per_share_4q_avg": 23.3,
            "equity": 2581495,
            "current_ratio": 190.06,
            "debt_ratio": 39.31,
            "inventory_turnover_ratio": 0.31,
            "account_receivable_turnover_ratio": 2.21,
            "reinvestment_rate": 11.59,
            "research_to_sale_ratio": null,
            "price_fair": 6.2,
            "eps_avg_yearly": 2.07,
            "eps_latest_yearly": 1.32,
            "eps_growth_yearly": -27.13
        },
        "20204": {
            "year_quarter": 20204,
            "year": 2020,
            "quarter": 4,
            "eps": -1.25,
            "eps_growth_year": -607.73,
            "eps_4q": -1.24,
            "eps_4q_growth_year": -220.93,
            "roe": -5.74,
            "roe_4q": -5.710000000000001,
            "gross_profit": -105082,
            "gross_margin": -13.63,
            "gross_margin_4q_avg": 1.31,
            "net_income": -144086,
            "net_income_4q": null,
            "revenue": 770971,
            "revenue_4q": null,
            "common_shares": 1194400,
            "book_valuer_per_share": 21.15,
            "book_valuer_per_share_4q_avg": 22.73,
            "equity": 2439229,
            "current_ratio": 207.14,
            "debt_ratio": 34.45,
            "inventory_turnover_ratio": 0.49,
            "account_receivable_turnover_ratio": 2.12,
            "reinvestment_rate": 23.96,
            "research_to_sale_ratio": null,
            "price_fair": 5.39,
            "eps_avg_yearly": 1.8,
            "eps_latest_yearly": 1.32,
            "eps_growth_yearly": -25.51
        },
        "20211": {
            "year_quarter": 20211,
            "year": 2021,
            "quarter": 1,
            "eps": 0.55,
            "eps_growth_year": 66.67,
            "eps_4q": -1.03,
            "eps_4q_growth_year": -192.56,
            "roe": 2.55,
            "roe_4q": -4.580000000000001,
            "gross_profit": 96077,
            "gross_margin": 12.9,
            "gross_margin_4q_avg": 0.85,
            "net_income": 62969,
            "net_income_4q": null,
            "revenue": 744934,
            "revenue_4q": null,
            "common_shares": 1194400,
            "book_valuer_per_share": 21.7,
            "book_valuer_per_share_4q_avg": 22.23,
            "equity": 2502708,
            "current_ratio": 240.04,
            "debt_ratio": 29.51,
            "inventory_turnover_ratio": 0.49,
            "account_receivable_turnover_ratio": 2.05,
            "reinvestment_rate": 29.55,
            "research_to_sale_ratio": null,
            "price_fair": 5.19,
            "eps_avg_yearly": 1.73,
            "eps_latest_yearly": 1.32,
            "eps_growth_yearly": -9.89
        },
        "20212": {
            "year_quarter": 20212,
            "year": 2021,
            "quarter": 2,
            "eps": 0.61,
            "eps_growth_year": null,
            "eps_4q": -0.33,
            "eps_4q_growth_year": -142.41,
            "roe": 2.76,
            "roe_4q": -1.4600000000000006,
            "gross_profit": 107580,
            "gross_margin": 19.45,
            "gross_margin_4q_avg": 4.68,
            "net_income": 70022,
            "net_income_4q": null,
            "revenue": 552973,
            "revenue_4q": null,
            "common_shares": 1194400,
            "book_valuer_per_share": 22.32,
            "book_valuer_per_share_4q_avg": 21.89,
            "equity": 2573797,
            "current_ratio": 258.49,
            "debt_ratio": 27.63,
            "inventory_turnover_ratio": 0.37,
            "account_receivable_turnover_ratio": 1.79,
            "reinvestment_rate": 28.76,
            "research_to_sale_ratio": null,
            "price_fair": 5.24,
            "eps_avg_yearly": 1.75,
            "eps_latest_yearly": 2.44,
            "eps_growth_yearly": -1.64
        },
        "20213": {
            "year_quarter": 20213,
            "year": 2021,
            "quarter": 3,
            "eps": 0.79,
            "eps_growth_year": null,
            "eps_4q": 0.69,
            "eps_4q_growth_year": 168.36,
            "roe": 3.48,
            "roe_4q": 3.049999999999999,
            "gross_profit": 123015,
            "gross_margin": 21.67,
            "gross_margin_4q_avg": 10.1,
            "net_income": 90582,
            "net_income_4q": null,
            "revenue": 567664,
            "revenue_4q": null,
            "common_shares": 1194400,
            "book_valuer_per_share": 22.78,
            "book_valuer_per_share_4q_avg": 21.99,
            "equity": 2627103,
            "current_ratio": 298.05,
            "debt_ratio": 24.13,
            "inventory_turnover_ratio": 0.35,
            "account_receivable_turnover_ratio": 2.09,
            "reinvestment_rate": 30.03,
            "research_to_sale_ratio": null,
            "price_fair": 5.28,
            "eps_avg_yearly": 1.76,
            "eps_latest_yearly": 3.16,
            "eps_growth_yearly": -3.11
        },
        "20214": {
            "year_quarter": 20214,
            "year": 2021,
            "quarter": 4,
            "eps": 0.59,
            "eps_growth_year": null,
            "eps_4q": 2.53,
            "eps_4q_growth_year": null,
            "roe": 2.56,
            "roe_4q": 11.350000000000001,
            "gross_profit": 119099,
            "gross_margin": 19.62,
            "gross_margin_4q_avg": 18.41,
            "net_income": 68200,
            "net_income_4q": null,
            "revenue": 606943,
            "revenue_4q": null,
            "common_shares": 1194400,
            "book_valuer_per_share": 23.38,
            "book_valuer_per_share_4q_avg": 22.55,
            "equity": 2696799,
            "current_ratio": 265.72,
            "debt_ratio": 27.16,
            "inventory_turnover_ratio": 0.36,
            "account_receivable_turnover_ratio": 1.89,
            "reinvestment_rate": 27.01,
            "research_to_sale_ratio": null,
            "price_fair": 5.32,
            "eps_avg_yearly": 1.77,
            "eps_latest_yearly": 2.36,
            "eps_growth_yearly": -2.66
        },
        "20221": {
            "year_quarter": 20221,
            "year": 2022,
            "quarter": 1,
            "eps": 0.4,
            "eps_growth_year": -27.27,
            "eps_4q": 2.38,
            "eps_4q_growth_year": null,
            "roe": 1.7,
            "roe_4q": 10.5,
            "gross_profit": 76831,
            "gross_margin": 16.16,
            "gross_margin_4q_avg": 19.23,
            "net_income": 46157,
            "net_income_4q": null,
            "revenue": 475569,
            "revenue_4q": null,
            "common_shares": 1194400,
            "book_valuer_per_share": 23.8,
            "book_valuer_per_share_4q_avg": 23.07,
            "equity": 2744656,
            "current_ratio": 290.49,
            "debt_ratio": 24.86,
            "inventory_turnover_ratio": 0.26,
            "account_receivable_turnover_ratio": 1.7,
            "reinvestment_rate": 26.82,
            "research_to_sale_ratio": null,
            "price_fair": 5.04,
            "eps_avg_yearly": 1.68,
            "eps_latest_yearly": 1.6,
            "eps_growth_yearly": -21.28
        },
        "20222": {
            "year_quarter": 20222,
            "year": 2022,
            "quarter": 2,
            "eps": 0.23,
            "eps_growth_year": -62.3,
            "eps_4q": 2.01,
            "eps_4q_growth_year": null,
            "roe": 1.01,
            "roe_4q": 8.75,
            "gross_profit": 54392,
            "gross_margin": 11.91,
            "gross_margin_4q_avg": 17.34,
            "net_income": 26606,
            "net_income_4q": null,
            "revenue": 456719,
            "revenue_4q": null,
            "common_shares": 1194400,
            "book_valuer_per_share": 22.05,
            "book_valuer_per_share_4q_avg": 23,
            "equity": 2543215,
            "current_ratio": 238.32,
            "debt_ratio": 29.39,
            "inventory_turnover_ratio": 0.24,
            "account_receivable_turnover_ratio": 2.31,
            "reinvestment_rate": 25.66,
            "research_to_sale_ratio": null,
            "price_fair": 4.75,
            "eps_avg_yearly": 1.58,
            "eps_latest_yearly": 0.92,
            "eps_growth_yearly": -27.6
        },
        "20223": {
            "year_quarter": 20223,
            "year": 2022,
            "quarter": 3,
            "eps": 0.17,
            "eps_growth_year": -78.48,
            "eps_4q": 1.39,
            "eps_4q_growth_year": 101.97,
            "roe": 0.77,
            "roe_4q": 6.04,
            "gross_profit": 44947,
            "gross_margin": 8.3,
            "gross_margin_4q_avg": 14,
            "net_income": 19574,
            "net_income_4q": null,
            "revenue": 541782,
            "revenue_4q": null,
            "common_shares": 1194400,
            "book_valuer_per_share": 22.29,
            "book_valuer_per_share_4q_avg": 22.88,
            "equity": 2570326,
            "current_ratio": 238.12,
            "debt_ratio": 29.49,
            "inventory_turnover_ratio": 0.3,
            "account_receivable_turnover_ratio": 2.37,
            "reinvestment_rate": 27.36,
            "research_to_sale_ratio": null,
            "price_fair": 4.55,
            "eps_avg_yearly": 1.52,
            "eps_latest_yearly": 0.68,
            "eps_growth_yearly": -26.68
        },
        "20224": {
            "year_quarter": 20224,
            "year": 2022,
            "quarter": 4,
            "eps": 0.34,
            "eps_growth_year": -41.76,
            "eps_4q": 1.14,
            "eps_4q_growth_year": -54.75,
            "roe": 1.53,
            "roe_4q": 5.01,
            "gross_profit": 96403,
            "gross_margin": 12.29,
            "gross_margin_4q_avg": 12.17,
            "net_income": 39718,
            "net_income_4q": null,
            "revenue": 784679,
            "revenue_4q": null,
            "common_shares": 1194400,
            "book_valuer_per_share": 22.66,
            "book_valuer_per_share_4q_avg": 22.7,
            "equity": 2613224,
            "current_ratio": 241.59,
            "debt_ratio": 28.83,
            "inventory_turnover_ratio": 0.43,
            "account_receivable_turnover_ratio": 2.65,
            "reinvestment_rate": 15.18,
            "research_to_sale_ratio": null,
            "price_fair": 20.88,
            "eps_avg_yearly": 1.5,
            "eps_latest_yearly": 1.36,
            "eps_growth_yearly": 3.95
        },
        "20231": {
            "year_quarter": 20231,
            "year": 2023,
            "quarter": 1,
            "eps": 0.95,
            "eps_growth_year": 137.5,
            "eps_4q": 1.7,
            "eps_4q_growth_year": -28.88,
            "roe": 4.11,
            "roe_4q": 7.42,
            "gross_profit": 186781,
            "gross_margin": 18.53,
            "gross_margin_4q_avg": 12.76,
            "net_income": 109687,
            "net_income_4q": null,
            "revenue": 1008163,
            "revenue_4q": null,
            "common_shares": 1194400,
            "book_valuer_per_share": 23.64,
            "book_valuer_per_share_4q_avg": 22.66,
            "equity": 2726829,
            "current_ratio": 358.02,
            "debt_ratio": 22.47,
            "inventory_turnover_ratio": 0.66,
            "account_receivable_turnover_ratio": 3.5,
            "reinvestment_rate": -0.86,
            "research_to_sale_ratio": null,
            "price_fair": 60.55,
            "eps_avg_yearly": 1.73,
            "eps_latest_yearly": 3.8,
            "eps_growth_yearly": 76.25
        },
        "20232": {
            "year_quarter": 20232,
            "year": 2023,
            "quarter": 2,
            "eps": 0.73,
            "eps_growth_year": 217.39,
            "eps_4q": 2.19,
            "eps_4q_growth_year": 9.28,
            "roe": 3.08,
            "roe_4q": 9.49,
            "gross_profit": 142768,
            "gross_margin": 20.13,
            "gross_margin_4q_avg": 14.81,
            "net_income": 84061,
            "net_income_4q": null,
            "revenue": 709185,
            "revenue_4q": null,
            "common_shares": 1194400,
            "book_valuer_per_share": 23.71,
            "book_valuer_per_share_4q_avg": 23.08,
            "equity": 2734892,
            "current_ratio": 340.26,
            "debt_ratio": 22.87,
            "inventory_turnover_ratio": 0.57,
            "account_receivable_turnover_ratio": 2.87,
            "reinvestment_rate": 8.49,
            "research_to_sale_ratio": null,
            "price_fair": 66.27,
            "eps_avg_yearly": 1.89,
            "eps_latest_yearly": 2.92,
            "eps_growth_yearly": 69.87
        },
        "20233": {
            "year_quarter": 20233,
            "year": 2023,
            "quarter": 3,
            "eps": 0.41,
            "eps_growth_year": 141.18,
            "eps_4q": 2.43,
            "eps_4q_growth_year": 74.71,
            "roe": 1.7,
            "roe_4q": 10.42,
            "gross_profit": 81725,
            "gross_margin": 14.79,
            "gross_margin_4q_avg": 16.44,
            "net_income": 46968,
            "net_income_4q": null,
            "revenue": 552529,
            "revenue_4q": null,
            "common_shares": 1194400,
            "book_valuer_per_share": 24.15,
            "book_valuer_per_share_4q_avg": 23.54,
            "equity": 2785170,
            "current_ratio": 357.2,
            "debt_ratio": 21.65,
            "inventory_turnover_ratio": 0.48,
            "account_receivable_turnover_ratio": 1.97,
            "reinvestment_rate": 16.95,
            "research_to_sale_ratio": null,
            "price_fair": 67.67,
            "eps_avg_yearly": 1.93,
            "eps_latest_yearly": 1.64,
            "eps_growth_yearly": 48.31
        }
    },
    "months": {
        "2001-06": {
            "month": "2001-06",
            "price": "5.37",
            "revenue": 98721
        },
        "2001-07": {
            "month": "2001-07",
            "price": "5.08",
            "revenue": 87237
        },
        "2001-08": {
            "month": "2001-08",
            "price": "9.10",
            "revenue": 102405
        },
        "2001-09": {
            "month": "2001-09",
            "price": "10.66",
            "revenue": 111881
        },
        "2001-10": {
            "month": "2001-10",
            "price": "7.53",
            "revenue": 96604
        },
        "2001-11": {
            "month": "2001-11",
            "price": "6.18",
            "revenue": 88563
        },
        "2001-12": {
            "month": "2001-12",
            "price": "8.44",
            "revenue": 104823
        },
        "2002-01": {
            "month": "2002-01",
            "price": "7.60",
            "revenue": 142164
        },
        "2002-02": {
            "month": "2002-02",
            "price": "7.67",
            "revenue": 110720
        },
        "2002-03": {
            "month": "2002-03",
            "price": "9.33",
            "revenue": 141758
        },
        "2002-04": {
            "month": "2002-04",
            "price": "9.02",
            "revenue": 121875
        },
        "2002-05": {
            "month": "2002-05",
            "price": "9.23",
            "revenue": 110715
        },
        "2002-06": {
            "month": "2002-06",
            "price": "8.70",
            "revenue": 132847
        },
        "2002-07": {
            "month": "2002-07",
            "price": "7.12",
            "revenue": 132398
        },
        "2002-08": {
            "month": "2002-08",
            "price": "6.85",
            "revenue": 129682
        },
        "2002-09": {
            "month": "2002-09",
            "price": "7.66",
            "revenue": 139980
        },
        "2002-10": {
            "month": "2002-10",
            "price": "6.29",
            "revenue": 120955
        },
        "2002-11": {
            "month": "2002-11",
            "price": "5.91",
            "revenue": 112142
        },
        "2002-12": {
            "month": "2002-12",
            "price": "6.09",
            "revenue": 129052
        },
        "2003-01": {
            "month": "2003-01",
            "price": "7.15",
            "revenue": 132044
        },
        "2003-02": {
            "month": "2003-02",
            "price": "6.86",
            "revenue": 117038
        },
        "2003-03": {
            "month": "2003-03",
            "price": "6.12",
            "revenue": 149030
        },
        "2003-04": {
            "month": "2003-04",
            "price": "6.39",
            "revenue": 123287
        },
        "2003-05": {
            "month": "2003-05",
            "price": "6.26",
            "revenue": 82805
        },
        "2003-06": {
            "month": "2003-06",
            "price": "6.51",
            "revenue": 111218
        },
        "2003-07": {
            "month": "2003-07",
            "price": "6.30",
            "revenue": 145137
        },
        "2003-08": {
            "month": "2003-08",
            "price": "6.20",
            "revenue": 153100
        },
        "2003-09": {
            "month": "2003-09",
            "price": "6.46",
            "revenue": 139868
        },
        "2003-10": {
            "month": "2003-10",
            "price": "7.10",
            "revenue": 134625
        },
        "2003-11": {
            "month": "2003-11",
            "price": "7.00",
            "revenue": 143715
        },
        "2003-12": {
            "month": "2003-12",
            "price": "7.95",
            "revenue": 155371
        },
        "2004-01": {
            "month": "2004-01",
            "price": "8.05",
            "revenue": 140725
        },
        "2004-02": {
            "month": "2004-02",
            "price": "9.80",
            "revenue": 91590
        },
        "2004-03": {
            "month": "2004-03",
            "price": "10.72",
            "revenue": 79863
        },
        "2004-04": {
            "month": "2004-04",
            "price": "10.78",
            "revenue": 88124
        },
        "2004-05": {
            "month": "2004-05",
            "price": "10.69",
            "revenue": 113707
        },
        "2004-06": {
            "month": "2004-06",
            "price": "10.89",
            "revenue": 122669
        },
        "2004-07": {
            "month": "2004-07",
            "price": "10.64",
            "revenue": 134388
        },
        "2004-08": {
            "month": "2004-08",
            "price": "10.84",
            "revenue": 127083
        },
        "2004-09": {
            "month": "2004-09",
            "price": "10.90",
            "revenue": 105582
        },
        "2004-10": {
            "month": "2004-10",
            "price": "10.70",
            "revenue": 108058
        },
        "2004-11": {
            "month": "2004-11",
            "price": "10.55",
            "revenue": 108880
        },
        "2004-12": {
            "month": "2004-12",
            "price": "11.64",
            "revenue": 102022
        },
        "2005-01": {
            "month": "2005-01",
            "price": "13.32",
            "revenue": 110454
        },
        "2005-02": {
            "month": "2005-02",
            "price": "12.58",
            "revenue": 76828
        },
        "2005-03": {
            "month": "2005-03",
            "price": "11.72",
            "revenue": 82299
        },
        "2005-04": {
            "month": "2005-04",
            "price": "11.36",
            "revenue": 96036
        },
        "2005-05": {
            "month": "2005-05",
            "price": "11.07",
            "revenue": 112964
        },
        "2005-06": {
            "month": "2005-06",
            "price": "11.22",
            "revenue": 123907
        },
        "2005-07": {
            "month": "2005-07",
            "price": "11.57",
            "revenue": 135558
        },
        "2005-08": {
            "month": "2005-08",
            "price": "12.33",
            "revenue": 120409
        },
        "2005-09": {
            "month": "2005-09",
            "price": "12.16",
            "revenue": 105503
        },
        "2005-10": {
            "month": "2005-10",
            "price": "12.30",
            "revenue": 113038
        },
        "2005-11": {
            "month": "2005-11",
            "price": "13.37",
            "revenue": 108069
        },
        "2005-12": {
            "month": "2005-12",
            "price": "13.18",
            "revenue": 232554
        },
        "2006-01": {
            "month": "2006-01",
            "price": "13.42",
            "revenue": 171708
        },
        "2006-02": {
            "month": "2006-02",
            "price": "13.44",
            "revenue": 139497
        },
        "2006-03": {
            "month": "2006-03",
            "price": "13.38",
            "revenue": 147987
        },
        "2006-04": {
            "month": "2006-04",
            "price": "13.60",
            "revenue": 121253
        },
        "2006-05": {
            "month": "2006-05",
            "price": "13.28",
            "revenue": 111569
        },
        "2006-06": {
            "month": "2006-06",
            "price": "13.73",
            "revenue": 103396
        },
        "2006-07": {
            "month": "2006-07",
            "price": "15.03",
            "revenue": 120281
        },
        "2006-08": {
            "month": "2006-08",
            "price": "14.23",
            "revenue": 122308
        },
        "2006-09": {
            "month": "2006-09",
            "price": "13.99",
            "revenue": 127106
        },
        "2006-10": {
            "month": "2006-10",
            "price": "14.30",
            "revenue": 123970
        },
        "2006-11": {
            "month": "2006-11",
            "price": "15.32",
            "revenue": 185392
        },
        "2006-12": {
            "month": "2006-12",
            "price": "14.34",
            "revenue": 244618
        },
        "2007-01": {
            "month": "2007-01",
            "price": "14.04",
            "revenue": 139388
        },
        "2007-02": {
            "month": "2007-02",
            "price": "13.81",
            "revenue": 114506
        },
        "2007-03": {
            "month": "2007-03",
            "price": "14.13",
            "revenue": 209832
        },
        "2007-04": {
            "month": "2007-04",
            "price": "14.73",
            "revenue": 123386
        },
        "2007-05": {
            "month": "2007-05",
            "price": "14.62",
            "revenue": 146976
        },
        "2007-06": {
            "month": "2007-06",
            "price": "14.91",
            "revenue": 250726
        },
        "2007-07": {
            "month": "2007-07",
            "price": "20.80",
            "revenue": 99368
        },
        "2007-08": {
            "month": "2007-08",
            "price": "22.66",
            "revenue": 107197
        },
        "2007-09": {
            "month": "2007-09",
            "price": "20.03",
            "revenue": 354389
        },
        "2007-10": {
            "month": "2007-10",
            "price": "17.65",
            "revenue": 218597
        },
        "2007-11": {
            "month": "2007-11",
            "price": "16.72",
            "revenue": 165556
        },
        "2007-12": {
            "month": "2007-12",
            "price": "15.98",
            "revenue": 154018
        },
        "2008-01": {
            "month": "2008-01",
            "price": "15.76",
            "revenue": 134838
        },
        "2008-02": {
            "month": "2008-02",
            "price": "16.25",
            "revenue": 86870
        },
        "2008-03": {
            "month": "2008-03",
            "price": "16.39",
            "revenue": 111536
        },
        "2008-04": {
            "month": "2008-04",
            "price": "16.32",
            "revenue": 120249
        },
        "2008-05": {
            "month": "2008-05",
            "price": "16.61",
            "revenue": 121506
        },
        "2008-06": {
            "month": "2008-06",
            "price": "15.33",
            "revenue": 102450
        },
        "2008-07": {
            "month": "2008-07",
            "price": "14.50",
            "revenue": 93410
        },
        "2008-08": {
            "month": "2008-08",
            "price": "13.55",
            "revenue": 114836
        },
        "2008-09": {
            "month": "2008-09",
            "price": "12.39",
            "revenue": 107107
        },
        "2008-10": {
            "month": "2008-10",
            "price": "11.14",
            "revenue": 91603
        },
        "2008-11": {
            "month": "2008-11",
            "price": "12.14",
            "revenue": 180299
        },
        "2008-12": {
            "month": "2008-12",
            "price": "11.44",
            "revenue": 212822
        },
        "2009-01": {
            "month": "2009-01",
            "price": "10.83",
            "revenue": 182893
        },
        "2009-02": {
            "month": "2009-02",
            "price": "10.62",
            "revenue": 190927
        },
        "2009-03": {
            "month": "2009-03",
            "price": "10.77",
            "revenue": 163764
        },
        "2009-04": {
            "month": "2009-04",
            "price": "11.28",
            "revenue": 174692
        },
        "2009-05": {
            "month": "2009-05",
            "price": "12.43",
            "revenue": 218573
        },
        "2009-06": {
            "month": "2009-06",
            "price": "14.25",
            "revenue": 285047
        },
        "2009-07": {
            "month": "2009-07",
            "price": "14.72",
            "revenue": 223403
        },
        "2009-08": {
            "month": "2009-08",
            "price": "15.38",
            "revenue": 169318
        },
        "2009-09": {
            "month": "2009-09",
            "price": "14.88",
            "revenue": 220617
        },
        "2009-10": {
            "month": "2009-10",
            "price": "15.04",
            "revenue": 175500
        },
        "2009-11": {
            "month": "2009-11",
            "price": "14.88",
            "revenue": 131567
        },
        "2009-12": {
            "month": "2009-12",
            "price": "15.11",
            "revenue": 142537
        },
        "2010-01": {
            "month": "2010-01",
            "price": "14.91",
            "revenue": 115998
        },
        "2010-02": {
            "month": "2010-02",
            "price": "14.87",
            "revenue": 95618
        },
        "2010-03": {
            "month": "2010-03",
            "price": "15.13",
            "revenue": 131231
        },
        "2010-04": {
            "month": "2010-04",
            "price": "16.02",
            "revenue": 134136
        },
        "2010-05": {
            "month": "2010-05",
            "price": "15.14",
            "revenue": 145068
        },
        "2010-06": {
            "month": "2010-06",
            "price": "13.09",
            "revenue": 109586
        },
        "2010-07": {
            "month": "2010-07",
            "price": "12.32",
            "revenue": 98511
        },
        "2010-08": {
            "month": "2010-08",
            "price": "13.19",
            "revenue": 96696
        },
        "2010-09": {
            "month": "2010-09",
            "price": "12.52",
            "revenue": 233540
        },
        "2010-10": {
            "month": "2010-10",
            "price": "13.18",
            "revenue": 184505
        },
        "2010-11": {
            "month": "2010-11",
            "price": "13.34",
            "revenue": 146771
        },
        "2010-12": {
            "month": "2010-12",
            "price": "13.57",
            "revenue": 220839
        },
        "2011-01": {
            "month": "2011-01",
            "price": "13.90",
            "revenue": 138471
        },
        "2011-02": {
            "month": "2011-02",
            "price": "14.07",
            "revenue": 250810
        },
        "2011-03": {
            "month": "2011-03",
            "price": "13.88",
            "revenue": 149016
        },
        "2011-04": {
            "month": "2011-04",
            "price": "13.99",
            "revenue": 97250
        },
        "2011-05": {
            "month": "2011-05",
            "price": "14.40",
            "revenue": 133818
        },
        "2011-06": {
            "month": "2011-06",
            "price": "14.76",
            "revenue": 110755
        },
        "2011-07": {
            "month": "2011-07",
            "price": "15.16",
            "revenue": 116601
        },
        "2011-08": {
            "month": "2011-08",
            "price": "14.95",
            "revenue": 122618
        },
        "2011-09": {
            "month": "2011-09",
            "price": "16.49",
            "revenue": 137775
        },
        "2011-10": {
            "month": "2011-10",
            "price": "18.74",
            "revenue": 104428
        },
        "2011-11": {
            "month": "2011-11",
            "price": "17.98",
            "revenue": 110653
        },
        "2011-12": {
            "month": "2011-12",
            "price": "16.57",
            "revenue": 200430
        },
        "2012-01": {
            "month": "2012-01",
            "price": "15.48",
            "revenue": 120601
        },
        "2012-02": {
            "month": "2012-02",
            "price": "16.76",
            "revenue": 123542
        },
        "2012-03": {
            "month": "2012-03",
            "price": "17.23",
            "revenue": 113424
        },
        "2012-04": {
            "month": "2012-04",
            "price": "15.98",
            "revenue": 102179
        },
        "2012-05": {
            "month": "2012-05",
            "price": "15.62",
            "revenue": 130893
        },
        "2012-06": {
            "month": "2012-06",
            "price": "16.50",
            "revenue": 223066
        },
        "2012-07": {
            "month": "2012-07",
            "price": "16.95",
            "revenue": 282815
        },
        "2012-08": {
            "month": "2012-08",
            "price": "17.82",
            "revenue": 411175
        },
        "2012-09": {
            "month": "2012-09",
            "price": "20.12",
            "revenue": 431597
        },
        "2012-10": {
            "month": "2012-10",
            "price": "22.34",
            "revenue": 337592
        },
        "2012-11": {
            "month": "2012-11",
            "price": "21.58",
            "revenue": 190141
        },
        "2012-12": {
            "month": "2012-12",
            "price": "19.45",
            "revenue": 129661
        },
        "2013-01": {
            "month": "2013-01",
            "price": "18.50",
            "revenue": 181361
        },
        "2013-02": {
            "month": "2013-02",
            "price": "19.02",
            "revenue": 139521
        },
        "2013-03": {
            "month": "2013-03",
            "price": "20.72",
            "revenue": 143938
        },
        "2013-04": {
            "month": "2013-04",
            "price": "22.22",
            "revenue": 181132
        },
        "2013-05": {
            "month": "2013-05",
            "price": "27.20",
            "revenue": 143413
        },
        "2013-06": {
            "month": "2013-06",
            "price": "29.71",
            "revenue": 1023159
        },
        "2013-07": {
            "month": "2013-07",
            "price": "30.73",
            "revenue": 187853
        },
        "2013-08": {
            "month": "2013-08",
            "price": "34.54",
            "revenue": 177162
        },
        "2013-09": {
            "month": "2013-09",
            "price": "31.86",
            "revenue": 163492
        },
        "2013-10": {
            "month": "2013-10",
            "price": "31.23",
            "revenue": 173940
        },
        "2013-11": {
            "month": "2013-11",
            "price": "31.64",
            "revenue": 209247
        },
        "2013-12": {
            "month": "2013-12",
            "price": "30.32",
            "revenue": 187435
        },
        "2014-01": {
            "month": "2014-01",
            "price": "29.67",
            "revenue": 444817
        },
        "2014-02": {
            "month": "2014-02",
            "price": "32.93",
            "revenue": 488888
        },
        "2014-03": {
            "month": "2014-03",
            "price": "35.49",
            "revenue": 326406
        },
        "2014-04": {
            "month": "2014-04",
            "price": "30.79",
            "revenue": 205458
        },
        "2014-05": {
            "month": "2014-05",
            "price": "27.99",
            "revenue": 137426
        },
        "2014-06": {
            "month": "2014-06",
            "price": "26.45",
            "revenue": 146135
        },
        "2014-07": {
            "month": "2014-07",
            "price": "24.83",
            "revenue": 166976
        },
        "2014-08": {
            "month": "2014-08",
            "price": "23.68",
            "revenue": 229150
        },
        "2014-09": {
            "month": "2014-09",
            "price": "23.42",
            "revenue": 502713
        },
        "2014-10": {
            "month": "2014-10",
            "price": "22.37",
            "revenue": 481188
        },
        "2014-11": {
            "month": "2014-11",
            "price": "21.74",
            "revenue": 699032
        },
        "2014-12": {
            "month": "2014-12",
            "price": "22.74",
            "revenue": 438926
        },
        "2015-01": {
            "month": "2015-01",
            "price": "22.95",
            "revenue": 209896
        },
        "2015-02": {
            "month": "2015-02",
            "price": "22.22",
            "revenue": 166364
        },
        "2015-03": {
            "month": "2015-03",
            "price": "21.83",
            "revenue": 165798
        },
        "2015-04": {
            "month": "2015-04",
            "price": "20.12",
            "revenue": 172716
        },
        "2015-05": {
            "month": "2015-05",
            "price": "18.08",
            "revenue": 132434
        },
        "2015-06": {
            "month": "2015-06",
            "price": "16.50",
            "revenue": 142199
        },
        "2015-07": {
            "month": "2015-07",
            "price": "15.63",
            "revenue": 170725
        },
        "2015-08": {
            "month": "2015-08",
            "price": "13.66",
            "revenue": 174761
        },
        "2015-09": {
            "month": "2015-09",
            "price": "14.36",
            "revenue": 196051
        },
        "2015-10": {
            "month": "2015-10",
            "price": "15.13",
            "revenue": 144081
        },
        "2015-11": {
            "month": "2015-11",
            "price": "14.83",
            "revenue": 123742
        },
        "2015-12": {
            "month": "2015-12",
            "price": "13.77",
            "revenue": 149632
        },
        "2016-01": {
            "month": "2016-01",
            "price": "13.77",
            "revenue": 149393
        },
        "2016-02": {
            "month": "2016-02",
            "price": "13.14",
            "revenue": 108168
        },
        "2016-03": {
            "month": "2016-03",
            "price": "13.23",
            "revenue": 156358
        },
        "2016-04": {
            "month": "2016-04",
            "price": "13.40",
            "revenue": 126904
        },
        "2016-05": {
            "month": "2016-05",
            "price": "12.97",
            "revenue": 171342
        },
        "2016-06": {
            "month": "2016-06",
            "price": "12.73",
            "revenue": 134321
        },
        "2016-07": {
            "month": "2016-07",
            "price": "12.90",
            "revenue": 128246
        },
        "2016-08": {
            "month": "2016-08",
            "price": "12.99",
            "revenue": 147770
        },
        "2016-09": {
            "month": "2016-09",
            "price": "13.53",
            "revenue": 822538
        },
        "2016-10": {
            "month": "2016-10",
            "price": "13.68",
            "revenue": 371501
        },
        "2016-11": {
            "month": "2016-11",
            "price": "14.03",
            "revenue": 346281
        },
        "2016-12": {
            "month": "2016-12",
            "price": "15.55",
            "revenue": 182508
        },
        "2017-01": {
            "month": "2017-01",
            "price": "15.61",
            "revenue": 144944
        },
        "2017-02": {
            "month": "2017-02",
            "price": "15.53",
            "revenue": 213739
        },
        "2017-03": {
            "month": "2017-03",
            "price": "16.12",
            "revenue": 259513
        },
        "2017-04": {
            "month": "2017-04",
            "price": "15.92",
            "revenue": 160344
        },
        "2017-05": {
            "month": "2017-05",
            "price": "16.38",
            "revenue": 218049
        },
        "2017-06": {
            "month": "2017-06",
            "price": "17.93",
            "revenue": 263343
        },
        "2017-07": {
            "month": "2017-07",
            "price": "17.52",
            "revenue": 211402
        },
        "2017-08": {
            "month": "2017-08",
            "price": "17.00",
            "revenue": 233961
        },
        "2017-09": {
            "month": "2017-09",
            "price": "17.43",
            "revenue": 274716
        },
        "2017-10": {
            "month": "2017-10",
            "price": "16.81",
            "revenue": 228198
        },
        "2017-11": {
            "month": "2017-11",
            "price": "17.03",
            "revenue": 223863
        },
        "2017-12": {
            "month": "2017-12",
            "price": "16.68",
            "revenue": 197763
        },
        "2018-01": {
            "month": "2018-01",
            "price": "17.03",
            "revenue": 270902
        },
        "2018-02": {
            "month": "2018-02",
            "price": "16.69",
            "revenue": 254469
        },
        "2018-03": {
            "month": "2018-03",
            "price": "17.42",
            "revenue": 246567
        },
        "2018-04": {
            "month": "2018-04",
            "price": "17.28",
            "revenue": 238174
        },
        "2018-05": {
            "month": "2018-05",
            "price": "17.82",
            "revenue": 217521
        },
        "2018-06": {
            "month": "2018-06",
            "price": "17.98",
            "revenue": 209827
        },
        "2018-07": {
            "month": "2018-07",
            "price": "16.97",
            "revenue": 208326
        },
        "2018-08": {
            "month": "2018-08",
            "price": "16.95",
            "revenue": 204837
        },
        "2018-09": {
            "month": "2018-09",
            "price": "16.95",
            "revenue": 185266
        },
        "2018-10": {
            "month": "2018-10",
            "price": "15.81",
            "revenue": 237376
        },
        "2018-11": {
            "month": "2018-11",
            "price": "15.75",
            "revenue": 243402
        },
        "2018-12": {
            "month": "2018-12",
            "price": "15.98",
            "revenue": 195537
        },
        "2019-01": {
            "month": "2019-01",
            "price": "16.54",
            "revenue": 248289
        },
        "2019-02": {
            "month": "2019-02",
            "price": "16.61",
            "revenue": 168850
        },
        "2019-03": {
            "month": "2019-03",
            "price": "16.61",
            "revenue": 214980
        },
        "2019-04": {
            "month": "2019-04",
            "price": "16.68",
            "revenue": 230504
        },
        "2019-05": {
            "month": "2019-05",
            "price": "16.44",
            "revenue": 281379
        },
        "2019-06": {
            "month": "2019-06",
            "price": "16.78",
            "revenue": 242717
        },
        "2019-07": {
            "month": "2019-07",
            "price": "16.45",
            "revenue": 235479
        },
        "2019-08": {
            "month": "2019-08",
            "price": "16.04",
            "revenue": 248310
        },
        "2019-09": {
            "month": "2019-09",
            "price": "16.10",
            "revenue": 262862
        },
        "2019-10": {
            "month": "2019-10",
            "price": "16.21",
            "revenue": 176976
        },
        "2019-11": {
            "month": "2019-11",
            "price": "16.08",
            "revenue": 143249
        },
        "2019-12": {
            "month": "2019-12",
            "price": "15.85",
            "revenue": 217235
        },
        "2020-01": {
            "month": "2020-01",
            "price": "15.84",
            "revenue": 185230
        },
        "2020-02": {
            "month": "2020-02",
            "price": "15.83",
            "revenue": 149641
        },
        "2020-03": {
            "month": "2020-03",
            "price": "14.20",
            "revenue": 154381
        },
        "2020-04": {
            "month": "2020-04",
            "price": "14.30",
            "revenue": 104346
        },
        "2020-05": {
            "month": "2020-05",
            "price": "14.80",
            "revenue": 181500
        },
        "2020-06": {
            "month": "2020-06",
            "price": "15.48",
            "revenue": 180370
        },
        "2020-07": {
            "month": "2020-07",
            "price": "15.43",
            "revenue": 218093
        },
        "2020-08": {
            "month": "2020-08",
            "price": "16.19",
            "revenue": 218703
        },
        "2020-09": {
            "month": "2020-09",
            "price": "17.92",
            "revenue": 270272
        },
        "2020-10": {
            "month": "2020-10",
            "price": "16.02",
            "revenue": 268156
        },
        "2020-11": {
            "month": "2020-11",
            "price": "15.03",
            "revenue": 248877
        },
        "2020-12": {
            "month": "2020-12",
            "price": "14.98",
            "revenue": 253939
        },
        "2021-01": {
            "month": "2021-01",
            "price": "14.74",
            "revenue": 261207
        },
        "2021-02": {
            "month": "2021-02",
            "price": "14.59",
            "revenue": 202072
        },
        "2021-03": {
            "month": "2021-03",
            "price": "14.99",
            "revenue": 281655
        },
        "2021-04": {
            "month": "2021-04",
            "price": "15.97",
            "revenue": 194349
        },
        "2021-05": {
            "month": "2021-05",
            "price": "16.85",
            "revenue": 205474
        },
        "2021-06": {
            "month": "2021-06",
            "price": "28.37",
            "revenue": 153150
        },
        "2021-07": {
            "month": "2021-07",
            "price": "24.15",
            "revenue": 176663
        },
        "2021-08": {
            "month": "2021-08",
            "price": "22.92",
            "revenue": 188547
        },
        "2021-09": {
            "month": "2021-09",
            "price": "21.57",
            "revenue": 202455
        },
        "2021-10": {
            "month": "2021-10",
            "price": "19.60",
            "revenue": 173868
        },
        "2021-11": {
            "month": "2021-11",
            "price": "20.98",
            "revenue": 220243
        },
        "2021-12": {
            "month": "2021-12",
            "price": "21.39",
            "revenue": 212831
        },
        "2022-01": {
            "month": "2022-01",
            "price": "22.73",
            "revenue": 190193
        },
        "2022-02": {
            "month": "2022-02",
            "price": "24.01",
            "revenue": 120336
        },
        "2022-03": {
            "month": "2022-03",
            "price": "23.63",
            "revenue": 165040
        },
        "2022-04": {
            "month": "2022-04",
            "price": "26.09",
            "revenue": 173705
        },
        "2022-05": {
            "month": "2022-05",
            "price": "23.71",
            "revenue": 159616
        },
        "2022-06": {
            "month": "2022-06",
            "price": "22.87",
            "revenue": 123398
        },
        "2022-07": {
            "month": "2022-07",
            "price": "20.68",
            "revenue": 145457
        },
        "2022-08": {
            "month": "2022-08",
            "price": "20.28",
            "revenue": 193877
        },
        "2022-09": {
            "month": "2022-09",
            "price": "20.79",
            "revenue": 202448
        },
        "2022-10": {
            "month": "2022-10",
            "price": "20.50",
            "revenue": 183885
        },
        "2022-11": {
            "month": "2022-11",
            "price": "21.29",
            "revenue": 185981
        },
        "2022-12": {
            "month": "2022-12",
            "price": "21.76",
            "revenue": 414813
        },
        "2023-01": {
            "month": "2023-01",
            "price": "22.57",
            "revenue": 237018
        },
        "2023-02": {
            "month": "2023-02",
            "price": "23.28",
            "revenue": 393138
        },
        "2023-03": {
            "month": "2023-03",
            "price": "24.83",
            "revenue": 378007
        },
        "2023-04": {
            "month": "2023-04",
            "price": "25.42",
            "revenue": 306170
        },
        "2023-05": {
            "month": "2023-05",
            "price": "27.74",
            "revenue": 256965
        },
        "2023-06": {
            "month": "2023-06",
            "price": "31.72",
            "revenue": 146050
        },
        "2023-07": {
            "month": "2023-07",
            "price": "29.07",
            "revenue": 146369
        },
        "2023-08": {
            "month": "2023-08",
            "price": "28.24",
            "revenue": 188477
        },
        "2023-09": {
            "month": "2023-09",
            "price": "28.74",
            "revenue": 217683
        },
        "2023-10": {
            "month": "2023-10",
            "price": "29.42",
            "revenue": 210100
        },
        "2023-11": {
            "month": "2023-11",
            "price": "30.05",
            "revenue": 170525
        }
    }
}
