{
    "summary": {
        "stock_name": "花王",
        "stock_id": "8906",
        "category": "其他",
        "main_business": "印刷",
        "website_url": "http://www.forward-net.com.tw",
        "ceo": "謝宗翰",
        "pe_ratio": -21,
        "report_year_from": 2001,
        "report_year_to": 2023,
        "age": 22,
        "eps_negative_percentage": 57,
        "eps_growth_avg": {
            "last_all": -30.53,
            "last_2y": -51.83,
            "last_4y": -13.87,
            "last_8y": -13.87,
            "last_12y": -31.1,
            "last_16y": -45.9,
            "last_20y": -30.53,
            "at_2006_last_3y": -12.45,
            "at_2007_last_3y": -62.45,
            "at_2008_last_3y": -69.4,
            "at_2009_last_3y": -82.89,
            "at_2010_last_3y": -100,
            "at_2011_last_3y": null,
            "at_2012_last_3y": null,
            "at_2013_last_3y": -100,
            "at_2014_last_3y": -100,
            "at_2015_last_3y": -100,
            "at_2016_last_3y": -100,
            "at_2017_last_3y": null,
            "at_2018_last_3y": null,
            "at_2019_last_3y": 100,
            "at_2020_last_3y": 9.76,
            "at_2021_last_3y": 14.84,
            "at_2022_last_3y": -13.87,
            "at_2023_last_3y": -13.87,
            "at_2006_last_all": -12.45,
            "at_2007_last_all": -29.96,
            "at_2008_last_all": -29.96,
            "at_2009_last_all": -29.96,
            "at_2010_last_all": -29.96,
            "at_2011_last_all": -29.96,
            "at_2012_last_all": -29.96,
            "at_2013_last_all": -41.63,
            "at_2014_last_all": -41.63,
            "at_2015_last_all": -41.63,
            "at_2016_last_all": -41.63,
            "at_2017_last_all": -41.63,
            "at_2018_last_all": -41.63,
            "at_2019_last_all": -21.4,
            "at_2020_last_all": -28.79,
            "at_2021_last_all": -22.81,
            "at_2022_last_all": -30.53,
            "at_2023_last_all": -30.53
        },
        "latest_eps": -0.81,
        "latest_price": 16.9,
        "latest_roe": -7.23,
        "latest_gross_margin": 4.69,
        "latest_equity": 344949,
        "latest_revenue": 46311,
        "latest_gross_profit": 2174,
        "latest_net_income": -11574,
        "latest_debt_ratio": 72.12,
        "latest_current_ratio": 110.93,
        "latest_account_receivable_turnover_ratio": 0.88,
        "latest_inventory_turnover_ratio": 2.08,
        "latest_reinvestment_rate": 27074.84,
        "latest_research_to_sale_ratio": null
    },
    "eps_dividends": {
        "1994": {
            "cash": 1,
            "stock": 0,
            "eps": 0
        },
        "1995": {
            "cash": 1,
            "stock": 0,
            "eps": 0
        },
        "1996": {
            "cash": 1,
            "stock": 0,
            "eps": 0
        },
        "1997": {
            "cash": 0,
            "stock": 1,
            "eps": 0
        },
        "1998": {
            "cash": 0,
            "stock": 2,
            "eps": 0
        },
        "1999": {
            "cash": 0,
            "stock": 1,
            "eps": 0
        },
        "2000": {
            "cash": 0,
            "stock": 1,
            "eps": 0
        },
        "2001": {
            "cash": 0,
            "stock": 0,
            "eps": -1.79
        },
        "2002": {
            "cash": 0,
            "stock": 0,
            "eps": 0.06
        },
        "2003": {
            "cash": 0,
            "stock": 0,
            "eps": 1.13
        },
        "2004": {
            "cash": 1,
            "stock": 0,
            "eps": 0.66
        },
        "2005": {
            "cash": 0,
            "stock": 0,
            "eps": 0.38
        },
        "2006": {
            "cash": 0,
            "stock": 0,
            "eps": 0.13
        },
        "2007": {
            "cash": 0,
            "stock": 0,
            "eps": -0.75
        },
        "2008": {
            "cash": 0,
            "stock": 0,
            "eps": -1.05
        },
        "2009": {
            "cash": 0,
            "stock": 0,
            "eps": -0.41
        },
        "2010": {
            "cash": 0,
            "stock": 0,
            "eps": -0.45
        },
        "2011": {
            "cash": 0,
            "stock": 0,
            "eps": -0.06
        },
        "2012": {
            "cash": 0,
            "stock": 0,
            "eps": 0.01
        },
        "2013": {
            "cash": 0,
            "stock": 0,
            "eps": -0.4
        },
        "2014": {
            "cash": 0,
            "stock": 0,
            "eps": -0.21
        },
        "2015": {
            "cash": 0,
            "stock": 0,
            "eps": -0.15
        },
        "2016": {
            "cash": 0,
            "stock": 0,
            "eps": -0.2
        },
        "2017": {
            "cash": 0,
            "stock": 0,
            "eps": -0.14
        },
        "2018": {
            "cash": 0,
            "stock": 0,
            "eps": 0.02
        },
        "2019": {
            "cash": 0,
            "stock": 0,
            "eps": 0.41
        },
        "2020": {
            "cash": 0,
            "stock": 0,
            "eps": 0.08
        },
        "2021": {
            "cash": 0,
            "stock": 0,
            "eps": 0.1
        },
        "2022": {
            "cash": 0,
            "stock": 0,
            "eps": -0.16
        },
        "2023": {
            "cash": 0,
            "stock": 0,
            "eps": -0.36
        }
    },
    "dividends": {
        "1994-04-09": {
            "cash": 1,
            "stock": 0
        },
        "1995-03-19": {
            "cash": 0.8,
            "stock": 0.2
        },
        "1996-05-21": {
            "cash": 0.8,
            "stock": 0
        },
        "1997-04-10": {
            "cash": 0,
            "stock": 1
        },
        "1998-05-11": {
            "cash": 0,
            "stock": 2
        },
        "1999-06-24": {
            "cash": 0,
            "stock": 1
        },
        "2000-06-13": {
            "cash": 0,
            "stock": 0.8
        },
        "2004-04-07": {
            "cash": 0.5,
            "stock": 0
        },
        "2005-04-06": {
            "cash": 0.45,
            "stock": 0
        },
        "2006-03-29": {
            "cash": 0.3,
            "stock": 0
        },
        "2007-04-04": {
            "cash": 0.1,
            "stock": 0
        },
        "2019-09-19": {
            "cash": 0.1,
            "stock": 0
        },
        "2020-09-16": {
            "cash": 0.2,
            "stock": 0
        },
        "2021-11-04": {
            "cash": 0.1,
            "stock": 0
        },
        "2022-10-31": {
            "cash": 0.1,
            "stock": 0
        }
    },
    "prices": {
        "200101": "6.04",
        "200102": "6.58",
        "200103": "6.28",
        "200104": "6.01",
        "200105": "5.75",
        "200106": "5.41",
        "200107": "4.52",
        "200108": "4.18",
        "200109": "3.93",
        "200110": "3.90",
        "200111": "3.74",
        "200112": "4.58",
        "200201": "5.11",
        "200202": "5.00",
        "200203": "4.74",
        "200204": "5.66",
        "200205": "6.55",
        "200206": "5.70",
        "200207": "5.21",
        "200208": "4.15",
        "200209": "4.60",
        "200210": "4.61",
        "200211": "4.76",
        "200212": "4.60",
        "200301": "4.76",
        "200302": "4.78",
        "200303": "4.63",
        "200304": "4.19",
        "200305": "5.25",
        "200306": "5.49",
        "200307": "5.13",
        "200308": "5.00",
        "200309": "4.86",
        "200310": "5.10",
        "200311": "5.94",
        "200312": "5.90",
        "200401": "6.32",
        "200402": "8.42",
        "200403": "8.10",
        "200404": "7.95",
        "200405": "7.50",
        "200406": "7.08",
        "200407": "6.51",
        "200408": "6.02",
        "200409": "6.47",
        "200410": "6.34",
        "200411": "6.31",
        "200412": "5.91",
        "200501": "6.08",
        "200502": "6.07",
        "200503": "5.98",
        "200504": "5.91",
        "200505": "5.88",
        "200506": "5.99",
        "200507": "5.69",
        "200508": "5.31",
        "200509": "4.99",
        "200510": "4.58",
        "200511": "4.52",
        "200512": "4.63",
        "200601": "4.79",
        "200602": "4.79",
        "200603": "4.90",
        "200604": "5.14",
        "200605": "5.87",
        "200606": "5.48",
        "200607": "5.47",
        "200608": "5.50",
        "200609": "5.28",
        "200610": "5.31",
        "200611": "5.38",
        "200612": "5.99",
        "200701": "6.69",
        "200702": "7.08",
        "200703": "6.93",
        "200704": "6.94",
        "200705": "6.93",
        "200706": "6.86",
        "200707": "8.09",
        "200708": "7.16",
        "200709": "6.95",
        "200710": "7.14",
        "200711": "6.47",
        "200712": "6.29",
        "200801": "6.28",
        "200802": "6.41",
        "200803": "6.47",
        "200804": "6.51",
        "200805": "6.85",
        "200806": "6.00",
        "200807": "5.42",
        "200808": "4.87",
        "200809": "4.34",
        "200810": "3.94",
        "200811": "3.75",
        "200812": "3.66",
        "200901": "3.73",
        "200902": "3.64",
        "200903": "4.62",
        "200904": "5.10",
        "200905": "4.18",
        "200906": "4.20",
        "200907": "4.29",
        "200908": "4.81",
        "200909": "5.41",
        "200910": "5.79",
        "200911": "6.34",
        "200912": "6.11",
        "201001": "6.45",
        "201002": "6.15",
        "201003": "6.73",
        "201004": "7.64",
        "201005": "7.03",
        "201006": "6.87",
        "201007": "6.93",
        "201008": "7.09",
        "201009": "6.67",
        "201010": "6.68",
        "201011": "6.82",
        "201012": "6.88",
        "201101": "7.06",
        "201102": "7.20",
        "201103": "8.14",
        "201104": "8.04",
        "201105": "7.66",
        "201106": "7.64",
        "201107": "7.19",
        "201108": "6.35",
        "201109": "6.63",
        "201110": "6.54",
        "201111": "6.60",
        "201112": "5.81",
        "201201": "6.01",
        "201202": "6.59",
        "201203": "7.03",
        "201204": "7.99",
        "201205": "8.22",
        "201206": "8.38",
        "201207": "7.56",
        "201208": "8.46",
        "201209": "8.72",
        "201210": "8.64",
        "201211": "8.55",
        "201212": "8.76",
        "201301": "8.70",
        "201302": "8.38",
        "201303": "8.08",
        "201304": "8.25",
        "201305": "8.37",
        "201306": "8.67",
        "201307": "8.80",
        "201308": "9.73",
        "201309": "9.89",
        "201310": "9.54",
        "201311": "9.47",
        "201312": "9.47",
        "201401": "9.96",
        "201402": "10.35",
        "201403": "10.06",
        "201404": "10.06",
        "201405": "9.73",
        "201406": "9.65",
        "201407": "9.70",
        "201408": "9.61",
        "201409": "9.35",
        "201410": "9.01",
        "201411": "8.99",
        "201412": "9.07",
        "201501": "9.29",
        "201502": "9.43",
        "201503": "9.16",
        "201504": "9.01",
        "201505": "8.90",
        "201506": "8.70",
        "201507": "8.55",
        "201508": "8.00",
        "201509": "8.04",
        "201510": "8.19",
        "201511": "7.57",
        "201512": "7.06",
        "201601": "6.57",
        "201602": "6.17",
        "201603": "6.20",
        "201604": "6.07",
        "201605": "5.94",
        "201606": "5.80",
        "201607": "5.82",
        "201608": "5.92",
        "201609": "5.90",
        "201610": "5.78",
        "201611": "5.66",
        "201612": "5.98",
        "201701": "6.04",
        "201702": "6.02",
        "201703": "5.89",
        "201704": "5.80",
        "201705": "5.92",
        "201706": "5.81",
        "201707": "5.61",
        "201708": "5.87",
        "201709": "6.12",
        "201710": "6.01",
        "201711": "6.08",
        "201712": "6.88",
        "201801": "7.35",
        "201802": "6.76",
        "201803": "7.31",
        "201804": "7.32",
        "201805": "7.09",
        "201806": "6.87",
        "201807": "6.20",
        "201808": "9.83",
        "201809": "16.03",
        "201810": "13.31",
        "201811": "12.68",
        "201812": "11.80",
        "201901": "14.55",
        "201902": "17.60",
        "201903": "18.20",
        "201904": "18.07",
        "201905": "18.00",
        "201906": "17.61",
        "201907": "17.42",
        "201908": "17.07",
        "201909": "16.75",
        "201910": "16.63",
        "201911": "16.90",
        "201912": "16.71",
        "202001": "16.90",
        "202002": "16.39",
        "202003": "14.72",
        "202004": "14.48",
        "202005": "14.45",
        "202006": "15.01",
        "202007": "15.03",
        "202008": "15.80",
        "202009": "15.98",
        "202010": "17.12",
        "202011": "17.97",
        "202012": "17.72",
        "202101": "17.26",
        "202102": "16.71",
        "202103": "16.50",
        "202104": "16.47",
        "202105": "16.18",
        "202106": "14.55",
        "202107": "14.24",
        "202108": "14.20",
        "202109": "14.20",
        "202110": "14.28",
        "202111": "14.84",
        "202112": "17.00",
        "202201": "18.55",
        "202202": "18.77",
        "202203": "18.91",
        "202204": "18.99",
        "202205": "19.02",
        "202206": "19.50",
        "202207": "20.07",
        "202208": "19.65",
        "202209": "19.32",
        "202210": "19.27",
        "202211": "19.26",
        "202212": "19.14",
        "202301": "19.23",
        "202302": "18.89",
        "202303": "18.25",
        "202304": "17.96",
        "202305": "17.34"
    },
    "quarters": {
        "20011": {
            "year_quarter": 20011,
            "year": 2001,
            "quarter": 1,
            "eps": 0.19,
            "eps_growth_year": -5,
            "eps_4q": 0.12,
            "eps_4q_growth_year": -54.55,
            "roe": 1.72,
            "roe_4q": 1.72,
            "gross_profit": 20459,
            "gross_margin": 22.97,
            "gross_margin_4q_avg": 22.97,
            "net_income": 9572,
            "revenue": 89084,
            "common_shares": 513216,
            "book_valuer_per_share": 10.97,
            "book_valuer_per_share_4q_avg": 10.97,
            "equity": 562942,
            "current_ratio": 146.11,
            "debt_ratio": 24.44,
            "inventory_turnover_ratio": 4.66,
            "account_receivable_turnover_ratio": null,
            "reinvestment_rate": null,
            "research_to_sale_ratio": null,
            "price_fair": 0,
            "eps_avg_yearly": 0,
            "eps_latest_yearly": 0,
            "eps_growth_yearly": 0
        },
        "20012": {
            "year_quarter": 20012,
            "year": 2001,
            "quarter": 2,
            "eps": -0.11,
            "eps_growth_year": -375,
            "eps_4q": -0.02,
            "eps_4q_growth_year": -108.82,
            "roe": -0.97,
            "roe_4q": 0.75,
            "gross_profit": 12844,
            "gross_margin": 18.21,
            "gross_margin_4q_avg": 20.59,
            "net_income": -5444,
            "revenue": 70537,
            "common_shares": 513216,
            "book_valuer_per_share": 10.84,
            "book_valuer_per_share_4q_avg": 10.91,
            "equity": 556209,
            "current_ratio": 133.61,
            "debt_ratio": 23.15,
            "inventory_turnover_ratio": 4.34,
            "account_receivable_turnover_ratio": null,
            "reinvestment_rate": null,
            "research_to_sale_ratio": null,
            "price_fair": 0,
            "eps_avg_yearly": 0,
            "eps_latest_yearly": 0,
            "eps_growth_yearly": 0
        },
        "20013": {
            "year_quarter": 20013,
            "year": 2001,
            "quarter": 3,
            "eps": -0.2,
            "eps_growth_year": -183.33,
            "eps_4q": -0.46,
            "eps_4q_growth_year": -157.62,
            "roe": -1.9,
            "roe_4q": -1.1500000000000001,
            "gross_profit": 22829,
            "gross_margin": 24.84,
            "gross_margin_4q_avg": 22.01,
            "net_income": -10428,
            "revenue": 91887,
            "common_shares": 513216,
            "book_valuer_per_share": 10.55,
            "book_valuer_per_share_4q_avg": 10.79,
            "equity": 541502,
            "current_ratio": 123.32,
            "debt_ratio": 25.04,
            "inventory_turnover_ratio": 5.06,
            "account_receivable_turnover_ratio": null,
            "reinvestment_rate": null,
            "research_to_sale_ratio": null,
            "price_fair": 0,
            "eps_avg_yearly": 0,
            "eps_latest_yearly": 0,
            "eps_growth_yearly": 0
        },
        "20014": {
            "year_quarter": 20014,
            "year": 2001,
            "quarter": 4,
            "eps": -1.67,
            "eps_growth_year": null,
            "eps_4q": -1.79,
            "eps_4q_growth_year": -1476.92,
            "roe": -16.14,
            "roe_4q": -17.29,
            "gross_profit": 23314,
            "gross_margin": 24.16,
            "gross_margin_4q_avg": 22.55,
            "net_income": -85791,
            "revenue": 96493,
            "common_shares": 513216,
            "book_valuer_per_share": 10.16,
            "book_valuer_per_share_4q_avg": 10.63,
            "equity": 521353,
            "current_ratio": 138.16,
            "debt_ratio": 26.61,
            "inventory_turnover_ratio": 5,
            "account_receivable_turnover_ratio": null,
            "reinvestment_rate": null,
            "research_to_sale_ratio": null,
            "price_fair": 0,
            "eps_avg_yearly": 0,
            "eps_latest_yearly": 0,
            "eps_growth_yearly": 0
        },
        "20021": {
            "year_quarter": 20021,
            "year": 2002,
            "quarter": 1,
            "eps": 0.08,
            "eps_growth_year": -57.89,
            "eps_4q": -2.13,
            "eps_4q_growth_year": -1807.14,
            "roe": 0.71,
            "roe_4q": -18.299999999999997,
            "gross_profit": 16335,
            "gross_margin": 19.43,
            "gross_margin_4q_avg": 21.66,
            "net_income": 3680,
            "revenue": 84092,
            "common_shares": 513216,
            "book_valuer_per_share": 9.95,
            "book_valuer_per_share_4q_avg": 10.38,
            "equity": 510439,
            "current_ratio": 135.79,
            "debt_ratio": 25.54,
            "inventory_turnover_ratio": 4.81,
            "account_receivable_turnover_ratio": null,
            "reinvestment_rate": null,
            "research_to_sale_ratio": null,
            "price_fair": 0,
            "eps_avg_yearly": 0,
            "eps_latest_yearly": 0,
            "eps_growth_yearly": 0
        },
        "20022": {
            "year_quarter": 20022,
            "year": 2002,
            "quarter": 2,
            "eps": 0.04,
            "eps_growth_year": null,
            "eps_4q": -1.74,
            "eps_4q_growth_year": null,
            "roe": 0.41,
            "roe_4q": -16.92,
            "gross_profit": 11595,
            "gross_margin": 18.67,
            "gross_margin_4q_avg": 21.78,
            "net_income": 2082,
            "revenue": 62093,
            "common_shares": 513216,
            "book_valuer_per_share": 9.99,
            "book_valuer_per_share_4q_avg": 10.16,
            "equity": 512521,
            "current_ratio": 137.91,
            "debt_ratio": 21.81,
            "inventory_turnover_ratio": 3.82,
            "account_receivable_turnover_ratio": null,
            "reinvestment_rate": null,
            "research_to_sale_ratio": null,
            "price_fair": 0.48,
            "eps_avg_yearly": 0.16,
            "eps_latest_yearly": 0.16,
            "eps_growth_yearly": -200
        },
        "20023": {
            "year_quarter": 20023,
            "year": 2002,
            "quarter": 3,
            "eps": 0.05,
            "eps_growth_year": null,
            "eps_4q": -1.65,
            "eps_4q_growth_year": null,
            "roe": 0.46,
            "roe_4q": -14.56,
            "gross_profit": 21269,
            "gross_margin": 26.25,
            "gross_margin_4q_avg": 22.13,
            "net_income": 2355,
            "revenue": 81020,
            "common_shares": 513216,
            "book_valuer_per_share": 10.03,
            "book_valuer_per_share_4q_avg": 10.03,
            "equity": 514876,
            "current_ratio": 131.48,
            "debt_ratio": 21.79,
            "inventory_turnover_ratio": 4.25,
            "account_receivable_turnover_ratio": null,
            "reinvestment_rate": null,
            "research_to_sale_ratio": null,
            "price_fair": 0.54,
            "eps_avg_yearly": 0.18,
            "eps_latest_yearly": 0.2,
            "eps_growth_yearly": -50
        },
        "20024": {
            "year_quarter": 20024,
            "year": 2002,
            "quarter": 4,
            "eps": -0.11,
            "eps_growth_year": null,
            "eps_4q": 0.06,
            "eps_4q_growth_year": null,
            "roe": -1.05,
            "roe_4q": 0.5299999999999998,
            "gross_profit": 23568,
            "gross_margin": 23.35,
            "gross_margin_4q_avg": 21.93,
            "net_income": -5358,
            "revenue": 100949,
            "common_shares": 513216,
            "book_valuer_per_share": 9.93,
            "book_valuer_per_share_4q_avg": 9.98,
            "equity": 509517,
            "current_ratio": 116.93,
            "debt_ratio": 23.47,
            "inventory_turnover_ratio": 5.09,
            "account_receivable_turnover_ratio": null,
            "reinvestment_rate": null,
            "research_to_sale_ratio": null,
            "price_fair": 0.54,
            "eps_avg_yearly": 0.18,
            "eps_latest_yearly": 0.2,
            "eps_growth_yearly": -50
        },
        "20031": {
            "year_quarter": 20031,
            "year": 2003,
            "quarter": 1,
            "eps": 0.19,
            "eps_growth_year": 137.5,
            "eps_4q": 0.17,
            "eps_4q_growth_year": null,
            "roe": 1.75,
            "roe_4q": 1.5699999999999998,
            "gross_profit": 24445,
            "gross_margin": 24.16,
            "gross_margin_4q_avg": 23.11,
            "net_income": 9016,
            "revenue": 101182,
            "common_shares": 513216,
            "book_valuer_per_share": 10.1,
            "book_valuer_per_share_4q_avg": 10.01,
            "equity": 518534,
            "current_ratio": 127.11,
            "debt_ratio": 22,
            "inventory_turnover_ratio": 5.56,
            "account_receivable_turnover_ratio": null,
            "reinvestment_rate": null,
            "research_to_sale_ratio": null,
            "price_fair": 0.54,
            "eps_avg_yearly": 0.18,
            "eps_latest_yearly": 0.2,
            "eps_growth_yearly": -50
        },
        "20032": {
            "year_quarter": 20032,
            "year": 2003,
            "quarter": 2,
            "eps": 0,
            "eps_growth_year": -100,
            "eps_4q": 0.11,
            "eps_4q_growth_year": null,
            "roe": -0.02,
            "roe_4q": 1.14,
            "gross_profit": 12391,
            "gross_margin": 14.83,
            "gross_margin_4q_avg": 22.15,
            "net_income": -127,
            "revenue": 83533,
            "common_shares": 513216,
            "book_valuer_per_share": 10.1,
            "book_valuer_per_share_4q_avg": 10.04,
            "equity": 518406,
            "current_ratio": 154.3,
            "debt_ratio": 17.58,
            "inventory_turnover_ratio": 5.51,
            "account_receivable_turnover_ratio": null,
            "reinvestment_rate": null,
            "research_to_sale_ratio": null,
            "price_fair": 0.54,
            "eps_avg_yearly": 0.18,
            "eps_latest_yearly": 0.2,
            "eps_growth_yearly": -50
        },
        "20033": {
            "year_quarter": 20033,
            "year": 2003,
            "quarter": 3,
            "eps": 0.25,
            "eps_growth_year": 400,
            "eps_4q": 0.32,
            "eps_4q_growth_year": null,
            "roe": 2.33,
            "roe_4q": 3.0100000000000007,
            "gross_profit": 23845,
            "gross_margin": 22.65,
            "gross_margin_4q_avg": 21.25,
            "net_income": 12214,
            "revenue": 105268,
            "common_shares": 513216,
            "book_valuer_per_share": 10.36,
            "book_valuer_per_share_4q_avg": 10.12,
            "equity": 531509,
            "current_ratio": 175.78,
            "debt_ratio": 16.91,
            "inventory_turnover_ratio": 6.53,
            "account_receivable_turnover_ratio": null,
            "reinvestment_rate": null,
            "research_to_sale_ratio": null,
            "price_fair": 0.54,
            "eps_avg_yearly": 0.18,
            "eps_latest_yearly": 0.2,
            "eps_growth_yearly": -50
        },
        "20034": {
            "year_quarter": 20034,
            "year": 2003,
            "quarter": 4,
            "eps": 0.69,
            "eps_growth_year": null,
            "eps_4q": 1.13,
            "eps_4q_growth_year": 1781.55,
            "roe": 6.11,
            "roe_4q": 10.170000000000002,
            "gross_profit": 30444,
            "gross_margin": 23.87,
            "gross_margin_4q_avg": 21.38,
            "net_income": 33174,
            "revenue": 127527,
            "common_shares": 513216,
            "book_valuer_per_share": 10.81,
            "book_valuer_per_share_4q_avg": 10.34,
            "equity": 554745,
            "current_ratio": 192.46,
            "debt_ratio": 18.77,
            "inventory_turnover_ratio": 7.9,
            "account_receivable_turnover_ratio": null,
            "reinvestment_rate": null,
            "research_to_sale_ratio": null,
            "price_fair": 36.4,
            "eps_avg_yearly": 1.04,
            "eps_latest_yearly": 2.76,
            "eps_growth_yearly": 201.33
        },
        "20041": {
            "year_quarter": 20041,
            "year": 2004,
            "quarter": 1,
            "eps": 0.28,
            "eps_growth_year": 47.37,
            "eps_4q": 1.24,
            "eps_4q_growth_year": 625.06,
            "roe": 2.36,
            "roe_4q": 10.780000000000001,
            "gross_profit": 23787,
            "gross_margin": 22.39,
            "gross_margin_4q_avg": 20.94,
            "net_income": 13244,
            "revenue": 106217,
            "common_shares": 513216,
            "book_valuer_per_share": 11.07,
            "book_valuer_per_share_4q_avg": 10.59,
            "equity": 567989,
            "current_ratio": 273.01,
            "debt_ratio": 13.59,
            "inventory_turnover_ratio": 6.69,
            "account_receivable_turnover_ratio": null,
            "reinvestment_rate": null,
            "research_to_sale_ratio": null,
            "price_fair": 37.1,
            "eps_avg_yearly": 1.06,
            "eps_latest_yearly": 1.12,
            "eps_growth_yearly": 91.58
        },
        "20042": {
            "year_quarter": 20042,
            "year": 2004,
            "quarter": 2,
            "eps": 0.15,
            "eps_growth_year": null,
            "eps_4q": 1.37,
            "eps_4q_growth_year": 1092.6,
            "roe": 1.29,
            "roe_4q": 12.09,
            "gross_profit": 20851,
            "gross_margin": 24.95,
            "gross_margin_4q_avg": 23.47,
            "net_income": 7222,
            "revenue": 83562,
            "common_shares": 513216,
            "book_valuer_per_share": 10.72,
            "book_valuer_per_share_4q_avg": 10.74,
            "equity": 550067,
            "current_ratio": 251.29,
            "debt_ratio": 14.7,
            "inventory_turnover_ratio": 5.16,
            "account_receivable_turnover_ratio": null,
            "reinvestment_rate": null,
            "research_to_sale_ratio": null,
            "price_fair": 33.88,
            "eps_avg_yearly": 0.97,
            "eps_latest_yearly": 0.6,
            "eps_growth_yearly": 36.12
        },
        "20043": {
            "year_quarter": 20043,
            "year": 2004,
            "quarter": 3,
            "eps": 0.15,
            "eps_growth_year": -40,
            "eps_4q": 1.29,
            "eps_4q_growth_year": 300.53,
            "roe": 1.27,
            "roe_4q": 11.030000000000001,
            "gross_profit": 16307,
            "gross_margin": 19.07,
            "gross_margin_4q_avg": 22.57,
            "net_income": 7053,
            "revenue": 85512,
            "common_shares": 513216,
            "book_valuer_per_share": 10.86,
            "book_valuer_per_share_4q_avg": 10.87,
            "equity": 557120,
            "current_ratio": 300.07,
            "debt_ratio": 11.75,
            "inventory_turnover_ratio": 5.83,
            "account_receivable_turnover_ratio": null,
            "reinvestment_rate": null,
            "research_to_sale_ratio": null,
            "price_fair": 31.73,
            "eps_avg_yearly": 0.91,
            "eps_latest_yearly": 0.6,
            "eps_growth_yearly": 30.1
        },
        "20044": {
            "year_quarter": 20044,
            "year": 2004,
            "quarter": 4,
            "eps": 0.08,
            "eps_growth_year": -88.41,
            "eps_4q": 0.68,
            "eps_4q_growth_year": -39.47,
            "roe": 0.65,
            "roe_4q": 5.57,
            "gross_profit": 17772,
            "gross_margin": 18.8,
            "gross_margin_4q_avg": 21.3,
            "net_income": 3649,
            "revenue": 94557,
            "common_shares": 513216,
            "book_valuer_per_share": 11.03,
            "book_valuer_per_share_4q_avg": 10.92,
            "equity": 566201,
            "current_ratio": 310.06,
            "debt_ratio": 12.26,
            "inventory_turnover_ratio": 7.37,
            "account_receivable_turnover_ratio": null,
            "reinvestment_rate": null,
            "research_to_sale_ratio": null,
            "price_fair": 2.47,
            "eps_avg_yearly": 0.82,
            "eps_latest_yearly": 0.32,
            "eps_growth_yearly": -0.87
        },
        "20051": {
            "year_quarter": 20051,
            "year": 2005,
            "quarter": 1,
            "eps": 0.07,
            "eps_growth_year": -75,
            "eps_4q": 0.45,
            "eps_4q_growth_year": -63.65,
            "roe": 0.58,
            "roe_4q": 3.79,
            "gross_profit": 12541,
            "gross_margin": 18.2,
            "gross_margin_4q_avg": 20.26,
            "net_income": 3305,
            "revenue": 68903,
            "common_shares": 513216,
            "book_valuer_per_share": 11.1,
            "book_valuer_per_share_4q_avg": 10.93,
            "equity": 569506,
            "current_ratio": 345.86,
            "debt_ratio": 11.1,
            "inventory_turnover_ratio": 5.47,
            "account_receivable_turnover_ratio": null,
            "reinvestment_rate": null,
            "research_to_sale_ratio": null,
            "price_fair": 2.27,
            "eps_avg_yearly": 0.76,
            "eps_latest_yearly": 0.28,
            "eps_growth_yearly": -7.01
        },
        "20052": {
            "year_quarter": 20052,
            "year": 2005,
            "quarter": 2,
            "eps": 0.04,
            "eps_growth_year": -73.33,
            "eps_4q": 0.34,
            "eps_4q_growth_year": -74.84,
            "roe": 0.33,
            "roe_4q": 2.83,
            "gross_profit": 10614,
            "gross_margin": 17.02,
            "gross_margin_4q_avg": 18.27,
            "net_income": 1842,
            "revenue": 62359,
            "common_shares": 513216,
            "book_valuer_per_share": 10.69,
            "book_valuer_per_share_4q_avg": 10.92,
            "equity": 548565,
            "current_ratio": 259.57,
            "debt_ratio": 14.28,
            "inventory_turnover_ratio": 5.08,
            "account_receivable_turnover_ratio": null,
            "reinvestment_rate": null,
            "research_to_sale_ratio": null,
            "price_fair": 2.07,
            "eps_avg_yearly": 0.69,
            "eps_latest_yearly": 0.16,
            "eps_growth_yearly": -25.28
        },
        "20053": {
            "year_quarter": 20053,
            "year": 2005,
            "quarter": 3,
            "eps": 0.14,
            "eps_growth_year": -6.67,
            "eps_4q": 0.32,
            "eps_4q_growth_year": -74.89,
            "roe": 1.21,
            "roe_4q": 2.77,
            "gross_profit": 14866,
            "gross_margin": 19.55,
            "gross_margin_4q_avg": 18.39,
            "net_income": 6687,
            "revenue": 76059,
            "common_shares": 513216,
            "book_valuer_per_share": 10.82,
            "book_valuer_per_share_4q_avg": 10.91,
            "equity": 555252,
            "current_ratio": 334.7,
            "debt_ratio": 11.04,
            "inventory_turnover_ratio": 7.45,
            "account_receivable_turnover_ratio": null,
            "reinvestment_rate": -599.28,
            "research_to_sale_ratio": null,
            "price_fair": 23.66,
            "eps_avg_yearly": 0.68,
            "eps_latest_yearly": 0.56,
            "eps_growth_yearly": 77.25
        },
        "20054": {
            "year_quarter": 20054,
            "year": 2005,
            "quarter": 4,
            "eps": 0.13,
            "eps_growth_year": 62.5,
            "eps_4q": 0.37,
            "eps_4q_growth_year": -45.32,
            "roe": 1.13,
            "roe_4q": 3.25,
            "gross_profit": 15698,
            "gross_margin": 21.24,
            "gross_margin_4q_avg": 19,
            "net_income": 6315,
            "revenue": 73922,
            "common_shares": 513216,
            "book_valuer_per_share": 10.94,
            "book_valuer_per_share_4q_avg": 10.89,
            "equity": 561436,
            "current_ratio": 332.41,
            "debt_ratio": 11.86,
            "inventory_turnover_ratio": 6.48,
            "account_receivable_turnover_ratio": null,
            "reinvestment_rate": -77.86,
            "research_to_sale_ratio": null,
            "price_fair": 23.16,
            "eps_avg_yearly": 0.66,
            "eps_latest_yearly": 0.52,
            "eps_growth_yearly": 67.63
        },
        "20061": {
            "year_quarter": 20061,
            "year": 2006,
            "quarter": 1,
            "eps": 0.01,
            "eps_growth_year": -85.71,
            "eps_4q": 0.35,
            "eps_4q_growth_year": -22.06,
            "roe": 0.08,
            "roe_4q": 2.75,
            "gross_profit": 6870,
            "gross_margin": 12.53,
            "gross_margin_4q_avg": 17.59,
            "net_income": 436,
            "revenue": 54822,
            "common_shares": 513216,
            "book_valuer_per_share": 10.95,
            "book_valuer_per_share_4q_avg": 10.85,
            "equity": 561872,
            "current_ratio": 436.01,
            "debt_ratio": 9.04,
            "inventory_turnover_ratio": 5.33,
            "account_receivable_turnover_ratio": null,
            "reinvestment_rate": -75.88,
            "research_to_sale_ratio": null,
            "price_fair": 21.35,
            "eps_avg_yearly": 0.61,
            "eps_latest_yearly": 0.04,
            "eps_growth_yearly": 31.23
        },
        "20062": {
            "year_quarter": 20062,
            "year": 2006,
            "quarter": 2,
            "eps": -0.04,
            "eps_growth_year": -200,
            "eps_4q": 0.23,
            "eps_4q_growth_year": -34.25,
            "roe": -0.33,
            "roe_4q": 2.09,
            "gross_profit": 5922,
            "gross_margin": 11.44,
            "gross_margin_4q_avg": 16.19,
            "net_income": -1825,
            "revenue": 51785,
            "common_shares": 513216,
            "book_valuer_per_share": 10.62,
            "book_valuer_per_share_4q_avg": 10.83,
            "equity": 544851,
            "current_ratio": 323.54,
            "debt_ratio": 11.45,
            "inventory_turnover_ratio": 6.06,
            "account_receivable_turnover_ratio": null,
            "reinvestment_rate": -75.77,
            "research_to_sale_ratio": null,
            "price_fair": 22.78,
            "eps_avg_yearly": 0.65,
            "eps_latest_yearly": 0.04,
            "eps_growth_yearly": 52.25
        },
        "20063": {
            "year_quarter": 20063,
            "year": 2006,
            "quarter": 3,
            "eps": 0.08,
            "eps_growth_year": -42.86,
            "eps_4q": 0.18,
            "eps_4q_growth_year": -43.06,
            "roe": 0.69,
            "roe_4q": 1.5699999999999998,
            "gross_profit": 7245,
            "gross_margin": 11.53,
            "gross_margin_4q_avg": 14.19,
            "net_income": 3768,
            "revenue": 62813,
            "common_shares": 513216,
            "book_valuer_per_share": 10.69,
            "book_valuer_per_share_4q_avg": 10.8,
            "equity": 548620,
            "current_ratio": 331.32,
            "debt_ratio": 11.46,
            "inventory_turnover_ratio": 5.47,
            "account_receivable_turnover_ratio": null,
            "reinvestment_rate": -71.39,
            "research_to_sale_ratio": null,
            "price_fair": 24.36,
            "eps_avg_yearly": 0.7,
            "eps_latest_yearly": 0.04,
            "eps_growth_yearly": 47.47
        },
        "20064": {
            "year_quarter": 20064,
            "year": 2006,
            "quarter": 4,
            "eps": 0.08,
            "eps_growth_year": -38.46,
            "eps_4q": 0.13,
            "eps_4q_growth_year": -64.74,
            "roe": 0.67,
            "roe_4q": 1.1099999999999999,
            "gross_profit": 4575,
            "gross_margin": 7.03,
            "gross_margin_4q_avg": 10.63,
            "net_income": 3678,
            "revenue": 65037,
            "common_shares": 513216,
            "book_valuer_per_share": 10.76,
            "book_valuer_per_share_4q_avg": 10.76,
            "equity": 552219,
            "current_ratio": 358.45,
            "debt_ratio": 10.88,
            "inventory_turnover_ratio": 4.69,
            "account_receivable_turnover_ratio": null,
            "reinvestment_rate": -71.99,
            "research_to_sale_ratio": null,
            "price_fair": 23.16,
            "eps_avg_yearly": 0.66,
            "eps_latest_yearly": 0.32,
            "eps_growth_yearly": 43.16
        },
        "20071": {
            "year_quarter": 20071,
            "year": 2007,
            "quarter": 1,
            "eps": -0.06,
            "eps_growth_year": -700,
            "eps_4q": 0.06,
            "eps_4q_growth_year": -82.1,
            "roe": -0.5,
            "roe_4q": 0.53,
            "gross_profit": 1719,
            "gross_margin": 3.38,
            "gross_margin_4q_avg": 8.35,
            "net_income": -2748,
            "revenue": 50875,
            "common_shares": 513216,
            "book_valuer_per_share": 10.71,
            "book_valuer_per_share_4q_avg": 10.7,
            "equity": 549471,
            "current_ratio": 239.76,
            "debt_ratio": 13,
            "inventory_turnover_ratio": 4.5,
            "account_receivable_turnover_ratio": null,
            "reinvestment_rate": -24.65,
            "research_to_sale_ratio": null,
            "price_fair": 23.16,
            "eps_avg_yearly": 0.66,
            "eps_latest_yearly": 0.32,
            "eps_growth_yearly": 43.16
        },
        "20072": {
            "year_quarter": 20072,
            "year": 2007,
            "quarter": 2,
            "eps": 0.04,
            "eps_growth_year": null,
            "eps_4q": 0.13,
            "eps_4q_growth_year": -41.55,
            "roe": 0.37,
            "roe_4q": 1.23,
            "gross_profit": -478,
            "gross_margin": -1.14,
            "gross_margin_4q_avg": 5.2,
            "net_income": 2037,
            "revenue": 41917,
            "common_shares": 513216,
            "book_valuer_per_share": 10.65,
            "book_valuer_per_share_4q_avg": 10.7,
            "equity": 546446,
            "current_ratio": 230.72,
            "debt_ratio": 13.43,
            "inventory_turnover_ratio": 4.74,
            "account_receivable_turnover_ratio": null,
            "reinvestment_rate": -19.38,
            "research_to_sale_ratio": null,
            "price_fair": 23.16,
            "eps_avg_yearly": 0.66,
            "eps_latest_yearly": 0.32,
            "eps_growth_yearly": 43.16
        },
        "20073": {
            "year_quarter": 20073,
            "year": 2007,
            "quarter": 3,
            "eps": -0.29,
            "eps_growth_year": -462.5,
            "eps_4q": -0.22,
            "eps_4q_growth_year": -218.73,
            "roe": -2.64,
            "roe_4q": -2.1,
            "gross_profit": 1433,
            "gross_margin": 2.91,
            "gross_margin_4q_avg": 3.05,
            "net_income": -14215,
            "revenue": 49237,
            "common_shares": 513216,
            "book_valuer_per_share": 10.37,
            "book_valuer_per_share_4q_avg": 10.62,
            "equity": 532231,
            "current_ratio": 252.71,
            "debt_ratio": 12.72,
            "inventory_turnover_ratio": 4.64,
            "account_receivable_turnover_ratio": null,
            "reinvestment_rate": -19.37,
            "research_to_sale_ratio": null,
            "price_fair": 23.16,
            "eps_avg_yearly": 0.66,
            "eps_latest_yearly": 0.32,
            "eps_growth_yearly": 43.16
        },
        "20074": {
            "year_quarter": 20074,
            "year": 2007,
            "quarter": 4,
            "eps": -0.44,
            "eps_growth_year": -650,
            "eps_4q": -0.75,
            "eps_4q_growth_year": -669.28,
            "roe": -4.14,
            "roe_4q": -6.909999999999999,
            "gross_profit": 299,
            "gross_margin": 0.62,
            "gross_margin_4q_avg": 1.44,
            "net_income": -21556,
            "revenue": 48503,
            "common_shares": 513216,
            "book_valuer_per_share": 9.91,
            "book_valuer_per_share_4q_avg": 10.41,
            "equity": 508675,
            "current_ratio": 236.41,
            "debt_ratio": 13.61,
            "inventory_turnover_ratio": 3.9,
            "account_receivable_turnover_ratio": null,
            "reinvestment_rate": -56.6,
            "research_to_sale_ratio": null,
            "price_fair": 1.36,
            "eps_avg_yearly": 0.45,
            "eps_latest_yearly": 0.32,
            "eps_growth_yearly": -22.93
        },
        "20081": {
            "year_quarter": 20081,
            "year": 2008,
            "quarter": 1,
            "eps": -0.21,
            "eps_growth_year": null,
            "eps_4q": -0.89,
            "eps_4q_growth_year": -1521.81,
            "roe": -2.06,
            "roe_4q": -8.47,
            "gross_profit": -2294,
            "gross_margin": -5.6,
            "gross_margin_4q_avg": -0.8,
            "net_income": -10389,
            "revenue": 40991,
            "common_shares": 513216,
            "book_valuer_per_share": 9.71,
            "book_valuer_per_share_4q_avg": 10.16,
            "equity": 498286,
            "current_ratio": 335.35,
            "debt_ratio": 13.56,
            "inventory_turnover_ratio": 3.04,
            "account_receivable_turnover_ratio": null,
            "reinvestment_rate": null,
            "research_to_sale_ratio": null,
            "price_fair": 3.78,
            "eps_avg_yearly": 0.38,
            "eps_latest_yearly": 0.32,
            "eps_growth_yearly": 0.93
        },
        "20082": {
            "year_quarter": 20082,
            "year": 2008,
            "quarter": 2,
            "eps": -0.43,
            "eps_growth_year": -1175,
            "eps_4q": -1.3,
            "eps_4q_growth_year": -1086.69,
            "roe": -4.27,
            "roe_4q": -13.11,
            "gross_profit": -2707,
            "gross_margin": -6.35,
            "gross_margin_4q_avg": -2.11,
            "net_income": -20811,
            "revenue": 42656,
            "common_shares": 513216,
            "book_valuer_per_share": 9.3,
            "book_valuer_per_share_4q_avg": 9.82,
            "equity": 477475,
            "current_ratio": 298.03,
            "debt_ratio": 14.06,
            "inventory_turnover_ratio": 3,
            "account_receivable_turnover_ratio": null,
            "reinvestment_rate": null,
            "research_to_sale_ratio": null,
            "price_fair": 11.99,
            "eps_avg_yearly": 0.35,
            "eps_latest_yearly": 0.32,
            "eps_growth_yearly": 24.26
        },
        "20083": {
            "year_quarter": 20083,
            "year": 2008,
            "quarter": 3,
            "eps": -0.26,
            "eps_growth_year": null,
            "eps_4q": -1.27,
            "eps_4q_growth_year": null,
            "roe": -2.69,
            "roe_4q": -13.16,
            "gross_profit": -3348,
            "gross_margin": -7.62,
            "gross_margin_4q_avg": -4.74,
            "net_income": -12564,
            "revenue": 43959,
            "common_shares": 513216,
            "book_valuer_per_share": 8.89,
            "book_valuer_per_share_4q_avg": 9.45,
            "equity": 456138,
            "current_ratio": 277.19,
            "debt_ratio": 13.93,
            "inventory_turnover_ratio": 3.21,
            "account_receivable_turnover_ratio": null,
            "reinvestment_rate": null,
            "research_to_sale_ratio": null,
            "price_fair": 11,
            "eps_avg_yearly": 0.31,
            "eps_latest_yearly": 0.32,
            "eps_growth_yearly": 27.73
        },
        "20084": {
            "year_quarter": 20084,
            "year": 2008,
            "quarter": 4,
            "eps": -0.15,
            "eps_growth_year": null,
            "eps_4q": -1.05,
            "eps_4q_growth_year": null,
            "roe": -1.59,
            "roe_4q": -10.610000000000001,
            "gross_profit": 3941,
            "gross_margin": 6.71,
            "gross_margin_4q_avg": -3.22,
            "net_income": -7193,
            "revenue": 58743,
            "common_shares": 513216,
            "book_valuer_per_share": 8.76,
            "book_valuer_per_share_4q_avg": 9.17,
            "equity": 449700,
            "current_ratio": 233.99,
            "debt_ratio": 14.76,
            "inventory_turnover_ratio": 4.04,
            "account_receivable_turnover_ratio": 1.95,
            "reinvestment_rate": null,
            "research_to_sale_ratio": null,
            "price_fair": 10.97,
            "eps_avg_yearly": 0.31,
            "eps_latest_yearly": 0.32,
            "eps_growth_yearly": 63.46
        },
        "20091": {
            "year_quarter": 20091,
            "year": 2009,
            "quarter": 1,
            "eps": -0.29,
            "eps_growth_year": null,
            "eps_4q": -1.06,
            "eps_4q_growth_year": null,
            "roe": -3.17,
            "roe_4q": -11.719999999999999,
            "gross_profit": -5682,
            "gross_margin": -15.51,
            "gross_margin_4q_avg": -5.69,
            "net_income": -14059,
            "revenue": 36631,
            "common_shares": 513216,
            "book_valuer_per_share": 8.55,
            "book_valuer_per_share_4q_avg": 8.88,
            "equity": 438654,
            "current_ratio": 196.29,
            "debt_ratio": 12.21,
            "inventory_turnover_ratio": 4.09,
            "account_receivable_turnover_ratio": 0.71,
            "reinvestment_rate": null,
            "research_to_sale_ratio": null,
            "price_fair": 11.2,
            "eps_avg_yearly": 0.32,
            "eps_latest_yearly": 0.32,
            "eps_growth_yearly": 86.15
        },
        "20092": {
            "year_quarter": 20092,
            "year": 2009,
            "quarter": 2,
            "eps": -0.07,
            "eps_growth_year": null,
            "eps_4q": -0.73,
            "eps_4q_growth_year": null,
            "roe": -0.79,
            "roe_4q": -8.24,
            "gross_profit": 2005,
            "gross_margin": 4.86,
            "gross_margin_4q_avg": -2.89,
            "net_income": -3478,
            "revenue": 41281,
            "common_shares": 513216,
            "book_valuer_per_share": 8.63,
            "book_valuer_per_share_4q_avg": 8.71,
            "equity": 442998,
            "current_ratio": 187.69,
            "debt_ratio": 12.26,
            "inventory_turnover_ratio": 4.5,
            "account_receivable_turnover_ratio": 0.95,
            "reinvestment_rate": null,
            "research_to_sale_ratio": null,
            "price_fair": 12.6,
            "eps_avg_yearly": 0.36,
            "eps_latest_yearly": 0.32,
            "eps_growth_yearly": 150.55
        },
        "20093": {
            "year_quarter": 20093,
            "year": 2009,
            "quarter": 3,
            "eps": -0.07,
            "eps_growth_year": null,
            "eps_4q": -0.55,
            "eps_4q_growth_year": null,
            "roe": -0.82,
            "roe_4q": -6.369999999999999,
            "gross_profit": 1287,
            "gross_margin": 2.87,
            "gross_margin_4q_avg": -0.27,
            "net_income": -3623,
            "revenue": 44820,
            "common_shares": 513216,
            "book_valuer_per_share": 8.66,
            "book_valuer_per_share_4q_avg": 8.65,
            "equity": 444364,
            "current_ratio": 195.52,
            "debt_ratio": 13.24,
            "inventory_turnover_ratio": 4.27,
            "account_receivable_turnover_ratio": 0.98,
            "reinvestment_rate": null,
            "research_to_sale_ratio": null,
            "price_fair": 0.88,
            "eps_avg_yearly": 0.29,
            "eps_latest_yearly": 0.32,
            "eps_growth_yearly": -132.6
        },
        "20094": {
            "year_quarter": 20094,
            "year": 2009,
            "quarter": 4,
            "eps": 0.02,
            "eps_growth_year": null,
            "eps_4q": -0.42,
            "eps_4q_growth_year": null,
            "roe": 0.21,
            "roe_4q": -4.57,
            "gross_profit": 6902,
            "gross_margin": 11.16,
            "gross_margin_4q_avg": 0.85,
            "net_income": 909,
            "revenue": 61846,
            "common_shares": 513216,
            "book_valuer_per_share": 9.09,
            "book_valuer_per_share_4q_avg": 8.73,
            "equity": 440740,
            "current_ratio": 199.52,
            "debt_ratio": 16.17,
            "inventory_turnover_ratio": 4.8,
            "account_receivable_turnover_ratio": 2.05,
            "reinvestment_rate": null,
            "research_to_sale_ratio": null,
            "price_fair": 0.54,
            "eps_avg_yearly": 0.18,
            "eps_latest_yearly": 0.32,
            "eps_growth_yearly": -184.62
        },
        "20101": {
            "year_quarter": 20101,
            "year": 2010,
            "quarter": 1,
            "eps": -0.17,
            "eps_growth_year": null,
            "eps_4q": -0.3,
            "eps_4q_growth_year": null,
            "roe": -1.92,
            "roe_4q": -3.32,
            "gross_profit": -459,
            "gross_margin": -1.04,
            "gross_margin_4q_avg": 4.46,
            "net_income": -8359,
            "revenue": 44293,
            "common_shares": 513216,
            "book_valuer_per_share": 8.91,
            "book_valuer_per_share_4q_avg": 8.82,
            "equity": 432059,
            "current_ratio": 139.76,
            "debt_ratio": 15.34,
            "inventory_turnover_ratio": 4.05,
            "account_receivable_turnover_ratio": 0.87,
            "reinvestment_rate": null,
            "research_to_sale_ratio": null,
            "price_fair": 3.2,
            "eps_avg_yearly": 0.32,
            "eps_latest_yearly": 0.32,
            "eps_growth_yearly": 0
        },
        "20102": {
            "year_quarter": 20102,
            "year": 2010,
            "quarter": 2,
            "eps": -0.14,
            "eps_growth_year": null,
            "eps_4q": -0.37,
            "eps_4q_growth_year": null,
            "roe": -1.64,
            "roe_4q": -4.17,
            "gross_profit": 480,
            "gross_margin": 1.31,
            "gross_margin_4q_avg": 3.58,
            "net_income": -7014,
            "revenue": 36517,
            "common_shares": 513216,
            "book_valuer_per_share": 8.73,
            "book_valuer_per_share_4q_avg": 8.85,
            "equity": 423282,
            "current_ratio": 137.62,
            "debt_ratio": 14.39,
            "inventory_turnover_ratio": 3.23,
            "account_receivable_turnover_ratio": 0.94,
            "reinvestment_rate": null,
            "research_to_sale_ratio": null,
            "price_fair": 3.2,
            "eps_avg_yearly": 0.32,
            "eps_latest_yearly": 0.32,
            "eps_growth_yearly": 0
        },
        "20103": {
            "year_quarter": 20103,
            "year": 2010,
            "quarter": 3,
            "eps": -0.04,
            "eps_growth_year": null,
            "eps_4q": -0.34,
            "eps_4q_growth_year": null,
            "roe": -0.42,
            "roe_4q": -3.77,
            "gross_profit": 2511,
            "gross_margin": 4.44,
            "gross_margin_4q_avg": 3.97,
            "net_income": -1788,
            "revenue": 56587,
            "common_shares": 513216,
            "book_valuer_per_share": 8.72,
            "book_valuer_per_share_4q_avg": 8.86,
            "equity": 422673,
            "current_ratio": 136.66,
            "debt_ratio": 15.95,
            "inventory_turnover_ratio": 4.73,
            "account_receivable_turnover_ratio": 1.23,
            "reinvestment_rate": null,
            "research_to_sale_ratio": 0,
            "price_fair": 3.2,
            "eps_avg_yearly": 0.32,
            "eps_latest_yearly": 0.32,
            "eps_growth_yearly": 0
        },
        "20104": {
            "year_quarter": 20104,
            "year": 2010,
            "quarter": 4,
            "eps": -0.1,
            "eps_growth_year": -606.8,
            "eps_4q": -0.46,
            "eps_4q_growth_year": null,
            "roe": -1.17,
            "roe_4q": -5.1499999999999995,
            "gross_profit": 2408,
            "gross_margin": 4.04,
            "gross_margin_4q_avg": 2.19,
            "net_income": -4915,
            "revenue": 59655,
            "common_shares": 513216,
            "book_valuer_per_share": 8.64,
            "book_valuer_per_share_4q_avg": 8.75,
            "equity": 418742,
            "current_ratio": 168.54,
            "debt_ratio": 18.01,
            "inventory_turnover_ratio": 4.98,
            "account_receivable_turnover_ratio": 1.06,
            "reinvestment_rate": null,
            "research_to_sale_ratio": null,
            "price_fair": 0,
            "eps_avg_yearly": 0,
            "eps_latest_yearly": 0,
            "eps_growth_yearly": 0
        },
        "20111": {
            "year_quarter": 20111,
            "year": 2011,
            "quarter": 1,
            "eps": -0.08,
            "eps_growth_year": null,
            "eps_4q": -0.36,
            "eps_4q_growth_year": null,
            "roe": -0.93,
            "roe_4q": -4.16,
            "gross_profit": 4475,
            "gross_margin": 9.38,
            "gross_margin_4q_avg": 4.79,
            "net_income": -3866,
            "revenue": 47731,
            "common_shares": 513216,
            "book_valuer_per_share": 8.51,
            "book_valuer_per_share_4q_avg": 8.65,
            "equity": 412577,
            "current_ratio": 186.44,
            "debt_ratio": 15.61,
            "inventory_turnover_ratio": 3.6,
            "account_receivable_turnover_ratio": 1,
            "reinvestment_rate": null,
            "research_to_sale_ratio": null,
            "price_fair": 0,
            "eps_avg_yearly": 0,
            "eps_latest_yearly": 0,
            "eps_growth_yearly": 0
        },
        "20112": {
            "year_quarter": 20112,
            "year": 2011,
            "quarter": 2,
            "eps": 0.02,
            "eps_growth_year": null,
            "eps_4q": -0.2,
            "eps_4q_growth_year": null,
            "roe": 0.25,
            "roe_4q": -2.27,
            "gross_profit": 4285,
            "gross_margin": 9.47,
            "gross_margin_4q_avg": 6.83,
            "net_income": 1030,
            "revenue": 45228,
            "common_shares": 513216,
            "book_valuer_per_share": 8.52,
            "book_valuer_per_share_4q_avg": 8.6,
            "equity": 413118,
            "current_ratio": 195.4,
            "debt_ratio": 15.37,
            "inventory_turnover_ratio": 2.96,
            "account_receivable_turnover_ratio": 1.1,
            "reinvestment_rate": null,
            "research_to_sale_ratio": null,
            "price_fair": 0,
            "eps_avg_yearly": 0,
            "eps_latest_yearly": 0,
            "eps_growth_yearly": 0
        },
        "20113": {
            "year_quarter": 20113,
            "year": 2011,
            "quarter": 3,
            "eps": -0.08,
            "eps_growth_year": null,
            "eps_4q": -0.24,
            "eps_4q_growth_year": null,
            "roe": -0.9,
            "roe_4q": -2.75,
            "gross_profit": 4179,
            "gross_margin": 7.63,
            "gross_margin_4q_avg": 7.63,
            "net_income": -3688,
            "revenue": 54775,
            "common_shares": 513216,
            "book_valuer_per_share": 8.39,
            "book_valuer_per_share_4q_avg": 8.52,
            "equity": 406843,
            "current_ratio": 187.88,
            "debt_ratio": 16.07,
            "inventory_turnover_ratio": 3.42,
            "account_receivable_turnover_ratio": 1.09,
            "reinvestment_rate": null,
            "research_to_sale_ratio": null,
            "price_fair": 0,
            "eps_avg_yearly": 0,
            "eps_latest_yearly": 0,
            "eps_growth_yearly": 0
        },
        "20114": {
            "year_quarter": 20114,
            "year": 2011,
            "quarter": 4,
            "eps": 0.08,
            "eps_growth_year": null,
            "eps_4q": -0.05,
            "eps_4q_growth_year": null,
            "roe": 0.98,
            "roe_4q": -0.6000000000000001,
            "gross_profit": 14323,
            "gross_margin": 17.63,
            "gross_margin_4q_avg": 11.03,
            "net_income": 4005,
            "revenue": 81255,
            "common_shares": 513216,
            "book_valuer_per_share": 8.5,
            "book_valuer_per_share_4q_avg": 8.48,
            "equity": 412268,
            "current_ratio": 158.5,
            "debt_ratio": 20.29,
            "inventory_turnover_ratio": 4.47,
            "account_receivable_turnover_ratio": 1.22,
            "reinvestment_rate": null,
            "research_to_sale_ratio": null,
            "price_fair": 0,
            "eps_avg_yearly": 0,
            "eps_latest_yearly": 0,
            "eps_growth_yearly": 0
        },
        "20121": {
            "year_quarter": 20121,
            "year": 2012,
            "quarter": 1,
            "eps": 0.02,
            "eps_growth_year": null,
            "eps_4q": 0.04,
            "eps_4q_growth_year": null,
            "roe": 0.18,
            "roe_4q": 0.5099999999999999,
            "gross_profit": 1013,
            "gross_margin": 2.34,
            "gross_margin_4q_avg": 9.27,
            "net_income": 755,
            "revenue": 43355,
            "common_shares": 513216,
            "book_valuer_per_share": 8.55,
            "book_valuer_per_share_4q_avg": 8.49,
            "equity": 414567,
            "current_ratio": 205.49,
            "debt_ratio": 16.12,
            "inventory_turnover_ratio": 2.97,
            "account_receivable_turnover_ratio": 0.72,
            "reinvestment_rate": null,
            "research_to_sale_ratio": null,
            "price_fair": 0.24,
            "eps_avg_yearly": 0.08,
            "eps_latest_yearly": 0.08,
            "eps_growth_yearly": -300
        },
        "20122": {
            "year_quarter": 20122,
            "year": 2012,
            "quarter": 2,
            "eps": -0.08,
            "eps_growth_year": -495.53,
            "eps_4q": -0.06,
            "eps_4q_growth_year": null,
            "roe": -0.99,
            "roe_4q": -0.7300000000000001,
            "gross_profit": 2983,
            "gross_margin": 7.35,
            "gross_margin_4q_avg": 8.74,
            "net_income": -4074,
            "revenue": 40579,
            "common_shares": 513216,
            "book_valuer_per_share": 8.46,
            "book_valuer_per_share_4q_avg": 8.48,
            "equity": 410125,
            "current_ratio": 223.63,
            "debt_ratio": 14.03,
            "inventory_turnover_ratio": 2.9,
            "account_receivable_turnover_ratio": 0.94,
            "reinvestment_rate": null,
            "research_to_sale_ratio": null,
            "price_fair": 0.24,
            "eps_avg_yearly": 0.08,
            "eps_latest_yearly": 0.08,
            "eps_growth_yearly": -300
        },
        "20123": {
            "year_quarter": 20123,
            "year": 2012,
            "quarter": 3,
            "eps": 0.03,
            "eps_growth_year": null,
            "eps_4q": 0.05,
            "eps_4q_growth_year": null,
            "roe": 0.38,
            "roe_4q": 0.55,
            "gross_profit": 4517,
            "gross_margin": 9.37,
            "gross_margin_4q_avg": 9.17,
            "net_income": 1560,
            "revenue": 48192,
            "common_shares": 513216,
            "book_valuer_per_share": 8.5,
            "book_valuer_per_share_4q_avg": 8.5,
            "equity": 412042,
            "current_ratio": 216.23,
            "debt_ratio": 14.95,
            "inventory_turnover_ratio": 3.03,
            "account_receivable_turnover_ratio": 0.99,
            "reinvestment_rate": null,
            "research_to_sale_ratio": null,
            "price_fair": 0.24,
            "eps_avg_yearly": 0.08,
            "eps_latest_yearly": 0.08,
            "eps_growth_yearly": -300
        },
        "20124": {
            "year_quarter": 20124,
            "year": 2012,
            "quarter": 4,
            "eps": 0.04,
            "eps_growth_year": -48.86,
            "eps_4q": 0.01,
            "eps_4q_growth_year": null,
            "roe": 0.5,
            "roe_4q": 0.07,
            "gross_profit": 10734,
            "gross_margin": 16.67,
            "gross_margin_4q_avg": 8.93,
            "net_income": 2048,
            "revenue": 64400,
            "common_shares": 513216,
            "book_valuer_per_share": 8.5,
            "book_valuer_per_share_4q_avg": 8.5,
            "equity": 412173,
            "current_ratio": 148.34,
            "debt_ratio": 17.31,
            "inventory_turnover_ratio": 3.19,
            "account_receivable_turnover_ratio": 1.06,
            "reinvestment_rate": null,
            "research_to_sale_ratio": null,
            "price_fair": 0.36,
            "eps_avg_yearly": 0.12,
            "eps_latest_yearly": 0.16,
            "eps_growth_yearly": -83.33
        },
        "20131": {
            "year_quarter": 20131,
            "year": 2013,
            "quarter": 1,
            "eps": -0.16,
            "eps_growth_year": -900,
            "eps_4q": -0.17,
            "eps_4q_growth_year": -484.97,
            "roe": -1.87,
            "roe_4q": -1.98,
            "gross_profit": -168,
            "gross_margin": -0.38,
            "gross_margin_4q_avg": 8.25,
            "net_income": -7626,
            "revenue": 44096,
            "common_shares": 513216,
            "book_valuer_per_share": 8.3,
            "book_valuer_per_share_4q_avg": 8.44,
            "equity": 402512,
            "current_ratio": 153.01,
            "debt_ratio": 14.49,
            "inventory_turnover_ratio": 2.88,
            "account_receivable_turnover_ratio": 0.79,
            "reinvestment_rate": null,
            "research_to_sale_ratio": null,
            "price_fair": 0.36,
            "eps_avg_yearly": 0.12,
            "eps_latest_yearly": 0.16,
            "eps_growth_yearly": -83.33
        },
        "20132": {
            "year_quarter": 20132,
            "year": 2013,
            "quarter": 2,
            "eps": -0.14,
            "eps_growth_year": null,
            "eps_4q": -0.22,
            "eps_4q_growth_year": null,
            "roe": -1.72,
            "roe_4q": -2.71,
            "gross_profit": -812,
            "gross_margin": -2.43,
            "gross_margin_4q_avg": 5.81,
            "net_income": -6863,
            "revenue": 33403,
            "common_shares": 513216,
            "book_valuer_per_share": 8.16,
            "book_valuer_per_share_4q_avg": 8.37,
            "equity": 395608,
            "current_ratio": 152.83,
            "debt_ratio": 13.09,
            "inventory_turnover_ratio": 2.91,
            "account_receivable_turnover_ratio": 0.79,
            "reinvestment_rate": null,
            "research_to_sale_ratio": null,
            "price_fair": 0.36,
            "eps_avg_yearly": 0.12,
            "eps_latest_yearly": 0.16,
            "eps_growth_yearly": -83.33
        },
        "20133": {
            "year_quarter": 20133,
            "year": 2013,
            "quarter": 3,
            "eps": -0.04,
            "eps_growth_year": -224.34,
            "eps_4q": -0.3,
            "eps_4q_growth_year": -750.49,
            "roe": -0.55,
            "roe_4q": -3.6400000000000006,
            "gross_profit": 3447,
            "gross_margin": 7.8,
            "gross_margin_4q_avg": 5.42,
            "net_income": -2169,
            "revenue": 44213,
            "common_shares": 513216,
            "book_valuer_per_share": 8.11,
            "book_valuer_per_share_4q_avg": 8.27,
            "equity": 393304,
            "current_ratio": 148.72,
            "debt_ratio": 14.16,
            "inventory_turnover_ratio": 3.58,
            "account_receivable_turnover_ratio": 1.05,
            "reinvestment_rate": null,
            "research_to_sale_ratio": null,
            "price_fair": 0.36,
            "eps_avg_yearly": 0.12,
            "eps_latest_yearly": 0.16,
            "eps_growth_yearly": -83.33
        },
        "20134": {
            "year_quarter": 20134,
            "year": 2013,
            "quarter": 4,
            "eps": -0.06,
            "eps_growth_year": -238.52,
            "eps_4q": -0.4,
            "eps_4q_growth_year": -6845.52,
            "roe": -0.73,
            "roe_4q": -4.87,
            "gross_profit": 3032,
            "gross_margin": 6.18,
            "gross_margin_4q_avg": 2.79,
            "net_income": -2837,
            "revenue": 49033,
            "common_shares": 513216,
            "book_valuer_per_share": 8.02,
            "book_valuer_per_share_4q_avg": 8.15,
            "equity": 388698,
            "current_ratio": 151.99,
            "debt_ratio": 16.21,
            "inventory_turnover_ratio": 3.59,
            "account_receivable_turnover_ratio": 1.04,
            "reinvestment_rate": null,
            "research_to_sale_ratio": null,
            "price_fair": 0.36,
            "eps_avg_yearly": 0.12,
            "eps_latest_yearly": 0.16,
            "eps_growth_yearly": -83.33
        },
        "20141": {
            "year_quarter": 20141,
            "year": 2014,
            "quarter": 1,
            "eps": -0.08,
            "eps_growth_year": null,
            "eps_4q": -0.32,
            "eps_4q_growth_year": null,
            "roe": -0.97,
            "roe_4q": -3.9699999999999998,
            "gross_profit": 2726,
            "gross_margin": 6.95,
            "gross_margin_4q_avg": 4.63,
            "net_income": -3746,
            "revenue": 39245,
            "common_shares": 513216,
            "book_valuer_per_share": 7.94,
            "book_valuer_per_share_4q_avg": 8.06,
            "equity": 384952,
            "current_ratio": 247.69,
            "debt_ratio": 13.98,
            "inventory_turnover_ratio": 2.75,
            "account_receivable_turnover_ratio": 0.91,
            "reinvestment_rate": null,
            "research_to_sale_ratio": null,
            "price_fair": 0.36,
            "eps_avg_yearly": 0.12,
            "eps_latest_yearly": 0.16,
            "eps_growth_yearly": -83.33
        },
        "20142": {
            "year_quarter": 20142,
            "year": 2014,
            "quarter": 2,
            "eps": -0.11,
            "eps_growth_year": null,
            "eps_4q": -0.29,
            "eps_4q_growth_year": null,
            "roe": -1.41,
            "roe_4q": -3.66,
            "gross_profit": 1950,
            "gross_margin": 4.82,
            "gross_margin_4q_avg": 6.44,
            "net_income": -5378,
            "revenue": 40425,
            "common_shares": 513216,
            "book_valuer_per_share": 7.83,
            "book_valuer_per_share_4q_avg": 7.98,
            "equity": 379574,
            "current_ratio": 224.52,
            "debt_ratio": 14.87,
            "inventory_turnover_ratio": 2.81,
            "account_receivable_turnover_ratio": 1.06,
            "reinvestment_rate": null,
            "research_to_sale_ratio": null,
            "price_fair": 0.36,
            "eps_avg_yearly": 0.12,
            "eps_latest_yearly": 0.16,
            "eps_growth_yearly": -83.33
        },
        "20143": {
            "year_quarter": 20143,
            "year": 2014,
            "quarter": 3,
            "eps": 0.02,
            "eps_growth_year": null,
            "eps_4q": -0.22,
            "eps_4q_growth_year": null,
            "roe": 0.3,
            "roe_4q": -2.81,
            "gross_profit": 7772,
            "gross_margin": 14.01,
            "gross_margin_4q_avg": 7.99,
            "net_income": 1140,
            "revenue": 55467,
            "common_shares": 513216,
            "book_valuer_per_share": 7.85,
            "book_valuer_per_share_4q_avg": 7.91,
            "equity": 380714,
            "current_ratio": 207.99,
            "debt_ratio": 16.38,
            "inventory_turnover_ratio": 3.18,
            "account_receivable_turnover_ratio": 1.23,
            "reinvestment_rate": null,
            "research_to_sale_ratio": null,
            "price_fair": 0.36,
            "eps_avg_yearly": 0.12,
            "eps_latest_yearly": 0.16,
            "eps_growth_yearly": -83.33
        },
        "20144": {
            "year_quarter": 20144,
            "year": 2014,
            "quarter": 4,
            "eps": -0.04,
            "eps_growth_year": null,
            "eps_4q": -0.21,
            "eps_4q_growth_year": null,
            "roe": -0.54,
            "roe_4q": -2.62,
            "gross_profit": 5912,
            "gross_margin": 10.25,
            "gross_margin_4q_avg": 9.01,
            "net_income": -2040,
            "revenue": 57656,
            "common_shares": 513216,
            "book_valuer_per_share": 7.77,
            "book_valuer_per_share_4q_avg": 7.85,
            "equity": 376910,
            "current_ratio": 196.46,
            "debt_ratio": 18.4,
            "inventory_turnover_ratio": 3.27,
            "account_receivable_turnover_ratio": 1.09,
            "reinvestment_rate": null,
            "research_to_sale_ratio": null,
            "price_fair": 0.36,
            "eps_avg_yearly": 0.12,
            "eps_latest_yearly": 0.16,
            "eps_growth_yearly": -83.33
        },
        "20151": {
            "year_quarter": 20151,
            "year": 2015,
            "quarter": 1,
            "eps": -0.04,
            "eps_growth_year": null,
            "eps_4q": -0.17,
            "eps_4q_growth_year": null,
            "roe": -0.53,
            "roe_4q": -2.1799999999999997,
            "gross_profit": 5570,
            "gross_margin": 11.66,
            "gross_margin_4q_avg": 10.19,
            "net_income": -2010,
            "revenue": 47762,
            "common_shares": 513216,
            "book_valuer_per_share": 7.73,
            "book_valuer_per_share_4q_avg": 7.8,
            "equity": 374900,
            "current_ratio": 226.66,
            "debt_ratio": 15.95,
            "inventory_turnover_ratio": 2.7,
            "account_receivable_turnover_ratio": 0.99,
            "reinvestment_rate": null,
            "research_to_sale_ratio": null,
            "price_fair": 0.36,
            "eps_avg_yearly": 0.12,
            "eps_latest_yearly": 0.16,
            "eps_growth_yearly": -83.33
        },
        "20152": {
            "year_quarter": 20152,
            "year": 2015,
            "quarter": 2,
            "eps": -0.08,
            "eps_growth_year": null,
            "eps_4q": -0.14,
            "eps_4q_growth_year": null,
            "roe": -1.01,
            "roe_4q": -1.78,
            "gross_profit": 2898,
            "gross_margin": 7.03,
            "gross_margin_4q_avg": 10.74,
            "net_income": -3783,
            "revenue": 41232,
            "common_shares": 513216,
            "book_valuer_per_share": 7.65,
            "book_valuer_per_share_4q_avg": 7.75,
            "equity": 371117,
            "current_ratio": 230.21,
            "debt_ratio": 15.52,
            "inventory_turnover_ratio": 2.36,
            "account_receivable_turnover_ratio": 0.99,
            "reinvestment_rate": null,
            "research_to_sale_ratio": null,
            "price_fair": 0.36,
            "eps_avg_yearly": 0.12,
            "eps_latest_yearly": 0.16,
            "eps_growth_yearly": -83.33
        },
        "20153": {
            "year_quarter": 20153,
            "year": 2015,
            "quarter": 3,
            "eps": -0.02,
            "eps_growth_year": -200,
            "eps_4q": -0.18,
            "eps_4q_growth_year": null,
            "roe": -0.21,
            "roe_4q": -2.29,
            "gross_profit": 6611,
            "gross_margin": 11.68,
            "gross_margin_4q_avg": 10.16,
            "net_income": -774,
            "revenue": 56591,
            "common_shares": 513216,
            "book_valuer_per_share": 7.64,
            "book_valuer_per_share_4q_avg": 7.7,
            "equity": 370343,
            "current_ratio": 202.61,
            "debt_ratio": 17.73,
            "inventory_turnover_ratio": 2.82,
            "account_receivable_turnover_ratio": 1.15,
            "reinvestment_rate": null,
            "research_to_sale_ratio": null,
            "price_fair": 0.36,
            "eps_avg_yearly": 0.12,
            "eps_latest_yearly": 0.16,
            "eps_growth_yearly": -83.33
        },
        "20154": {
            "year_quarter": 20154,
            "year": 2015,
            "quarter": 4,
            "eps": -0.01,
            "eps_growth_year": null,
            "eps_4q": -0.15,
            "eps_4q_growth_year": null,
            "roe": -0.19,
            "roe_4q": -1.9400000000000002,
            "gross_profit": 9385,
            "gross_margin": 13.14,
            "gross_margin_4q_avg": 10.88,
            "net_income": -692,
            "revenue": 71422,
            "common_shares": 513216,
            "book_valuer_per_share": 7.6,
            "book_valuer_per_share_4q_avg": 7.66,
            "equity": 368452,
            "current_ratio": 178.26,
            "debt_ratio": 22.14,
            "inventory_turnover_ratio": 3.54,
            "account_receivable_turnover_ratio": 1.16,
            "reinvestment_rate": null,
            "research_to_sale_ratio": null,
            "price_fair": 0.36,
            "eps_avg_yearly": 0.12,
            "eps_latest_yearly": 0.16,
            "eps_growth_yearly": -83.33
        },
        "20161": {
            "year_quarter": 20161,
            "year": 2016,
            "quarter": 1,
            "eps": -0.02,
            "eps_growth_year": null,
            "eps_4q": -0.13,
            "eps_4q_growth_year": null,
            "roe": -0.27,
            "roe_4q": -1.6800000000000002,
            "gross_profit": 6599,
            "gross_margin": 12.38,
            "gross_margin_4q_avg": 11.06,
            "net_income": -1005,
            "revenue": 53290,
            "common_shares": 513216,
            "book_valuer_per_share": 7.58,
            "book_valuer_per_share_4q_avg": 7.62,
            "equity": 367443,
            "current_ratio": 127.88,
            "debt_ratio": 18.95,
            "inventory_turnover_ratio": 2.99,
            "account_receivable_turnover_ratio": 0.96,
            "reinvestment_rate": null,
            "research_to_sale_ratio": null,
            "price_fair": 5.6,
            "eps_avg_yearly": 0.16,
            "eps_latest_yearly": 0.16,
            "eps_growth_yearly": 133.33
        },
        "20162": {
            "year_quarter": 20162,
            "year": 2016,
            "quarter": 2,
            "eps": -0.12,
            "eps_growth_year": null,
            "eps_4q": -0.17,
            "eps_4q_growth_year": null,
            "roe": -1.61,
            "roe_4q": -2.2800000000000002,
            "gross_profit": 3399,
            "gross_margin": 8.18,
            "gross_margin_4q_avg": 11.35,
            "net_income": -5851,
            "revenue": 41553,
            "common_shares": 513216,
            "book_valuer_per_share": 7.46,
            "book_valuer_per_share_4q_avg": 7.57,
            "equity": 361608,
            "current_ratio": 198.69,
            "debt_ratio": 18.64,
            "inventory_turnover_ratio": 2.6,
            "account_receivable_turnover_ratio": 0.99,
            "reinvestment_rate": null,
            "research_to_sale_ratio": null,
            "price_fair": 5.6,
            "eps_avg_yearly": 0.16,
            "eps_latest_yearly": 0.16,
            "eps_growth_yearly": 133.33
        },
        "20163": {
            "year_quarter": 20163,
            "year": 2016,
            "quarter": 3,
            "eps": 0.03,
            "eps_growth_year": null,
            "eps_4q": -0.12,
            "eps_4q_growth_year": null,
            "roe": 0.44,
            "roe_4q": -1.6300000000000001,
            "gross_profit": 7065,
            "gross_margin": 12.6,
            "gross_margin_4q_avg": 11.58,
            "net_income": 1595,
            "revenue": 56066,
            "common_shares": 513216,
            "book_valuer_per_share": 7.49,
            "book_valuer_per_share_4q_avg": 7.53,
            "equity": 363200,
            "current_ratio": 194.54,
            "debt_ratio": 19.22,
            "inventory_turnover_ratio": 3.39,
            "account_receivable_turnover_ratio": 1.2,
            "reinvestment_rate": null,
            "research_to_sale_ratio": null,
            "price_fair": 5.6,
            "eps_avg_yearly": 0.16,
            "eps_latest_yearly": 0.16,
            "eps_growth_yearly": 133.33
        },
        "20164": {
            "year_quarter": 20164,
            "year": 2016,
            "quarter": 4,
            "eps": -0.09,
            "eps_growth_year": null,
            "eps_4q": -0.2,
            "eps_4q_growth_year": null,
            "roe": -1.21,
            "roe_4q": -2.65,
            "gross_profit": 3327,
            "gross_margin": 6.27,
            "gross_margin_4q_avg": 9.86,
            "net_income": -4356,
            "revenue": 53029,
            "common_shares": 513216,
            "book_valuer_per_share": 7.34,
            "book_valuer_per_share_4q_avg": 7.47,
            "equity": 356065,
            "current_ratio": 179.24,
            "debt_ratio": 22.73,
            "inventory_turnover_ratio": 3.77,
            "account_receivable_turnover_ratio": 0.99,
            "reinvestment_rate": null,
            "research_to_sale_ratio": null,
            "price_fair": 0,
            "eps_avg_yearly": 0,
            "eps_latest_yearly": 0,
            "eps_growth_yearly": 0
        },
        "20171": {
            "year_quarter": 20171,
            "year": 2017,
            "quarter": 1,
            "eps": -0.1,
            "eps_growth_year": null,
            "eps_4q": -0.28,
            "eps_4q_growth_year": null,
            "roe": -1.42,
            "roe_4q": -3.8,
            "gross_profit": 3194,
            "gross_margin": 7.91,
            "gross_margin_4q_avg": 8.74,
            "net_income": -5011,
            "revenue": 40368,
            "common_shares": 513216,
            "book_valuer_per_share": 7.24,
            "book_valuer_per_share_4q_avg": 7.38,
            "equity": 351054,
            "current_ratio": 204.06,
            "debt_ratio": 20.05,
            "inventory_turnover_ratio": 3.15,
            "account_receivable_turnover_ratio": 0.87,
            "reinvestment_rate": null,
            "research_to_sale_ratio": null,
            "price_fair": 0,
            "eps_avg_yearly": 0,
            "eps_latest_yearly": 0,
            "eps_growth_yearly": 0
        },
        "20172": {
            "year_quarter": 20172,
            "year": 2017,
            "quarter": 2,
            "eps": -0.07,
            "eps_growth_year": null,
            "eps_4q": -0.23,
            "eps_4q_growth_year": null,
            "roe": -0.99,
            "roe_4q": -3.18,
            "gross_profit": 3917,
            "gross_margin": 10.77,
            "gross_margin_4q_avg": 9.39,
            "net_income": -3469,
            "revenue": 36361,
            "common_shares": 513216,
            "book_valuer_per_share": 7.16,
            "book_valuer_per_share_4q_avg": 7.31,
            "equity": 347585,
            "current_ratio": 205.29,
            "debt_ratio": 19.7,
            "inventory_turnover_ratio": 2.82,
            "account_receivable_turnover_ratio": 0.96,
            "reinvestment_rate": null,
            "research_to_sale_ratio": null,
            "price_fair": 0,
            "eps_avg_yearly": 0,
            "eps_latest_yearly": 0,
            "eps_growth_yearly": 0
        },
        "20173": {
            "year_quarter": 20173,
            "year": 2017,
            "quarter": 3,
            "eps": 0.07,
            "eps_growth_year": 133.33,
            "eps_4q": -0.19,
            "eps_4q_growth_year": null,
            "roe": 1.01,
            "roe_4q": -2.61,
            "gross_profit": 9444,
            "gross_margin": 17.19,
            "gross_margin_4q_avg": 10.54,
            "net_income": 3515,
            "revenue": 54949,
            "common_shares": 513216,
            "book_valuer_per_share": 7.24,
            "book_valuer_per_share_4q_avg": 7.25,
            "equity": 351100,
            "current_ratio": 183.43,
            "debt_ratio": 23.56,
            "inventory_turnover_ratio": 3.64,
            "account_receivable_turnover_ratio": 1.25,
            "reinvestment_rate": null,
            "research_to_sale_ratio": null,
            "price_fair": 0,
            "eps_avg_yearly": 0,
            "eps_latest_yearly": 0,
            "eps_growth_yearly": 0
        },
        "20174": {
            "year_quarter": 20174,
            "year": 2017,
            "quarter": 4,
            "eps": -0.04,
            "eps_growth_year": null,
            "eps_4q": -0.14,
            "eps_4q_growth_year": null,
            "roe": -0.55,
            "roe_4q": -1.95,
            "gross_profit": 11173,
            "gross_margin": 18.19,
            "gross_margin_4q_avg": 13.52,
            "net_income": -1921,
            "revenue": 61421,
            "common_shares": 513216,
            "book_valuer_per_share": 7.17,
            "book_valuer_per_share_4q_avg": 7.2,
            "equity": 347515,
            "current_ratio": 174.07,
            "debt_ratio": 25.84,
            "inventory_turnover_ratio": 3.84,
            "account_receivable_turnover_ratio": 1.1,
            "reinvestment_rate": null,
            "research_to_sale_ratio": null,
            "price_fair": 0,
            "eps_avg_yearly": 0,
            "eps_latest_yearly": 0,
            "eps_growth_yearly": 0
        },
        "20181": {
            "year_quarter": 20181,
            "year": 2018,
            "quarter": 1,
            "eps": 0,
            "eps_growth_year": null,
            "eps_4q": -0.04,
            "eps_4q_growth_year": null,
            "roe": -0.03,
            "roe_4q": -0.56,
            "gross_profit": 8130,
            "gross_margin": 18.46,
            "gross_margin_4q_avg": 16.15,
            "net_income": -101,
            "revenue": 44038,
            "common_shares": 513216,
            "book_valuer_per_share": 7.16,
            "book_valuer_per_share_4q_avg": 7.18,
            "equity": 347414,
            "current_ratio": 214.03,
            "debt_ratio": 22.27,
            "inventory_turnover_ratio": 2.91,
            "account_receivable_turnover_ratio": 0.89,
            "reinvestment_rate": null,
            "research_to_sale_ratio": null,
            "price_fair": 0,
            "eps_avg_yearly": 0,
            "eps_latest_yearly": 0,
            "eps_growth_yearly": 0
        },
        "20182": {
            "year_quarter": 20182,
            "year": 2018,
            "quarter": 2,
            "eps": -0.01,
            "eps_growth_year": null,
            "eps_4q": 0.02,
            "eps_4q_growth_year": null,
            "roe": -0.16,
            "roe_4q": 0.27,
            "gross_profit": 5771,
            "gross_margin": 15.21,
            "gross_margin_4q_avg": 17.26,
            "net_income": -546,
            "revenue": 37931,
            "common_shares": 513216,
            "book_valuer_per_share": 7.15,
            "book_valuer_per_share_4q_avg": 7.18,
            "equity": 346868,
            "current_ratio": 98.7,
            "debt_ratio": 21.58,
            "inventory_turnover_ratio": 2.76,
            "account_receivable_turnover_ratio": 0.92,
            "reinvestment_rate": null,
            "research_to_sale_ratio": null,
            "price_fair": 0,
            "eps_avg_yearly": 0,
            "eps_latest_yearly": 0,
            "eps_growth_yearly": 0
        },
        "20183": {
            "year_quarter": 20183,
            "year": 2018,
            "quarter": 3,
            "eps": 0.01,
            "eps_growth_year": -85.71,
            "eps_4q": -0.05,
            "eps_4q_growth_year": null,
            "roe": 0.11,
            "roe_4q": -0.63,
            "gross_profit": 6971,
            "gross_margin": 14.46,
            "gross_margin_4q_avg": 16.58,
            "net_income": 368,
            "revenue": 48224,
            "common_shares": 513216,
            "book_valuer_per_share": 7.16,
            "book_valuer_per_share_4q_avg": 7.16,
            "equity": 347236,
            "current_ratio": 65.82,
            "debt_ratio": 30.82,
            "inventory_turnover_ratio": 3.35,
            "account_receivable_turnover_ratio": 1,
            "reinvestment_rate": null,
            "research_to_sale_ratio": null,
            "price_fair": 0,
            "eps_avg_yearly": 0,
            "eps_latest_yearly": 0,
            "eps_growth_yearly": 0
        },
        "20184": {
            "year_quarter": 20184,
            "year": 2018,
            "quarter": 4,
            "eps": 0.02,
            "eps_growth_year": null,
            "eps_4q": 0.01,
            "eps_4q_growth_year": null,
            "roe": 0.21,
            "roe_4q": 0.13,
            "gross_profit": 9151,
            "gross_margin": 16.32,
            "gross_margin_4q_avg": 16.11,
            "net_income": 717,
            "revenue": 56070,
            "common_shares": 340374,
            "book_valuer_per_share": 10.9,
            "book_valuer_per_share_4q_avg": 8.09,
            "equity": 350445,
            "current_ratio": 68.46,
            "debt_ratio": 31.5,
            "inventory_turnover_ratio": 3.96,
            "account_receivable_turnover_ratio": 1.01,
            "reinvestment_rate": null,
            "research_to_sale_ratio": null,
            "price_fair": 2.8,
            "eps_avg_yearly": 0.08,
            "eps_latest_yearly": 0.08,
            "eps_growth_yearly": 400
        },
        "20191": {
            "year_quarter": 20191,
            "year": 2019,
            "quarter": 1,
            "eps": -0.01,
            "eps_growth_year": null,
            "eps_4q": -0.09,
            "eps_4q_growth_year": null,
            "roe": -0.94,
            "roe_4q": -0.78,
            "gross_profit": 4450,
            "gross_margin": 11.57,
            "gross_margin_4q_avg": 14.39,
            "net_income": -3276,
            "revenue": 38473,
            "common_shares": 340374,
            "book_valuer_per_share": 10.8,
            "book_valuer_per_share_4q_avg": 9,
            "equity": 347379,
            "current_ratio": 72.59,
            "debt_ratio": 36.19,
            "inventory_turnover_ratio": 2.99,
            "account_receivable_turnover_ratio": 0.81,
            "reinvestment_rate": null,
            "research_to_sale_ratio": null,
            "price_fair": 2.8,
            "eps_avg_yearly": 0.08,
            "eps_latest_yearly": 0.08,
            "eps_growth_yearly": 400
        },
        "20192": {
            "year_quarter": 20192,
            "year": 2019,
            "quarter": 2,
            "eps": 0.15,
            "eps_growth_year": null,
            "eps_4q": 0.08,
            "eps_4q_growth_year": 311.27,
            "roe": 1.37,
            "roe_4q": 0.7500000000000001,
            "gross_profit": 6099,
            "gross_margin": 16,
            "gross_margin_4q_avg": 14.59,
            "net_income": 4774,
            "revenue": 38108,
            "common_shares": 340374,
            "book_valuer_per_share": 10.84,
            "book_valuer_per_share_4q_avg": 9.93,
            "equity": 348687,
            "current_ratio": 67.5,
            "debt_ratio": 31.6,
            "inventory_turnover_ratio": 2.64,
            "account_receivable_turnover_ratio": 1.01,
            "reinvestment_rate": null,
            "research_to_sale_ratio": null,
            "price_fair": 2.8,
            "eps_avg_yearly": 0.08,
            "eps_latest_yearly": 0.08,
            "eps_growth_yearly": 400
        },
        "20193": {
            "year_quarter": 20193,
            "year": 2019,
            "quarter": 3,
            "eps": 0.22,
            "eps_growth_year": 2100,
            "eps_4q": 0.29,
            "eps_4q_growth_year": null,
            "roe": 2.01,
            "roe_4q": 2.65,
            "gross_profit": 10776,
            "gross_margin": 21.11,
            "gross_margin_4q_avg": 16.25,
            "net_income": 7120,
            "revenue": 51052,
            "common_shares": 340374,
            "book_valuer_per_share": 11.17,
            "book_valuer_per_share_4q_avg": 10.93,
            "equity": 359310,
            "current_ratio": 53.77,
            "debt_ratio": 37.16,
            "inventory_turnover_ratio": 2.95,
            "account_receivable_turnover_ratio": 1.12,
            "reinvestment_rate": null,
            "research_to_sale_ratio": null,
            "price_fair": 16.8,
            "eps_avg_yearly": 0.48,
            "eps_latest_yearly": 0.88,
            "eps_growth_yearly": 293.33
        },
        "20194": {
            "year_quarter": 20194,
            "year": 2019,
            "quarter": 4,
            "eps": 0.05,
            "eps_growth_year": 108.23,
            "eps_4q": 0.31,
            "eps_4q_growth_year": 2208.5,
            "roe": 0.41,
            "roe_4q": 2.85,
            "gross_profit": 9642,
            "gross_margin": 14.08,
            "gross_margin_4q_avg": 15.69,
            "net_income": 1493,
            "revenue": 68500,
            "common_shares": 340374,
            "book_valuer_per_share": 11.23,
            "book_valuer_per_share_4q_avg": 11.01,
            "equity": 361238,
            "current_ratio": 35.28,
            "debt_ratio": 50.18,
            "inventory_turnover_ratio": 4.21,
            "account_receivable_turnover_ratio": 1.09,
            "reinvestment_rate": null,
            "research_to_sale_ratio": null,
            "price_fair": 13.53,
            "eps_avg_yearly": 0.39,
            "eps_latest_yearly": 0.2,
            "eps_growth_yearly": 92.53
        },
        "20201": {
            "year_quarter": 20201,
            "year": 2020,
            "quarter": 1,
            "eps": -0.18,
            "eps_growth_year": null,
            "eps_4q": 0.24,
            "eps_4q_growth_year": null,
            "roe": -1.62,
            "roe_4q": 2.17,
            "gross_profit": 5586,
            "gross_margin": 12.09,
            "gross_margin_4q_avg": 15.82,
            "net_income": -5738,
            "revenue": 46207,
            "common_shares": 340374,
            "book_valuer_per_share": 10.79,
            "book_valuer_per_share_4q_avg": 11.01,
            "equity": 347052,
            "current_ratio": 23.13,
            "debt_ratio": 54.96,
            "inventory_turnover_ratio": 3.01,
            "account_receivable_turnover_ratio": 0.84,
            "reinvestment_rate": null,
            "research_to_sale_ratio": null,
            "price_fair": 13.53,
            "eps_avg_yearly": 0.39,
            "eps_latest_yearly": 0.2,
            "eps_growth_yearly": 92.53
        },
        "20202": {
            "year_quarter": 20202,
            "year": 2020,
            "quarter": 2,
            "eps": -0.02,
            "eps_growth_year": -113.33,
            "eps_4q": 0.07,
            "eps_4q_growth_year": -12.2,
            "roe": -0.17,
            "roe_4q": 0.6299999999999997,
            "gross_profit": 4696,
            "gross_margin": 13.13,
            "gross_margin_4q_avg": 15.1,
            "net_income": -607,
            "revenue": 35752,
            "common_shares": 340374,
            "book_valuer_per_share": 10.85,
            "book_valuer_per_share_4q_avg": 11.01,
            "equity": 349076,
            "current_ratio": 19.43,
            "debt_ratio": 67.47,
            "inventory_turnover_ratio": 2.28,
            "account_receivable_turnover_ratio": 0.98,
            "reinvestment_rate": null,
            "research_to_sale_ratio": null,
            "price_fair": 13.53,
            "eps_avg_yearly": 0.39,
            "eps_latest_yearly": 0.2,
            "eps_growth_yearly": 92.53
        },
        "20203": {
            "year_quarter": 20203,
            "year": 2020,
            "quarter": 3,
            "eps": 0.2,
            "eps_growth_year": -9.09,
            "eps_4q": 0.05,
            "eps_4q_growth_year": -84.09,
            "roe": 1.79,
            "roe_4q": 0.41,
            "gross_profit": 5368,
            "gross_margin": 11.44,
            "gross_margin_4q_avg": 12.69,
            "net_income": 6337,
            "revenue": 46932,
            "common_shares": 340374,
            "book_valuer_per_share": 11.19,
            "book_valuer_per_share_4q_avg": 11.02,
            "equity": 359974,
            "current_ratio": 23.92,
            "debt_ratio": 66.37,
            "inventory_turnover_ratio": 3.1,
            "account_receivable_turnover_ratio": 1.12,
            "reinvestment_rate": null,
            "research_to_sale_ratio": null,
            "price_fair": 13.53,
            "eps_avg_yearly": 0.39,
            "eps_latest_yearly": 0.2,
            "eps_growth_yearly": 92.53
        },
        "20204": {
            "year_quarter": 20204,
            "year": 2020,
            "quarter": 4,
            "eps": 0.08,
            "eps_growth_year": 66.91,
            "eps_4q": 0.08,
            "eps_4q_growth_year": -75.43,
            "roe": 0.69,
            "roe_4q": 0.69,
            "gross_profit": 10270,
            "gross_margin": 17.8,
            "gross_margin_4q_avg": 13.62,
            "net_income": 2492,
            "revenue": 57694,
            "common_shares": 340374,
            "book_valuer_per_share": 11.32,
            "book_valuer_per_share_4q_avg": 11.04,
            "equity": 363965,
            "current_ratio": 25.91,
            "debt_ratio": 66.47,
            "inventory_turnover_ratio": 3.5,
            "account_receivable_turnover_ratio": 1.1,
            "reinvestment_rate": 7999.72,
            "research_to_sale_ratio": null,
            "price_fair": 7.18,
            "eps_avg_yearly": 0.37,
            "eps_latest_yearly": 0.32,
            "eps_growth_yearly": 9.39
        },
        "20211": {
            "year_quarter": 20211,
            "year": 2021,
            "quarter": 1,
            "eps": -0.15,
            "eps_growth_year": null,
            "eps_4q": 0.11,
            "eps_4q_growth_year": -55.52,
            "roe": -1.34,
            "roe_4q": 0.9699999999999999,
            "gross_profit": 4896,
            "gross_margin": 11.23,
            "gross_margin_4q_avg": 13.4,
            "net_income": -4820,
            "revenue": 43605,
            "common_shares": 340374,
            "book_valuer_per_share": 11.08,
            "book_valuer_per_share_4q_avg": 11.11,
            "equity": 356241,
            "current_ratio": 21.87,
            "debt_ratio": 66.78,
            "inventory_turnover_ratio": 2.71,
            "account_receivable_turnover_ratio": 0.93,
            "reinvestment_rate": 7873.08,
            "research_to_sale_ratio": null,
            "price_fair": 7.18,
            "eps_avg_yearly": 0.37,
            "eps_latest_yearly": 0.32,
            "eps_growth_yearly": 9.39
        },
        "20212": {
            "year_quarter": 20212,
            "year": 2021,
            "quarter": 2,
            "eps": -0.07,
            "eps_growth_year": null,
            "eps_4q": 0.05,
            "eps_4q_growth_year": -26.56,
            "roe": -0.66,
            "roe_4q": 0.48,
            "gross_profit": 6441,
            "gross_margin": 14.34,
            "gross_margin_4q_avg": 13.7,
            "net_income": -2344,
            "revenue": 44906,
            "common_shares": 340374,
            "book_valuer_per_share": 11.01,
            "book_valuer_per_share_4q_avg": 11.15,
            "equity": 353937,
            "current_ratio": 23.97,
            "debt_ratio": 67.67,
            "inventory_turnover_ratio": 2.14,
            "account_receivable_turnover_ratio": 1.09,
            "reinvestment_rate": 6767.98,
            "research_to_sale_ratio": null,
            "price_fair": 7.18,
            "eps_avg_yearly": 0.37,
            "eps_latest_yearly": 0.32,
            "eps_growth_yearly": 9.39
        },
        "20213": {
            "year_quarter": 20213,
            "year": 2021,
            "quarter": 3,
            "eps": 0.17,
            "eps_growth_year": -15,
            "eps_4q": 0.03,
            "eps_4q_growth_year": -44.44,
            "roe": 1.54,
            "roe_4q": 0.22999999999999987,
            "gross_profit": 11962,
            "gross_margin": 19.18,
            "gross_margin_4q_avg": 15.64,
            "net_income": 5497,
            "revenue": 62365,
            "common_shares": 340374,
            "book_valuer_per_share": 11.17,
            "book_valuer_per_share_4q_avg": 11.15,
            "equity": 359195,
            "current_ratio": 28.32,
            "debt_ratio": 68.34,
            "inventory_turnover_ratio": 2.57,
            "account_receivable_turnover_ratio": 1.16,
            "reinvestment_rate": 5294.68,
            "research_to_sale_ratio": null,
            "price_fair": 7.18,
            "eps_avg_yearly": 0.37,
            "eps_latest_yearly": 0.32,
            "eps_growth_yearly": 9.39
        },
        "20214": {
            "year_quarter": 20214,
            "year": 2021,
            "quarter": 4,
            "eps": 0.15,
            "eps_growth_year": 95.87,
            "eps_4q": 0.1,
            "eps_4q_growth_year": 29.39,
            "roe": 1.35,
            "roe_4q": 0.8899999999999999,
            "gross_profit": 14074,
            "gross_margin": 20.68,
            "gross_margin_4q_avg": 16.36,
            "net_income": 4881,
            "revenue": 68058,
            "common_shares": 340374,
            "book_valuer_per_share": 11.35,
            "book_valuer_per_share_4q_avg": 11.15,
            "equity": 364987,
            "current_ratio": 24.71,
            "debt_ratio": 68.5,
            "inventory_turnover_ratio": 2.97,
            "account_receivable_turnover_ratio": 1.02,
            "reinvestment_rate": 3240.97,
            "research_to_sale_ratio": null,
            "price_fair": 1.25,
            "eps_avg_yearly": 0.42,
            "eps_latest_yearly": 0.6,
            "eps_growth_yearly": -1.9
        },
        "20221": {
            "year_quarter": 20221,
            "year": 2022,
            "quarter": 1,
            "eps": 0.29,
            "eps_growth_year": null,
            "eps_4q": 0.54,
            "eps_4q_growth_year": 414.26,
            "roe": 2.55,
            "roe_4q": 4.779999999999999,
            "gross_profit": 10691,
            "gross_margin": 18.77,
            "gross_margin_4q_avg": 18.24,
            "net_income": 9461,
            "revenue": 56966,
            "common_shares": 340374,
            "book_valuer_per_share": 11.68,
            "book_valuer_per_share_4q_avg": 11.3,
            "equity": 375677,
            "current_ratio": 23.45,
            "debt_ratio": 67.95,
            "inventory_turnover_ratio": 2.64,
            "account_receivable_turnover_ratio": 0.91,
            "reinvestment_rate": 2241.55,
            "research_to_sale_ratio": null,
            "price_fair": 18.9,
            "eps_avg_yearly": 0.54,
            "eps_latest_yearly": 1.16,
            "eps_growth_yearly": 60.64
        },
        "20222": {
            "year_quarter": 20222,
            "year": 2022,
            "quarter": 2,
            "eps": -0.2,
            "eps_growth_year": null,
            "eps_4q": 0.42,
            "eps_4q_growth_year": 708.76,
            "roe": -1.71,
            "roe_4q": 3.73,
            "gross_profit": 4827,
            "gross_margin": 10.2,
            "gross_margin_4q_avg": 17.21,
            "net_income": -6369,
            "revenue": 47341,
            "common_shares": 340374,
            "book_valuer_per_share": 11.42,
            "book_valuer_per_share_4q_avg": 11.41,
            "equity": 367203,
            "current_ratio": 20.01,
            "debt_ratio": 68.84,
            "inventory_turnover_ratio": 2.28,
            "account_receivable_turnover_ratio": 0.91,
            "reinvestment_rate": 2971.32,
            "research_to_sale_ratio": null,
            "price_fair": 18.9,
            "eps_avg_yearly": 0.54,
            "eps_latest_yearly": 1.16,
            "eps_growth_yearly": 60.64
        },
        "20223": {
            "year_quarter": 20223,
            "year": 2022,
            "quarter": 3,
            "eps": 0.03,
            "eps_growth_year": -82.35,
            "eps_4q": 0.28,
            "eps_4q_growth_year": 972.72,
            "roe": 0.24,
            "roe_4q": 2.4299999999999997,
            "gross_profit": 7154,
            "gross_margin": 11.35,
            "gross_margin_4q_avg": 15.25,
            "net_income": 877,
            "revenue": 63004,
            "common_shares": 340374,
            "book_valuer_per_share": 11.48,
            "book_valuer_per_share_4q_avg": 11.48,
            "equity": 369223,
            "current_ratio": 20.94,
            "debt_ratio": 69.88,
            "inventory_turnover_ratio": 2.53,
            "account_receivable_turnover_ratio": 1.11,
            "reinvestment_rate": 3116.99,
            "research_to_sale_ratio": null,
            "price_fair": 18.9,
            "eps_avg_yearly": 0.54,
            "eps_latest_yearly": 1.16,
            "eps_growth_yearly": 60.64
        },
        "20224": {
            "year_quarter": 20224,
            "year": 2022,
            "quarter": 4,
            "eps": -0.28,
            "eps_growth_year": -283.82,
            "eps_4q": -0.16,
            "eps_4q_growth_year": -255.66,
            "roe": -2.47,
            "roe_4q": -1.3900000000000006,
            "gross_profit": 3821,
            "gross_margin": 6.22,
            "gross_margin_4q_avg": 11.64,
            "net_income": -8972,
            "revenue": 61467,
            "common_shares": 340374,
            "book_valuer_per_share": 11.14,
            "book_valuer_per_share_4q_avg": 11.43,
            "equity": 358386,
            "current_ratio": 142.35,
            "debt_ratio": 71.33,
            "inventory_turnover_ratio": 2.58,
            "account_receivable_turnover_ratio": 0.96,
            "reinvestment_rate": 5974.38,
            "research_to_sale_ratio": null,
            "price_fair": 1.9,
            "eps_avg_yearly": 0.63,
            "eps_latest_yearly": 1.16,
            "eps_growth_yearly": -7.23
        },
        "20231": {
            "year_quarter": 20231,
            "year": 2023,
            "quarter": 1,
            "eps": -0.36,
            "eps_growth_year": -224.14,
            "eps_4q": -0.81,
            "eps_4q_growth_year": -248.83,
            "roe": -3.29,
            "roe_4q": -7.2299999999999995,
            "gross_profit": 2174,
            "gross_margin": 4.69,
            "gross_margin_4q_avg": 8.12,
            "net_income": -11574,
            "revenue": 46311,
            "common_shares": 340374,
            "book_valuer_per_share": 10.73,
            "book_valuer_per_share_4q_avg": 11.19,
            "equity": 344949,
            "current_ratio": 110.93,
            "debt_ratio": 72.12,
            "inventory_turnover_ratio": 2.08,
            "account_receivable_turnover_ratio": 0.88,
            "reinvestment_rate": 27074.84,
            "research_to_sale_ratio": null,
            "price_fair": 1.9,
            "eps_avg_yearly": 0.63,
            "eps_latest_yearly": 1.16,
            "eps_growth_yearly": -7.23
        }
    },
    "months": {
        "2001-06": {
            "month": "2001-06",
            "price": "5.41",
            "revenue": 24473
        },
        "2001-07": {
            "month": "2001-07",
            "price": "4.52",
            "revenue": 27498
        },
        "2001-08": {
            "month": "2001-08",
            "price": "4.18",
            "revenue": 31070
        },
        "2001-09": {
            "month": "2001-09",
            "price": "3.93",
            "revenue": 33318
        },
        "2001-10": {
            "month": "2001-10",
            "price": "3.90",
            "revenue": 35810
        },
        "2001-11": {
            "month": "2001-11",
            "price": "3.74",
            "revenue": 31801
        },
        "2001-12": {
            "month": "2001-12",
            "price": "4.58",
            "revenue": 28882
        },
        "2002-01": {
            "month": "2002-01",
            "price": "5.11",
            "revenue": 27590
        },
        "2002-02": {
            "month": "2002-02",
            "price": "5.00",
            "revenue": 22370
        },
        "2002-03": {
            "month": "2002-03",
            "price": "4.74",
            "revenue": 34133
        },
        "2002-04": {
            "month": "2002-04",
            "price": "5.66",
            "revenue": 24411
        },
        "2002-05": {
            "month": "2002-05",
            "price": "6.55",
            "revenue": 23905
        },
        "2002-06": {
            "month": "2002-06",
            "price": "5.70",
            "revenue": 13778
        },
        "2002-07": {
            "month": "2002-07",
            "price": "5.21",
            "revenue": 26587
        },
        "2002-08": {
            "month": "2002-08",
            "price": "4.15",
            "revenue": 23953
        },
        "2002-09": {
            "month": "2002-09",
            "price": "4.60",
            "revenue": 30480
        },
        "2002-10": {
            "month": "2002-10",
            "price": "4.61",
            "revenue": 39202
        },
        "2002-11": {
            "month": "2002-11",
            "price": "4.76",
            "revenue": 33673
        },
        "2002-12": {
            "month": "2002-12",
            "price": "4.60",
            "revenue": 28075
        },
        "2003-01": {
            "month": "2003-01",
            "price": "4.76",
            "revenue": 37763
        },
        "2003-02": {
            "month": "2003-02",
            "price": "4.78",
            "revenue": 26064
        },
        "2003-03": {
            "month": "2003-03",
            "price": "4.63",
            "revenue": 37354
        },
        "2003-04": {
            "month": "2003-04",
            "price": "4.19",
            "revenue": 27510
        },
        "2003-05": {
            "month": "2003-05",
            "price": "5.25",
            "revenue": 27208
        },
        "2003-06": {
            "month": "2003-06",
            "price": "5.49",
            "revenue": 28815
        },
        "2003-07": {
            "month": "2003-07",
            "price": "5.13",
            "revenue": 32805
        },
        "2003-08": {
            "month": "2003-08",
            "price": "5.00",
            "revenue": 30951
        },
        "2003-09": {
            "month": "2003-09",
            "price": "4.86",
            "revenue": 41511
        },
        "2003-10": {
            "month": "2003-10",
            "price": "5.10",
            "revenue": 39898
        },
        "2003-11": {
            "month": "2003-11",
            "price": "5.94",
            "revenue": 48990
        },
        "2003-12": {
            "month": "2003-12",
            "price": "5.90",
            "revenue": 38639
        },
        "2004-01": {
            "month": "2004-01",
            "price": "6.32",
            "revenue": 34510
        },
        "2004-02": {
            "month": "2004-02",
            "price": "8.42",
            "revenue": 36423
        },
        "2004-03": {
            "month": "2004-03",
            "price": "8.10",
            "revenue": 35284
        },
        "2004-04": {
            "month": "2004-04",
            "price": "7.95",
            "revenue": 32609
        },
        "2004-05": {
            "month": "2004-05",
            "price": "7.50",
            "revenue": 23778
        },
        "2004-06": {
            "month": "2004-06",
            "price": "7.08",
            "revenue": 27175
        },
        "2004-07": {
            "month": "2004-07",
            "price": "6.51",
            "revenue": 26515
        },
        "2004-08": {
            "month": "2004-08",
            "price": "6.02",
            "revenue": 24654
        },
        "2004-09": {
            "month": "2004-09",
            "price": "6.47",
            "revenue": 34342
        },
        "2004-10": {
            "month": "2004-10",
            "price": "6.34",
            "revenue": 38994
        },
        "2004-11": {
            "month": "2004-11",
            "price": "6.31",
            "revenue": 28526
        },
        "2004-12": {
            "month": "2004-12",
            "price": "5.91",
            "revenue": 27037
        },
        "2005-01": {
            "month": "2005-01",
            "price": "6.08",
            "revenue": 23290
        },
        "2005-02": {
            "month": "2005-02",
            "price": "6.07",
            "revenue": 19671
        },
        "2005-03": {
            "month": "2005-03",
            "price": "5.98",
            "revenue": 25942
        },
        "2005-04": {
            "month": "2005-04",
            "price": "5.91",
            "revenue": 21306
        },
        "2005-05": {
            "month": "2005-05",
            "price": "5.88",
            "revenue": 21960
        },
        "2005-06": {
            "month": "2005-06",
            "price": "5.99",
            "revenue": 19094
        },
        "2005-07": {
            "month": "2005-07",
            "price": "5.69",
            "revenue": 27950
        },
        "2005-08": {
            "month": "2005-08",
            "price": "5.31",
            "revenue": 23569
        },
        "2005-09": {
            "month": "2005-09",
            "price": "4.99",
            "revenue": 24539
        },
        "2005-10": {
            "month": "2005-10",
            "price": "4.58",
            "revenue": 27476
        },
        "2005-11": {
            "month": "2005-11",
            "price": "4.52",
            "revenue": 27569
        },
        "2005-12": {
            "month": "2005-12",
            "price": "4.63",
            "revenue": 18877
        },
        "2006-01": {
            "month": "2006-01",
            "price": "4.79",
            "revenue": 24978
        },
        "2006-02": {
            "month": "2006-02",
            "price": "4.79",
            "revenue": 14294
        },
        "2006-03": {
            "month": "2006-03",
            "price": "4.90",
            "revenue": 15549
        },
        "2006-04": {
            "month": "2006-04",
            "price": "5.14",
            "revenue": 15552
        },
        "2006-05": {
            "month": "2006-05",
            "price": "5.87",
            "revenue": 20455
        },
        "2006-06": {
            "month": "2006-06",
            "price": "5.48",
            "revenue": 15779
        },
        "2006-07": {
            "month": "2006-07",
            "price": "5.47",
            "revenue": 18945
        },
        "2006-08": {
            "month": "2006-08",
            "price": "5.50",
            "revenue": 22316
        },
        "2006-09": {
            "month": "2006-09",
            "price": "5.28",
            "revenue": 21552
        },
        "2006-10": {
            "month": "2006-10",
            "price": "5.31",
            "revenue": 20772
        },
        "2006-11": {
            "month": "2006-11",
            "price": "5.38",
            "revenue": 25415
        },
        "2006-12": {
            "month": "2006-12",
            "price": "5.99",
            "revenue": 18850
        },
        "2007-01": {
            "month": "2007-01",
            "price": "6.69",
            "revenue": 20779
        },
        "2007-02": {
            "month": "2007-02",
            "price": "7.08",
            "revenue": 14521
        },
        "2007-03": {
            "month": "2007-03",
            "price": "6.93",
            "revenue": 15574
        },
        "2007-04": {
            "month": "2007-04",
            "price": "6.94",
            "revenue": 12158
        },
        "2007-05": {
            "month": "2007-05",
            "price": "6.93",
            "revenue": 15613
        },
        "2007-06": {
            "month": "2007-06",
            "price": "6.86",
            "revenue": 14146
        },
        "2007-07": {
            "month": "2007-07",
            "price": "8.09",
            "revenue": 16973
        },
        "2007-08": {
            "month": "2007-08",
            "price": "7.16",
            "revenue": 15323
        },
        "2007-09": {
            "month": "2007-09",
            "price": "6.95",
            "revenue": 16942
        },
        "2007-10": {
            "month": "2007-10",
            "price": "7.14",
            "revenue": 14510
        },
        "2007-11": {
            "month": "2007-11",
            "price": "6.47",
            "revenue": 18706
        },
        "2007-12": {
            "month": "2007-12",
            "price": "6.29",
            "revenue": 15286
        },
        "2008-01": {
            "month": "2008-01",
            "price": "6.28",
            "revenue": 17945
        },
        "2008-02": {
            "month": "2008-02",
            "price": "6.41",
            "revenue": 10468
        },
        "2008-03": {
            "month": "2008-03",
            "price": "6.47",
            "revenue": 12578
        },
        "2008-04": {
            "month": "2008-04",
            "price": "6.51",
            "revenue": 10441
        },
        "2008-05": {
            "month": "2008-05",
            "price": "6.85",
            "revenue": 16109
        },
        "2008-06": {
            "month": "2008-06",
            "price": "6.00",
            "revenue": 16106
        },
        "2008-07": {
            "month": "2008-07",
            "price": "5.42",
            "revenue": 13122
        },
        "2008-08": {
            "month": "2008-08",
            "price": "4.87",
            "revenue": 15191
        },
        "2008-09": {
            "month": "2008-09",
            "price": "4.34",
            "revenue": 15646
        },
        "2008-10": {
            "month": "2008-10",
            "price": "3.94",
            "revenue": 16859
        },
        "2008-11": {
            "month": "2008-11",
            "price": "3.75",
            "revenue": 19221
        },
        "2008-12": {
            "month": "2008-12",
            "price": "3.66",
            "revenue": 22662
        },
        "2009-01": {
            "month": "2009-01",
            "price": "3.73",
            "revenue": 14936
        },
        "2009-02": {
            "month": "2009-02",
            "price": "3.64",
            "revenue": 11676
        },
        "2009-03": {
            "month": "2009-03",
            "price": "4.62",
            "revenue": 10019
        },
        "2009-04": {
            "month": "2009-04",
            "price": "5.10",
            "revenue": 14612
        },
        "2009-05": {
            "month": "2009-05",
            "price": "4.18",
            "revenue": 14081
        },
        "2009-06": {
            "month": "2009-06",
            "price": "4.20",
            "revenue": 12588
        },
        "2009-07": {
            "month": "2009-07",
            "price": "4.29",
            "revenue": 13044
        },
        "2009-08": {
            "month": "2009-08",
            "price": "4.81",
            "revenue": 16228
        },
        "2009-09": {
            "month": "2009-09",
            "price": "5.41",
            "revenue": 15548
        },
        "2009-10": {
            "month": "2009-10",
            "price": "5.79",
            "revenue": 19024
        },
        "2009-11": {
            "month": "2009-11",
            "price": "6.34",
            "revenue": 18114
        },
        "2009-12": {
            "month": "2009-12",
            "price": "6.11",
            "revenue": 24982
        },
        "2010-01": {
            "month": "2010-01",
            "price": "6.45",
            "revenue": 21491
        },
        "2010-02": {
            "month": "2010-02",
            "price": "6.15",
            "revenue": 11914
        },
        "2010-03": {
            "month": "2010-03",
            "price": "6.73",
            "revenue": 10725
        },
        "2010-04": {
            "month": "2010-04",
            "price": "7.64",
            "revenue": 13174
        },
        "2010-05": {
            "month": "2010-05",
            "price": "7.03",
            "revenue": 13235
        },
        "2010-06": {
            "month": "2010-06",
            "price": "6.87",
            "revenue": 10108
        },
        "2010-07": {
            "month": "2010-07",
            "price": "6.93",
            "revenue": 19396
        },
        "2010-08": {
            "month": "2010-08",
            "price": "7.09",
            "revenue": 17545
        },
        "2010-09": {
            "month": "2010-09",
            "price": "6.67",
            "revenue": 19646
        },
        "2010-10": {
            "month": "2010-10",
            "price": "6.68",
            "revenue": 14454
        },
        "2010-11": {
            "month": "2010-11",
            "price": "6.82",
            "revenue": 21553
        },
        "2010-12": {
            "month": "2010-12",
            "price": "6.88",
            "revenue": 23648
        },
        "2011-01": {
            "month": "2011-01",
            "price": "7.06",
            "revenue": 22482
        },
        "2011-02": {
            "month": "2011-02",
            "price": "7.20",
            "revenue": 11168
        },
        "2011-03": {
            "month": "2011-03",
            "price": "8.14",
            "revenue": 14081
        },
        "2011-04": {
            "month": "2011-04",
            "price": "8.04",
            "revenue": 14338
        },
        "2011-05": {
            "month": "2011-05",
            "price": "7.66",
            "revenue": 16103
        },
        "2011-06": {
            "month": "2011-06",
            "price": "7.64",
            "revenue": 14786
        },
        "2011-07": {
            "month": "2011-07",
            "price": "7.19",
            "revenue": 16955
        },
        "2011-08": {
            "month": "2011-08",
            "price": "6.35",
            "revenue": 20671
        },
        "2011-09": {
            "month": "2011-09",
            "price": "6.63",
            "revenue": 17150
        },
        "2011-10": {
            "month": "2011-10",
            "price": "6.54",
            "revenue": 22284
        },
        "2011-11": {
            "month": "2011-11",
            "price": "6.60",
            "revenue": 30376
        },
        "2011-12": {
            "month": "2011-12",
            "price": "5.81",
            "revenue": 28598
        },
        "2012-01": {
            "month": "2012-01",
            "price": "6.01",
            "revenue": 18502
        },
        "2012-02": {
            "month": "2012-02",
            "price": "6.59",
            "revenue": 12165
        },
        "2012-03": {
            "month": "2012-03",
            "price": "7.03",
            "revenue": 12688
        },
        "2012-04": {
            "month": "2012-04",
            "price": "7.99",
            "revenue": 14856
        },
        "2012-05": {
            "month": "2012-05",
            "price": "8.22",
            "revenue": 13190
        },
        "2012-06": {
            "month": "2012-06",
            "price": "8.38",
            "revenue": 12533
        },
        "2012-07": {
            "month": "2012-07",
            "price": "7.56",
            "revenue": 14268
        },
        "2012-08": {
            "month": "2012-08",
            "price": "8.46",
            "revenue": 17243
        },
        "2012-09": {
            "month": "2012-09",
            "price": "8.72",
            "revenue": 16681
        },
        "2012-10": {
            "month": "2012-10",
            "price": "8.64",
            "revenue": 15155
        },
        "2012-11": {
            "month": "2012-11",
            "price": "8.55",
            "revenue": 23948
        },
        "2012-12": {
            "month": "2012-12",
            "price": "8.76",
            "revenue": 25297
        },
        "2013-01": {
            "month": "2013-01",
            "price": "8.70",
            "revenue": 20890
        },
        "2013-02": {
            "month": "2013-02",
            "price": "8.38",
            "revenue": 11718
        },
        "2013-03": {
            "month": "2013-03",
            "price": "8.08",
            "revenue": 11488
        },
        "2013-04": {
            "month": "2013-04",
            "price": "8.25",
            "revenue": 11122
        },
        "2013-05": {
            "month": "2013-05",
            "price": "8.37",
            "revenue": 11623
        },
        "2013-06": {
            "month": "2013-06",
            "price": "8.67",
            "revenue": 10658
        },
        "2013-07": {
            "month": "2013-07",
            "price": "8.80",
            "revenue": 13171
        },
        "2013-08": {
            "month": "2013-08",
            "price": "9.73",
            "revenue": 16024
        },
        "2013-09": {
            "month": "2013-09",
            "price": "9.89",
            "revenue": 15017
        },
        "2013-10": {
            "month": "2013-10",
            "price": "9.54",
            "revenue": 12521
        },
        "2013-11": {
            "month": "2013-11",
            "price": "9.47",
            "revenue": 16744
        },
        "2013-12": {
            "month": "2013-12",
            "price": "9.47",
            "revenue": 19769
        },
        "2014-01": {
            "month": "2014-01",
            "price": "9.96",
            "revenue": 16099
        },
        "2014-02": {
            "month": "2014-02",
            "price": "10.35",
            "revenue": 10624
        },
        "2014-03": {
            "month": "2014-03",
            "price": "10.06",
            "revenue": 12522
        },
        "2014-04": {
            "month": "2014-04",
            "price": "10.06",
            "revenue": 12544
        },
        "2014-05": {
            "month": "2014-05",
            "price": "9.73",
            "revenue": 14277
        },
        "2014-06": {
            "month": "2014-06",
            "price": "9.65",
            "revenue": 13604
        },
        "2014-07": {
            "month": "2014-07",
            "price": "9.70",
            "revenue": 18240
        },
        "2014-08": {
            "month": "2014-08",
            "price": "9.61",
            "revenue": 21217
        },
        "2014-09": {
            "month": "2014-09",
            "price": "9.35",
            "revenue": 16010
        },
        "2014-10": {
            "month": "2014-10",
            "price": "9.01",
            "revenue": 13506
        },
        "2014-11": {
            "month": "2014-11",
            "price": "8.99",
            "revenue": 17443
        },
        "2014-12": {
            "month": "2014-12",
            "price": "9.07",
            "revenue": 26708
        },
        "2015-01": {
            "month": "2015-01",
            "price": "9.29",
            "revenue": 18562
        },
        "2015-02": {
            "month": "2015-02",
            "price": "9.43",
            "revenue": 15400
        },
        "2015-03": {
            "month": "2015-03",
            "price": "9.16",
            "revenue": 13801
        },
        "2015-04": {
            "month": "2015-04",
            "price": "9.01",
            "revenue": 13196
        },
        "2015-05": {
            "month": "2015-05",
            "price": "8.90",
            "revenue": 12535
        },
        "2015-06": {
            "month": "2015-06",
            "price": "8.70",
            "revenue": 15500
        },
        "2015-07": {
            "month": "2015-07",
            "price": "8.55",
            "revenue": 16203
        },
        "2015-08": {
            "month": "2015-08",
            "price": "8.00",
            "revenue": 16385
        },
        "2015-09": {
            "month": "2015-09",
            "price": "8.04",
            "revenue": 24003
        },
        "2015-10": {
            "month": "2015-10",
            "price": "8.19",
            "revenue": 20397
        },
        "2015-11": {
            "month": "2015-11",
            "price": "7.57",
            "revenue": 23686
        },
        "2015-12": {
            "month": "2015-12",
            "price": "7.06",
            "revenue": 27339
        },
        "2016-01": {
            "month": "2016-01",
            "price": "6.57",
            "revenue": 22165
        },
        "2016-02": {
            "month": "2016-02",
            "price": "6.17",
            "revenue": 14812
        },
        "2016-03": {
            "month": "2016-03",
            "price": "6.20",
            "revenue": 16313
        },
        "2016-04": {
            "month": "2016-04",
            "price": "6.07",
            "revenue": 12338
        },
        "2016-05": {
            "month": "2016-05",
            "price": "5.94",
            "revenue": 15220
        },
        "2016-06": {
            "month": "2016-06",
            "price": "5.80",
            "revenue": 13995
        },
        "2016-07": {
            "month": "2016-07",
            "price": "5.82",
            "revenue": 16020
        },
        "2016-08": {
            "month": "2016-08",
            "price": "5.92",
            "revenue": 20317
        },
        "2016-09": {
            "month": "2016-09",
            "price": "5.90",
            "revenue": 19729
        },
        "2016-10": {
            "month": "2016-10",
            "price": "5.78",
            "revenue": 13255
        },
        "2016-11": {
            "month": "2016-11",
            "price": "5.66",
            "revenue": 20015
        },
        "2016-12": {
            "month": "2016-12",
            "price": "5.98",
            "revenue": 19759
        },
        "2017-01": {
            "month": "2017-01",
            "price": "6.04",
            "revenue": 13910
        },
        "2017-02": {
            "month": "2017-02",
            "price": "6.02",
            "revenue": 10997
        },
        "2017-03": {
            "month": "2017-03",
            "price": "5.89",
            "revenue": 15461
        },
        "2017-04": {
            "month": "2017-04",
            "price": "5.80",
            "revenue": 10702
        },
        "2017-05": {
            "month": "2017-05",
            "price": "5.92",
            "revenue": 12981
        },
        "2017-06": {
            "month": "2017-06",
            "price": "5.81",
            "revenue": 12678
        },
        "2017-07": {
            "month": "2017-07",
            "price": "5.61",
            "revenue": 13406
        },
        "2017-08": {
            "month": "2017-08",
            "price": "5.87",
            "revenue": 17423
        },
        "2017-09": {
            "month": "2017-09",
            "price": "6.12",
            "revenue": 24120
        },
        "2017-10": {
            "month": "2017-10",
            "price": "6.01",
            "revenue": 18891
        },
        "2017-11": {
            "month": "2017-11",
            "price": "6.08",
            "revenue": 22155
        },
        "2017-12": {
            "month": "2017-12",
            "price": "6.88",
            "revenue": 20375
        },
        "2018-01": {
            "month": "2018-01",
            "price": "7.35",
            "revenue": 17828
        },
        "2018-02": {
            "month": "2018-02",
            "price": "6.76",
            "revenue": 12226
        },
        "2018-03": {
            "month": "2018-03",
            "price": "7.31",
            "revenue": 13984
        },
        "2018-04": {
            "month": "2018-04",
            "price": "7.32",
            "revenue": 12259
        },
        "2018-05": {
            "month": "2018-05",
            "price": "7.09",
            "revenue": 12074
        },
        "2018-06": {
            "month": "2018-06",
            "price": "6.87",
            "revenue": 13598
        },
        "2018-07": {
            "month": "2018-07",
            "price": "6.20",
            "revenue": 12556
        },
        "2018-08": {
            "month": "2018-08",
            "price": "9.83",
            "revenue": 16756
        },
        "2018-09": {
            "month": "2018-09",
            "price": "16.03",
            "revenue": 18912
        },
        "2018-10": {
            "month": "2018-10",
            "price": "13.31",
            "revenue": 16168
        },
        "2018-11": {
            "month": "2018-11",
            "price": "12.68",
            "revenue": 20203
        },
        "2018-12": {
            "month": "2018-12",
            "price": "11.80",
            "revenue": 19699
        },
        "2019-01": {
            "month": "2019-01",
            "price": "14.55",
            "revenue": 14929
        },
        "2019-02": {
            "month": "2019-02",
            "price": "17.60",
            "revenue": 10954
        },
        "2019-03": {
            "month": "2019-03",
            "price": "18.20",
            "revenue": 12590
        },
        "2019-04": {
            "month": "2019-04",
            "price": "18.07",
            "revenue": 12166
        },
        "2019-05": {
            "month": "2019-05",
            "price": "18.00",
            "revenue": 13587
        },
        "2019-06": {
            "month": "2019-06",
            "price": "17.61",
            "revenue": 12354
        },
        "2019-07": {
            "month": "2019-07",
            "price": "17.42",
            "revenue": 15344
        },
        "2019-08": {
            "month": "2019-08",
            "price": "17.07",
            "revenue": 17027
        },
        "2019-09": {
            "month": "2019-09",
            "price": "16.75",
            "revenue": 18682
        },
        "2019-10": {
            "month": "2019-10",
            "price": "16.63",
            "revenue": 21821
        },
        "2019-11": {
            "month": "2019-11",
            "price": "16.90",
            "revenue": 26018
        },
        "2019-12": {
            "month": "2019-12",
            "price": "16.71",
            "revenue": 20660
        },
        "2020-01": {
            "month": "2020-01",
            "price": "16.90",
            "revenue": 20042
        },
        "2020-02": {
            "month": "2020-02",
            "price": "16.39",
            "revenue": 14614
        },
        "2020-03": {
            "month": "2020-03",
            "price": "14.72",
            "revenue": 11550
        },
        "2020-04": {
            "month": "2020-04",
            "price": "14.48",
            "revenue": 12929
        },
        "2020-05": {
            "month": "2020-05",
            "price": "14.45",
            "revenue": 9952
        },
        "2020-06": {
            "month": "2020-06",
            "price": "15.01",
            "revenue": 12872
        },
        "2020-07": {
            "month": "2020-07",
            "price": "15.03",
            "revenue": 12560
        },
        "2020-08": {
            "month": "2020-08",
            "price": "15.80",
            "revenue": 13719
        },
        "2020-09": {
            "month": "2020-09",
            "price": "15.98",
            "revenue": 20653
        },
        "2020-10": {
            "month": "2020-10",
            "price": "17.12",
            "revenue": 15080
        },
        "2020-11": {
            "month": "2020-11",
            "price": "17.97",
            "revenue": 20791
        },
        "2020-12": {
            "month": "2020-12",
            "price": "17.72",
            "revenue": 21823
        },
        "2021-01": {
            "month": "2021-01",
            "price": "17.26",
            "revenue": 20576
        },
        "2021-02": {
            "month": "2021-02",
            "price": "16.71",
            "revenue": 10713
        },
        "2021-03": {
            "month": "2021-03",
            "price": "16.50",
            "revenue": 12316
        },
        "2021-04": {
            "month": "2021-04",
            "price": "16.47",
            "revenue": 14584
        },
        "2021-05": {
            "month": "2021-05",
            "price": "16.18",
            "revenue": 15413
        },
        "2021-06": {
            "month": "2021-06",
            "price": "14.55",
            "revenue": 14909
        },
        "2021-07": {
            "month": "2021-07",
            "price": "14.24",
            "revenue": 17385
        },
        "2021-08": {
            "month": "2021-08",
            "price": "14.20",
            "revenue": 21928
        },
        "2021-09": {
            "month": "2021-09",
            "price": "14.20",
            "revenue": 23053
        },
        "2021-10": {
            "month": "2021-10",
            "price": "14.28",
            "revenue": 18428
        },
        "2021-11": {
            "month": "2021-11",
            "price": "14.84",
            "revenue": 25569
        },
        "2021-12": {
            "month": "2021-12",
            "price": "17.00",
            "revenue": 24061
        },
        "2022-01": {
            "month": "2022-01",
            "price": "18.55",
            "revenue": 24291
        },
        "2022-02": {
            "month": "2022-02",
            "price": "18.77",
            "revenue": 15043
        },
        "2022-03": {
            "month": "2022-03",
            "price": "18.91",
            "revenue": 17633
        },
        "2022-04": {
            "month": "2022-04",
            "price": "18.99",
            "revenue": 14998
        },
        "2022-05": {
            "month": "2022-05",
            "price": "19.02",
            "revenue": 15820
        },
        "2022-06": {
            "month": "2022-06",
            "price": "19.50",
            "revenue": 16522
        },
        "2022-07": {
            "month": "2022-07",
            "price": "20.07",
            "revenue": 18293
        },
        "2022-08": {
            "month": "2022-08",
            "price": "19.65",
            "revenue": 24838
        },
        "2022-09": {
            "month": "2022-09",
            "price": "19.32",
            "revenue": 19873
        },
        "2022-10": {
            "month": "2022-10",
            "price": "19.27",
            "revenue": 20953
        },
        "2022-11": {
            "month": "2022-11",
            "price": "19.26",
            "revenue": 23572
        },
        "2022-12": {
            "month": "2022-12",
            "price": "19.14",
            "revenue": 16942
        },
        "2023-01": {
            "month": "2023-01",
            "price": "19.23",
            "revenue": 18788
        },
        "2023-02": {
            "month": "2023-02",
            "price": "18.89",
            "revenue": 12374
        },
        "2023-03": {
            "month": "2023-03",
            "price": "18.25",
            "revenue": 15148
        },
        "2023-04": {
            "month": "2023-04",
            "price": "17.96",
            "revenue": 17277
        }
    }
}
