{
    "summary": {
        "stock_name": "欣雄",
        "stock_id": "8908",
        "category": "油電燃氣",
        "main_business": "以導管供應氣體燃料。<br>瓦斯計量器之製造租售業務。<br>前各項器材設備之按裝維護及進出口代理。",
        "website_url": "http://www.shng.com.tw",
        "ceo": "王定中",
        "pe_ratio": 33,
        "report_year_from": 2001,
        "report_year_to": 2023,
        "age": 23,
        "eps_negative_percentage": 0,
        "eps_growth_avg": {
            "last_all": 14.98,
            "last_2y": -10.84,
            "last_4y": -6.42,
            "last_8y": -2.85,
            "last_12y": 3.49,
            "last_16y": 4.91,
            "last_20y": 10.93,
            "at_2006_last_3y": 36.51,
            "at_2007_last_3y": 31.67,
            "at_2008_last_3y": 14.34,
            "at_2009_last_3y": -12.67,
            "at_2010_last_3y": 9.56,
            "at_2011_last_3y": 0.34,
            "at_2012_last_3y": 33.67,
            "at_2013_last_3y": 43.32,
            "at_2014_last_3y": 17.75,
            "at_2015_last_3y": 21.5,
            "at_2016_last_3y": -6.08,
            "at_2017_last_3y": -3.21,
            "at_2018_last_3y": 1.6,
            "at_2019_last_3y": 11.51,
            "at_2020_last_3y": 11.18,
            "at_2021_last_3y": 7.03,
            "at_2022_last_3y": 1.91,
            "at_2023_last_3y": -11.04,
            "at_2024_last_3y": -11.04,
            "at_2006_last_all": 49.21,
            "at_2007_last_all": 40.05,
            "at_2008_last_all": 29.57,
            "at_2009_last_all": 23.03,
            "at_2010_last_all": 31.59,
            "at_2011_last_all": 24.17,
            "at_2012_last_all": 31.06,
            "at_2013_last_all": 29.8,
            "at_2014_last_all": 27.33,
            "at_2015_last_all": 23.41,
            "at_2016_last_all": 21.16,
            "at_2017_last_all": 21.54,
            "at_2018_last_all": 21.27,
            "at_2019_last_all": 20.76,
            "at_2020_last_all": 19.06,
            "at_2021_last_all": 18.64,
            "at_2022_last_all": 17.59,
            "at_2023_last_all": 14.98,
            "at_2024_last_all": 14.98
        },
        "latest_eps": 1.78,
        "latest_price": 58.3,
        "latest_roe": 14.05,
        "latest_gross_margin": 11.19,
        "latest_equity": 3735039,
        "latest_revenue": 1698177,
        "latest_gross_profit": 190070,
        "latest_net_income": 107861,
        "latest_debt_ratio": 55.26,
        "latest_current_ratio": 92.99,
        "latest_account_receivable_turnover_ratio": 2.94,
        "latest_inventory_turnover_ratio": 1.09,
        "latest_reinvestment_rate": 74.93,
        "latest_research_to_sale_ratio": null
    },
    "eps_dividends": {
        "1995": {
            "cash": 0,
            "stock": 1.2,
            "eps": 0
        },
        "1996": {
            "cash": 0.6,
            "stock": 0.6,
            "eps": 0
        },
        "1997": {
            "cash": 0,
            "stock": 1.2,
            "eps": 0
        },
        "1999": {
            "cash": 0.15,
            "stock": 0.75,
            "eps": 0
        },
        "2001": {
            "cash": 0,
            "stock": 0,
            "eps": 0.1
        },
        "2002": {
            "cash": 0,
            "stock": 0,
            "eps": 0.22
        },
        "2003": {
            "cash": 0.15,
            "stock": 0,
            "eps": 0.25
        },
        "2004": {
            "cash": 0,
            "stock": 0.5,
            "eps": 0.34
        },
        "2005": {
            "cash": 0,
            "stock": 0.4,
            "eps": 0.63
        },
        "2006": {
            "cash": 0,
            "stock": 0.6,
            "eps": 0.7
        },
        "2007": {
            "cash": 0,
            "stock": 0.6,
            "eps": 0.66
        },
        "2008": {
            "cash": 0,
            "stock": 0.6,
            "eps": 0.44
        },
        "2009": {
            "cash": 0,
            "stock": 0.4,
            "eps": 0.34
        },
        "2010": {
            "cash": 0,
            "stock": 0.3,
            "eps": 1.62
        },
        "2011": {
            "cash": 0,
            "stock": 1.4,
            "eps": 0.93
        },
        "2012": {
            "cash": 0,
            "stock": 0.8,
            "eps": 1.89
        },
        "2013": {
            "cash": 0,
            "stock": 1.7,
            "eps": 2.19
        },
        "2014": {
            "cash": 0.77,
            "stock": 1,
            "eps": 2.14
        },
        "2015": {
            "cash": 0.8,
            "stock": 1,
            "eps": 1.55
        },
        "2016": {
            "cash": 0.6,
            "stock": 0.6,
            "eps": 1.39
        },
        "2017": {
            "cash": 0.6,
            "stock": 0.6,
            "eps": 1.77
        },
        "2018": {
            "cash": 0.78,
            "stock": 0.78,
            "eps": 2.07
        },
        "2019": {
            "cash": 0.9,
            "stock": 0.9,
            "eps": 2.32
        },
        "2020": {
            "cash": 0.9,
            "stock": 1.1,
            "eps": 2.05
        },
        "2021": {
            "cash": 0.4,
            "stock": 1.2,
            "eps": 2.27
        },
        "2022": {
            "cash": 0.4,
            "stock": 1.5,
            "eps": 2.19
        },
        "2023": {
            "cash": 0.8,
            "stock": 1,
            "eps": 1.32
        }
    },
    "dividends": {
        "1995-05-19": {
            "cash": 0,
            "stock": 1.2
        },
        "1996-04-23": {
            "cash": 0.6,
            "stock": 0.6
        },
        "1997-06-28": {
            "cash": 0,
            "stock": 1.2
        },
        "1999-06-15": {
            "cash": 0.15,
            "stock": 0.75
        },
        "2003-05-27": {
            "cash": 0.15,
            "stock": 0
        },
        "2004-03-17": {
            "cash": 0,
            "stock": 0.5
        },
        "2005-04-01": {
            "cash": 0,
            "stock": 0.4
        },
        "2006-03-10": {
            "cash": 0,
            "stock": 0.6
        },
        "2007-03-14": {
            "cash": 0,
            "stock": 0.6
        },
        "2008-03-20": {
            "cash": 0,
            "stock": 0.6
        },
        "2009-03-10": {
            "cash": 0,
            "stock": 0.4
        },
        "2010-03-17": {
            "cash": 0,
            "stock": 0.3
        },
        "2011-03-08": {
            "cash": 0,
            "stock": 1.4
        },
        "2012-06-19": {
            "cash": 0,
            "stock": 0.8
        },
        "2013-06-04": {
            "cash": 0,
            "stock": 1.7
        },
        "2014-05-27": {
            "cash": 0.77,
            "stock": 1
        },
        "2015-08-06": {
            "cash": 0.8,
            "stock": 1
        },
        "2016-09-20": {
            "cash": 0.6,
            "stock": 0.6
        },
        "2017-10-16": {
            "cash": 0.6,
            "stock": 0.6
        },
        "2018-07-16": {
            "cash": 0.78,
            "stock": 0.78
        },
        "2019-07-18": {
            "cash": 0.9,
            "stock": 0.9
        },
        "2020-04-29": {
            "cash": 0.9,
            "stock": 1.1
        },
        "2021-05-07": {
            "cash": 0.4,
            "stock": 1.2
        },
        "2022-04-29": {
            "cash": 0.4,
            "stock": 1.5
        },
        "2023-04-19": {
            "cash": 0.8,
            "stock": 1
        }
    },
    "prices": {
        "200101": "4.07",
        "200102": "4.39",
        "200103": "4.14",
        "200104": "4.02",
        "200105": "3.95",
        "200106": "3.87",
        "200107": "3.86",
        "200108": "3.89",
        "200109": "3.51",
        "200110": "3.19",
        "200111": "3.24",
        "200112": "3.48",
        "200201": "4.11",
        "200202": "4.22",
        "200203": "4.34",
        "200204": "5.30",
        "200205": "5.04",
        "200206": "4.88",
        "200207": "4.71",
        "200208": "4.33",
        "200209": "4.35",
        "200210": "4.14",
        "200211": "4.02",
        "200212": "4.20",
        "200301": "4.54",
        "200302": "5.21",
        "200303": "9.60",
        "200304": "8.72",
        "200305": "8.00",
        "200306": "8.71",
        "200307": "9.01",
        "200308": "9.11",
        "200309": "9.37",
        "200310": "9.92",
        "200311": "10.12",
        "200312": "9.95",
        "200401": "10.06",
        "200402": "10.52",
        "200403": "11.59",
        "200404": "12.68",
        "200405": "12.41",
        "200406": "13.10",
        "200407": "14.09",
        "200408": "14.30",
        "200409": "14.77",
        "200410": "14.88",
        "200411": "14.85",
        "200412": "14.98",
        "200501": "15.02",
        "200502": "15.07",
        "200503": "16.63",
        "200504": "18.20",
        "200505": "16.60",
        "200506": "16.93",
        "200507": "19.34",
        "200508": "17.53",
        "200509": "15.78",
        "200510": "15.22",
        "200511": "15.52",
        "200512": "15.82",
        "200601": "15.07",
        "200602": "15.84",
        "200603": "14.24",
        "200604": "14.02",
        "200605": "14.35",
        "200606": "15.86",
        "200607": "15.68",
        "200608": "14.00",
        "200609": "14.33",
        "200610": "14.92",
        "200611": "13.58",
        "200612": "14.62",
        "200701": "13.97",
        "200702": "13.58",
        "200703": "13.67",
        "200704": "14.12",
        "200705": "13.84",
        "200706": "13.84",
        "200707": "14.79",
        "200708": "14.41",
        "200709": "17.24",
        "200710": "16.58",
        "200711": "14.62",
        "200712": "14.61",
        "200801": "14.37",
        "200802": "13.87",
        "200803": "14.26",
        "200804": "16.02",
        "200805": "17.25",
        "200806": "17.32",
        "200807": "15.62",
        "200808": "14.01",
        "200809": "12.98",
        "200810": "11.41",
        "200811": "12.17",
        "200812": "11.02",
        "200901": "11.88",
        "200902": "12.38",
        "200903": "12.10",
        "200904": "12.93",
        "200905": "12.44",
        "200906": "12.44",
        "200907": "13.24",
        "200908": "15.28",
        "200909": "14.66",
        "200910": "14.41",
        "200911": "15.70",
        "200912": "15.47",
        "201001": "15.31",
        "201002": "14.92",
        "201003": "15.94",
        "201004": "17.73",
        "201005": "17.81",
        "201006": "17.21",
        "201007": "17.31",
        "201008": "18.69",
        "201009": "17.87",
        "201010": "17.95",
        "201011": "17.89",
        "201012": "18.32",
        "201101": "18.96",
        "201102": "18.43",
        "201103": "19.30",
        "201104": "22.04",
        "201105": "20.81",
        "201106": "21.28",
        "201107": "22.52",
        "201108": "23.28",
        "201109": "21.74",
        "201110": "21.88",
        "201111": "21.42",
        "201112": "21.06",
        "201201": "20.80",
        "201202": "21.18",
        "201203": "22.17",
        "201204": "22.34",
        "201205": "22.66",
        "201206": "23.12",
        "201207": "24.28",
        "201208": "26.21",
        "201209": "24.46",
        "201210": "23.64",
        "201211": "23.58",
        "201212": "25.57",
        "201301": "27.57",
        "201302": "28.38",
        "201303": "30.64",
        "201304": "37.06",
        "201305": "41.32",
        "201306": "38.94",
        "201307": "39.80",
        "201308": "40.83",
        "201309": "40.60",
        "201310": "39.88",
        "201311": "40.35",
        "201312": "40.86",
        "201401": "42.11",
        "201402": "43.12",
        "201403": "42.15",
        "201404": "41.62",
        "201405": "41.32",
        "201406": "40.85",
        "201407": "40.12",
        "201408": "38.62",
        "201409": "38.72",
        "201410": "38.70",
        "201411": "38.61",
        "201412": "38.56",
        "201501": "38.58",
        "201502": "38.89",
        "201503": "38.92",
        "201504": "39.19",
        "201505": "39.62",
        "201506": "39.11",
        "201507": "38.48",
        "201508": "36.49",
        "201509": "36.13",
        "201510": "36.44",
        "201511": "36.26",
        "201512": "34.51",
        "201601": "31.92",
        "201602": "31.92",
        "201603": "32.82",
        "201604": "33.18",
        "201605": "33.33",
        "201606": "32.79",
        "201607": "32.59",
        "201608": "32.01",
        "201609": "29.90",
        "201610": "28.90",
        "201611": "29.07",
        "201612": "28.60",
        "201701": "28.49",
        "201702": "28.84",
        "201703": "29.12",
        "201704": "29.29",
        "201705": "29.09",
        "201706": "29.14",
        "201707": "29.29",
        "201708": "28.83",
        "201709": "27.37",
        "201710": "27.59",
        "201711": "28.16",
        "201712": "30.07",
        "201801": "31.95",
        "201802": "32.33",
        "201803": "33.89",
        "201804": "35.96",
        "201805": "38.28",
        "201806": "38.27",
        "201807": "37.30",
        "201808": "37.67",
        "201809": "36.79",
        "201810": "37.22",
        "201811": "38.58",
        "201812": "37.42",
        "201901": "36.54",
        "201902": "36.42",
        "201903": "38.42",
        "201904": "41.25",
        "201905": "43.45",
        "201906": "44.75",
        "201907": "44.13",
        "201908": "44.35",
        "201909": "43.93",
        "201910": "44.90",
        "201911": "47.66",
        "201912": "46.89",
        "202001": "46.29",
        "202002": "46.67",
        "202003": "43.78",
        "202004": "45.42",
        "202005": "46.43",
        "202006": "46.63",
        "202007": "46.98",
        "202008": "49.94",
        "202009": "51.50",
        "202010": "51.87",
        "202011": "51.64",
        "202012": "52.35",
        "202101": "50.76",
        "202102": "50.81",
        "202103": "52.55",
        "202104": "55.12",
        "202105": "52.91",
        "202106": "52.86",
        "202107": "53.61",
        "202108": "57.18",
        "202109": "55.82",
        "202110": "56.68",
        "202111": "56.80",
        "202112": "56.84",
        "202201": "58.34",
        "202202": "63.95",
        "202203": "72.35",
        "202204": "81.85",
        "202205": "77.54",
        "202206": "81.43",
        "202207": "79.94",
        "202208": "80.58",
        "202209": "75.47",
        "202210": "65.54",
        "202211": "63.48",
        "202212": "66.79",
        "202301": "68.07",
        "202302": "70.63",
        "202303": "72.53",
        "202304": "70.96",
        "202305": "70.69",
        "202306": "70.08",
        "202307": "69.36",
        "202308": "69.85",
        "202309": "68.42",
        "202310": "63.04",
        "202311": "61.10",
        "202312": "59.35"
    },
    "quarters": {
        "20011": {
            "year_quarter": 20011,
            "year": 2001,
            "quarter": 1,
            "eps": 0.04,
            "eps_growth_year": -60,
            "eps_4q": 0.09,
            "eps_4q_growth_year": -78.94,
            "roe": 0.38,
            "roe_4q": 0.38,
            "gross_profit": 23866,
            "gross_margin": 24.29,
            "gross_margin_4q_avg": 24.29,
            "net_income": 2329,
            "net_income_4q": null,
            "revenue": 98251,
            "revenue_4q": null,
            "common_shares": 562224,
            "book_valuer_per_share": 10.83,
            "book_valuer_per_share_4q_avg": 10.83,
            "equity": 608966,
            "current_ratio": 141.79,
            "debt_ratio": 46.42,
            "inventory_turnover_ratio": 17.38,
            "account_receivable_turnover_ratio": null,
            "reinvestment_rate": null,
            "research_to_sale_ratio": null,
            "price_fair": 0,
            "eps_avg_yearly": 0,
            "eps_latest_yearly": 0,
            "eps_growth_yearly": 0
        },
        "20012": {
            "year_quarter": 20012,
            "year": 2001,
            "quarter": 2,
            "eps": 0.03,
            "eps_growth_year": 50,
            "eps_4q": 0.1,
            "eps_4q_growth_year": -53.83,
            "roe": 0.28,
            "roe_4q": 0.66,
            "gross_profit": 23656,
            "gross_margin": 25.24,
            "gross_margin_4q_avg": 24.77,
            "net_income": 1680,
            "net_income_4q": null,
            "revenue": 93716,
            "revenue_4q": null,
            "common_shares": 562224,
            "book_valuer_per_share": 10.86,
            "book_valuer_per_share_4q_avg": 10.85,
            "equity": 610646,
            "current_ratio": 102.35,
            "debt_ratio": 46.1,
            "inventory_turnover_ratio": 17.88,
            "account_receivable_turnover_ratio": null,
            "reinvestment_rate": null,
            "research_to_sale_ratio": null,
            "price_fair": 0,
            "eps_avg_yearly": 0,
            "eps_latest_yearly": 0,
            "eps_growth_yearly": 0
        },
        "20013": {
            "year_quarter": 20013,
            "year": 2001,
            "quarter": 3,
            "eps": 0.02,
            "eps_growth_year": null,
            "eps_4q": 0.16,
            "eps_4q_growth_year": 74.11,
            "roe": 0.19,
            "roe_4q": 0.8500000000000001,
            "gross_profit": 20834,
            "gross_margin": 22.72,
            "gross_margin_4q_avg": 24.08,
            "net_income": 1165,
            "net_income_4q": null,
            "revenue": 91700,
            "revenue_4q": null,
            "common_shares": 562224,
            "book_valuer_per_share": 10.88,
            "book_valuer_per_share_4q_avg": 10.86,
            "equity": 611811,
            "current_ratio": 72.2,
            "debt_ratio": 45.63,
            "inventory_turnover_ratio": 20.31,
            "account_receivable_turnover_ratio": null,
            "reinvestment_rate": null,
            "research_to_sale_ratio": null,
            "price_fair": 0,
            "eps_avg_yearly": 0,
            "eps_latest_yearly": 0,
            "eps_growth_yearly": 0
        },
        "20014": {
            "year_quarter": 20014,
            "year": 2001,
            "quarter": 4,
            "eps": 0.01,
            "eps_growth_year": -87.5,
            "eps_4q": 0.1,
            "eps_4q_growth_year": -33.18,
            "roe": 0.09,
            "roe_4q": 0.9400000000000001,
            "gross_profit": 18806,
            "gross_margin": 19.02,
            "gross_margin_4q_avg": 22.82,
            "net_income": 551,
            "net_income_4q": null,
            "revenue": 98855,
            "revenue_4q": null,
            "common_shares": 562224,
            "book_valuer_per_share": 10.89,
            "book_valuer_per_share_4q_avg": 10.87,
            "equity": 612362,
            "current_ratio": 25.6,
            "debt_ratio": 46.09,
            "inventory_turnover_ratio": 26.49,
            "account_receivable_turnover_ratio": null,
            "reinvestment_rate": null,
            "research_to_sale_ratio": null,
            "price_fair": 0,
            "eps_avg_yearly": 0,
            "eps_latest_yearly": 0,
            "eps_growth_yearly": 0
        },
        "20021": {
            "year_quarter": 20021,
            "year": 2002,
            "quarter": 1,
            "eps": 0.02,
            "eps_growth_year": -50,
            "eps_4q": 0.08,
            "eps_4q_growth_year": -8.97,
            "roe": 0.19,
            "roe_4q": 0.75,
            "gross_profit": 22293,
            "gross_margin": 21.09,
            "gross_margin_4q_avg": 22.02,
            "net_income": 1162,
            "net_income_4q": null,
            "revenue": 105718,
            "revenue_4q": null,
            "common_shares": 562224,
            "book_valuer_per_share": 10.91,
            "book_valuer_per_share_4q_avg": 10.89,
            "equity": 613524,
            "current_ratio": 30.96,
            "debt_ratio": 46.53,
            "inventory_turnover_ratio": 28.14,
            "account_receivable_turnover_ratio": null,
            "reinvestment_rate": null,
            "research_to_sale_ratio": null,
            "price_fair": 2.8,
            "eps_avg_yearly": 0.08,
            "eps_latest_yearly": 0.08,
            "eps_growth_yearly": 400
        },
        "20022": {
            "year_quarter": 20022,
            "year": 2002,
            "quarter": 2,
            "eps": 0.05,
            "eps_growth_year": 66.67,
            "eps_4q": 0.11,
            "eps_4q_growth_year": 9.66,
            "roe": 0.42,
            "roe_4q": 0.8899999999999999,
            "gross_profit": 24364,
            "gross_margin": 23.68,
            "gross_margin_4q_avg": 21.63,
            "net_income": 2598,
            "net_income_4q": null,
            "revenue": 102900,
            "revenue_4q": null,
            "common_shares": 562224,
            "book_valuer_per_share": 10.87,
            "book_valuer_per_share_4q_avg": 10.89,
            "equity": 611062,
            "current_ratio": 31.9,
            "debt_ratio": 46.89,
            "inventory_turnover_ratio": 25.76,
            "account_receivable_turnover_ratio": null,
            "reinvestment_rate": null,
            "research_to_sale_ratio": null,
            "price_fair": 4.9,
            "eps_avg_yearly": 0.14,
            "eps_latest_yearly": 0.2,
            "eps_growth_yearly": 500
        },
        "20023": {
            "year_quarter": 20023,
            "year": 2002,
            "quarter": 3,
            "eps": 0.01,
            "eps_growth_year": -50,
            "eps_4q": 0.09,
            "eps_4q_growth_year": -45.43,
            "roe": 0.11,
            "roe_4q": 0.8099999999999999,
            "gross_profit": 21225,
            "gross_margin": 21.11,
            "gross_margin_4q_avg": 21.23,
            "net_income": 678,
            "net_income_4q": null,
            "revenue": 100527,
            "revenue_4q": null,
            "common_shares": 562224,
            "book_valuer_per_share": 10.88,
            "book_valuer_per_share_4q_avg": 10.89,
            "equity": 611740,
            "current_ratio": 33.47,
            "debt_ratio": 46.42,
            "inventory_turnover_ratio": 23.99,
            "account_receivable_turnover_ratio": null,
            "reinvestment_rate": null,
            "research_to_sale_ratio": null,
            "price_fair": 3.73,
            "eps_avg_yearly": 0.11,
            "eps_latest_yearly": 0.04,
            "eps_growth_yearly": 226.67
        },
        "20024": {
            "year_quarter": 20024,
            "year": 2002,
            "quarter": 4,
            "eps": 0.14,
            "eps_growth_year": 1300,
            "eps_4q": 0.22,
            "eps_4q_growth_year": 117.6,
            "roe": 1.3,
            "roe_4q": 2.02,
            "gross_profit": 34307,
            "gross_margin": 26.63,
            "gross_margin_4q_avg": 23.13,
            "net_income": 8007,
            "net_income_4q": null,
            "revenue": 128830,
            "revenue_4q": null,
            "common_shares": 562224,
            "book_valuer_per_share": 11.02,
            "book_valuer_per_share_4q_avg": 10.92,
            "equity": 619747,
            "current_ratio": 116.37,
            "debt_ratio": 46.1,
            "inventory_turnover_ratio": 8.65,
            "account_receivable_turnover_ratio": null,
            "reinvestment_rate": 173.99,
            "research_to_sale_ratio": null,
            "price_fair": 7.7,
            "eps_avg_yearly": 0.22,
            "eps_latest_yearly": 0.56,
            "eps_growth_yearly": 1470
        },
        "20031": {
            "year_quarter": 20031,
            "year": 2003,
            "quarter": 1,
            "eps": 0.11,
            "eps_growth_year": 450,
            "eps_4q": 0.31,
            "eps_4q_growth_year": 300.63,
            "roe": 0.98,
            "roe_4q": 2.81,
            "gross_profit": 25377,
            "gross_margin": 21.35,
            "gross_margin_4q_avg": 23.19,
            "net_income": 6075,
            "net_income_4q": null,
            "revenue": 118888,
            "revenue_4q": null,
            "common_shares": 562224,
            "book_valuer_per_share": 11.13,
            "book_valuer_per_share_4q_avg": 10.98,
            "equity": 625822,
            "current_ratio": 50.69,
            "debt_ratio": 45.76,
            "inventory_turnover_ratio": 4.99,
            "account_receivable_turnover_ratio": null,
            "reinvestment_rate": 115.88,
            "research_to_sale_ratio": null,
            "price_fair": 9.24,
            "eps_avg_yearly": 0.26,
            "eps_latest_yearly": 0.44,
            "eps_growth_yearly": 1158.86
        },
        "20032": {
            "year_quarter": 20032,
            "year": 2003,
            "quarter": 2,
            "eps": 0.09,
            "eps_growth_year": 80,
            "eps_4q": 0.34,
            "eps_4q_growth_year": 227.24,
            "roe": 0.84,
            "roe_4q": 3.23,
            "gross_profit": 28466,
            "gross_margin": 22.46,
            "gross_margin_4q_avg": 22.89,
            "net_income": 5212,
            "net_income_4q": null,
            "revenue": 126739,
            "revenue_4q": null,
            "common_shares": 562224,
            "book_valuer_per_share": 11.07,
            "book_valuer_per_share_4q_avg": 11.03,
            "equity": 622601,
            "current_ratio": 53.7,
            "debt_ratio": 46.75,
            "inventory_turnover_ratio": 3.94,
            "account_receivable_turnover_ratio": null,
            "reinvestment_rate": 61.92,
            "research_to_sale_ratio": null,
            "price_fair": 9.8,
            "eps_avg_yearly": 0.28,
            "eps_latest_yearly": 0.36,
            "eps_growth_yearly": 953.59
        },
        "20033": {
            "year_quarter": 20033,
            "year": 2003,
            "quarter": 3,
            "eps": 0.03,
            "eps_growth_year": 200,
            "eps_4q": 0.35,
            "eps_4q_growth_year": 293.19,
            "roe": 0.29,
            "roe_4q": 3.41,
            "gross_profit": 18811,
            "gross_margin": 16.86,
            "gross_margin_4q_avg": 21.83,
            "net_income": 1815,
            "net_income_4q": null,
            "revenue": 111599,
            "revenue_4q": null,
            "common_shares": 562224,
            "book_valuer_per_share": 11.11,
            "book_valuer_per_share_4q_avg": 11.08,
            "equity": 624416,
            "current_ratio": 56.68,
            "debt_ratio": 46.62,
            "inventory_turnover_ratio": 2.77,
            "account_receivable_turnover_ratio": null,
            "reinvestment_rate": 55.52,
            "research_to_sale_ratio": null,
            "price_fair": 9,
            "eps_avg_yearly": 0.26,
            "eps_latest_yearly": 0.12,
            "eps_growth_yearly": 779.27
        },
        "20034": {
            "year_quarter": 20034,
            "year": 2003,
            "quarter": 4,
            "eps": 0.02,
            "eps_growth_year": -85.71,
            "eps_4q": 0.22,
            "eps_4q_growth_year": 1.83,
            "roe": 0.21,
            "roe_4q": 2.32,
            "gross_profit": 21288,
            "gross_margin": 16.82,
            "gross_margin_4q_avg": 19.37,
            "net_income": 1300,
            "net_income_4q": null,
            "revenue": 126571,
            "revenue_4q": null,
            "common_shares": 562224,
            "book_valuer_per_share": 11.13,
            "book_valuer_per_share_4q_avg": 11.11,
            "equity": 625716,
            "current_ratio": 50.34,
            "debt_ratio": 47.97,
            "inventory_turnover_ratio": 2.53,
            "account_receivable_turnover_ratio": null,
            "reinvestment_rate": 61.62,
            "research_to_sale_ratio": null,
            "price_fair": 8.23,
            "eps_avg_yearly": 0.24,
            "eps_latest_yearly": 0.08,
            "eps_growth_yearly": 665.19
        },
        "20041": {
            "year_quarter": 20041,
            "year": 2004,
            "quarter": 1,
            "eps": 0.01,
            "eps_growth_year": -90.91,
            "eps_4q": 0.15,
            "eps_4q_growth_year": -51.14,
            "roe": 0.09,
            "roe_4q": 1.43,
            "gross_profit": 15372,
            "gross_margin": 11.07,
            "gross_margin_4q_avg": 16.8,
            "net_income": 580,
            "net_income_4q": null,
            "revenue": 138895,
            "revenue_4q": null,
            "common_shares": 562224,
            "book_valuer_per_share": 11.14,
            "book_valuer_per_share_4q_avg": 11.11,
            "equity": 626296,
            "current_ratio": 56.23,
            "debt_ratio": 47.1,
            "inventory_turnover_ratio": 2.7,
            "account_receivable_turnover_ratio": null,
            "reinvestment_rate": 45.29,
            "research_to_sale_ratio": null,
            "price_fair": 7.47,
            "eps_avg_yearly": 0.21,
            "eps_latest_yearly": 0.04,
            "eps_growth_yearly": 569.06
        },
        "20042": {
            "year_quarter": 20042,
            "year": 2004,
            "quarter": 2,
            "eps": 0.17,
            "eps_growth_year": 88.89,
            "eps_4q": 0.23,
            "eps_4q_growth_year": -32.01,
            "roe": 1.54,
            "roe_4q": 2.13,
            "gross_profit": 28648,
            "gross_margin": 20.99,
            "gross_margin_4q_avg": 16.44,
            "net_income": 9740,
            "net_income_4q": null,
            "revenue": 136502,
            "revenue_4q": null,
            "common_shares": 562224,
            "book_valuer_per_share": 11.31,
            "book_valuer_per_share_4q_avg": 11.17,
            "equity": 636036,
            "current_ratio": 70.24,
            "debt_ratio": 46.8,
            "inventory_turnover_ratio": 2.1,
            "account_receivable_turnover_ratio": null,
            "reinvestment_rate": 23.76,
            "research_to_sale_ratio": null,
            "price_fair": 9.1,
            "eps_avg_yearly": 0.26,
            "eps_latest_yearly": 0.68,
            "eps_growth_yearly": 1152.16
        },
        "20043": {
            "year_quarter": 20043,
            "year": 2004,
            "quarter": 3,
            "eps": 0.06,
            "eps_growth_year": 100,
            "eps_4q": 0.24,
            "eps_4q_growth_year": -30.23,
            "roe": 0.6,
            "roe_4q": 2.44,
            "gross_profit": 17976,
            "gross_margin": 14.38,
            "gross_margin_4q_avg": 15.82,
            "net_income": 3801,
            "net_income_4q": null,
            "revenue": 125023,
            "revenue_4q": null,
            "common_shares": 590335,
            "book_valuer_per_share": 10.84,
            "book_valuer_per_share_4q_avg": 11.11,
            "equity": 639837,
            "current_ratio": 69.03,
            "debt_ratio": 47.6,
            "inventory_turnover_ratio": 1.77,
            "account_receivable_turnover_ratio": null,
            "reinvestment_rate": 15.95,
            "research_to_sale_ratio": null,
            "price_fair": 9.04,
            "eps_avg_yearly": 0.26,
            "eps_latest_yearly": 0.24,
            "eps_growth_yearly": 1023.88
        },
        "20044": {
            "year_quarter": 20044,
            "year": 2004,
            "quarter": 4,
            "eps": 0.1,
            "eps_growth_year": 400,
            "eps_4q": 0.35,
            "eps_4q_growth_year": 56.65,
            "roe": 0.89,
            "roe_4q": 3.12,
            "gross_profit": 39971,
            "gross_margin": 23.47,
            "gross_margin_4q_avg": 17.48,
            "net_income": 5715,
            "net_income_4q": null,
            "revenue": 170283,
            "revenue_4q": null,
            "common_shares": 590335,
            "book_valuer_per_share": 10.94,
            "book_valuer_per_share_4q_avg": 11.06,
            "equity": 645552,
            "current_ratio": 63.28,
            "debt_ratio": 48.84,
            "inventory_turnover_ratio": 1.85,
            "account_receivable_turnover_ratio": null,
            "reinvestment_rate": -10.11,
            "research_to_sale_ratio": null,
            "price_fair": 9.45,
            "eps_avg_yearly": 0.27,
            "eps_latest_yearly": 0.4,
            "eps_growth_yearly": 960.78
        },
        "20051": {
            "year_quarter": 20051,
            "year": 2005,
            "quarter": 1,
            "eps": 0.1,
            "eps_growth_year": 900,
            "eps_4q": 0.41,
            "eps_4q_growth_year": 167.55,
            "roe": 0.95,
            "roe_4q": 3.98,
            "gross_profit": 22713,
            "gross_margin": 12.59,
            "gross_margin_4q_avg": 17.86,
            "net_income": 6194,
            "net_income_4q": null,
            "revenue": 180443,
            "revenue_4q": null,
            "common_shares": 590335,
            "book_valuer_per_share": 11.04,
            "book_valuer_per_share_4q_avg": 11.03,
            "equity": 651746,
            "current_ratio": 61.48,
            "debt_ratio": 50.19,
            "inventory_turnover_ratio": 1.84,
            "account_receivable_turnover_ratio": null,
            "reinvestment_rate": 5.42,
            "research_to_sale_ratio": null,
            "price_fair": 9.8,
            "eps_avg_yearly": 0.28,
            "eps_latest_yearly": 0.4,
            "eps_growth_yearly": 886.88
        },
        "20052": {
            "year_quarter": 20052,
            "year": 2005,
            "quarter": 2,
            "eps": 0.13,
            "eps_growth_year": -23.53,
            "eps_4q": 0.39,
            "eps_4q_growth_year": 67.65,
            "roe": 1.18,
            "roe_4q": 3.62,
            "gross_profit": 32308,
            "gross_margin": 16.91,
            "gross_margin_4q_avg": 16.84,
            "net_income": 7762,
            "net_income_4q": null,
            "revenue": 191015,
            "revenue_4q": null,
            "common_shares": 590335,
            "book_valuer_per_share": 11.17,
            "book_valuer_per_share_4q_avg": 11,
            "equity": 659508,
            "current_ratio": 54.98,
            "debt_ratio": 49.57,
            "inventory_turnover_ratio": 1.73,
            "account_receivable_turnover_ratio": null,
            "reinvestment_rate": 50.49,
            "research_to_sale_ratio": null,
            "price_fair": 10.4,
            "eps_avg_yearly": 0.3,
            "eps_latest_yearly": 0.52,
            "eps_growth_yearly": 832.1
        },
        "20053": {
            "year_quarter": 20053,
            "year": 2005,
            "quarter": 3,
            "eps": 0.02,
            "eps_growth_year": -66.67,
            "eps_4q": 0.33,
            "eps_4q_growth_year": 34.78,
            "roe": 0.19,
            "roe_4q": 3.21,
            "gross_profit": 21669,
            "gross_margin": 12.39,
            "gross_margin_4q_avg": 16.34,
            "net_income": 1277,
            "net_income_4q": null,
            "revenue": 174868,
            "revenue_4q": null,
            "common_shares": 613948,
            "book_valuer_per_share": 10.76,
            "book_valuer_per_share_4q_avg": 10.98,
            "equity": 660785,
            "current_ratio": 56.07,
            "debt_ratio": 50.95,
            "inventory_turnover_ratio": 1.66,
            "account_receivable_turnover_ratio": null,
            "reinvestment_rate": 111.4,
            "research_to_sale_ratio": null,
            "price_fair": 9.89,
            "eps_avg_yearly": 0.28,
            "eps_latest_yearly": 0.08,
            "eps_growth_yearly": 754.06
        },
        "20054": {
            "year_quarter": 20054,
            "year": 2005,
            "quarter": 4,
            "eps": 0.38,
            "eps_growth_year": 280,
            "eps_4q": 0.63,
            "eps_4q_growth_year": 81.81,
            "roe": 3.43,
            "roe_4q": 5.75,
            "gross_profit": 46352,
            "gross_margin": 19.03,
            "gross_margin_4q_avg": 15.23,
            "net_income": 23057,
            "net_income_4q": null,
            "revenue": 243511,
            "revenue_4q": null,
            "common_shares": 613948,
            "book_valuer_per_share": 11.14,
            "book_valuer_per_share_4q_avg": 11.03,
            "equity": 683842,
            "current_ratio": 50.76,
            "debt_ratio": 51.36,
            "inventory_turnover_ratio": 2.06,
            "account_receivable_turnover_ratio": null,
            "reinvestment_rate": 144.24,
            "research_to_sale_ratio": null,
            "price_fair": 12.6,
            "eps_avg_yearly": 0.36,
            "eps_latest_yearly": 1.52,
            "eps_growth_yearly": 1156.93
        },
        "20061": {
            "year_quarter": 20061,
            "year": 2006,
            "quarter": 1,
            "eps": 0.08,
            "eps_growth_year": -20,
            "eps_4q": 0.58,
            "eps_4q_growth_year": 41.57,
            "roe": 0.75,
            "roe_4q": 5.55,
            "gross_profit": 17020,
            "gross_margin": 8.49,
            "gross_margin_4q_avg": 14.21,
            "net_income": 5118,
            "net_income_4q": null,
            "revenue": 200522,
            "revenue_4q": null,
            "common_shares": 613948,
            "book_valuer_per_share": 11.22,
            "book_valuer_per_share_4q_avg": 11.07,
            "equity": 688960,
            "current_ratio": 57.98,
            "debt_ratio": 53.07,
            "inventory_turnover_ratio": 2.02,
            "account_receivable_turnover_ratio": null,
            "reinvestment_rate": 195.35,
            "research_to_sale_ratio": null,
            "price_fair": 13.13,
            "eps_avg_yearly": 0.38,
            "eps_latest_yearly": 0.32,
            "eps_growth_yearly": 1112.2
        },
        "20062": {
            "year_quarter": 20062,
            "year": 2006,
            "quarter": 2,
            "eps": 0.14,
            "eps_growth_year": 7.69,
            "eps_4q": 0.64,
            "eps_4q_growth_year": 61.68,
            "roe": 1.2,
            "roe_4q": 5.57,
            "gross_profit": 29981,
            "gross_margin": 13.47,
            "gross_margin_4q_avg": 13.35,
            "net_income": 8320,
            "net_income_4q": null,
            "revenue": 222520,
            "revenue_4q": null,
            "common_shares": 613948,
            "book_valuer_per_share": 11.36,
            "book_valuer_per_share_4q_avg": 11.12,
            "equity": 697280,
            "current_ratio": 47.94,
            "debt_ratio": 52.45,
            "inventory_turnover_ratio": 2.38,
            "account_receivable_turnover_ratio": null,
            "reinvestment_rate": 219.33,
            "research_to_sale_ratio": null,
            "price_fair": 13.91,
            "eps_avg_yearly": 0.4,
            "eps_latest_yearly": 0.56,
            "eps_growth_yearly": 1093.45
        },
        "20063": {
            "year_quarter": 20063,
            "year": 2006,
            "quarter": 3,
            "eps": 0.18,
            "eps_growth_year": 800,
            "eps_4q": 0.75,
            "eps_4q_growth_year": 128.78,
            "roe": 1.64,
            "roe_4q": 7.02,
            "gross_profit": 25325,
            "gross_margin": 11.59,
            "gross_margin_4q_avg": 13.15,
            "net_income": 11513,
            "net_income_4q": null,
            "revenue": 218467,
            "revenue_4q": null,
            "common_shares": 650785,
            "book_valuer_per_share": 10.89,
            "book_valuer_per_share_4q_avg": 11.15,
            "equity": 708792,
            "current_ratio": 62.82,
            "debt_ratio": 53.59,
            "inventory_turnover_ratio": 1.9,
            "account_receivable_turnover_ratio": null,
            "reinvestment_rate": 223.75,
            "research_to_sale_ratio": null,
            "price_fair": 15.4,
            "eps_avg_yearly": 0.44,
            "eps_latest_yearly": 0.72,
            "eps_growth_yearly": 1120.59
        },
        "20064": {
            "year_quarter": 20064,
            "year": 2006,
            "quarter": 4,
            "eps": 0.3,
            "eps_growth_year": -21.05,
            "eps_4q": 0.68,
            "eps_4q_growth_year": 8.19,
            "roe": 2.72,
            "roe_4q": 6.3100000000000005,
            "gross_profit": 43312,
            "gross_margin": 15.24,
            "gross_margin_4q_avg": 12.2,
            "net_income": 19557,
            "net_income_4q": null,
            "revenue": 284143,
            "revenue_4q": null,
            "common_shares": 650785,
            "book_valuer_per_share": 11.19,
            "book_valuer_per_share_4q_avg": 11.17,
            "equity": 728350,
            "current_ratio": 63.31,
            "debt_ratio": 53.1,
            "inventory_turnover_ratio": 1.98,
            "account_receivable_turnover_ratio": null,
            "reinvestment_rate": 233.23,
            "research_to_sale_ratio": null,
            "price_fair": 16.8,
            "eps_avg_yearly": 0.48,
            "eps_latest_yearly": 1.2,
            "eps_growth_yearly": 812.26
        },
        "20071": {
            "year_quarter": 20071,
            "year": 2007,
            "quarter": 1,
            "eps": 0.05,
            "eps_growth_year": -37.5,
            "eps_4q": 0.63,
            "eps_4q_growth_year": 8.59,
            "roe": 0.46,
            "roe_4q": 6.0200000000000005,
            "gross_profit": 24476,
            "gross_margin": 9.52,
            "gross_margin_4q_avg": 12.46,
            "net_income": 3386,
            "net_income_4q": null,
            "revenue": 257202,
            "revenue_4q": null,
            "common_shares": 650785,
            "book_valuer_per_share": 11.24,
            "book_valuer_per_share_4q_avg": 11.17,
            "equity": 731736,
            "current_ratio": 61.58,
            "debt_ratio": 53.17,
            "inventory_turnover_ratio": 1.94,
            "account_receivable_turnover_ratio": null,
            "reinvestment_rate": 250.78,
            "research_to_sale_ratio": null,
            "price_fair": 16.28,
            "eps_avg_yearly": 0.47,
            "eps_latest_yearly": 0.2,
            "eps_growth_yearly": 796.78
        },
        "20072": {
            "year_quarter": 20072,
            "year": 2007,
            "quarter": 2,
            "eps": 0.11,
            "eps_growth_year": -21.43,
            "eps_4q": 0.66,
            "eps_4q_growth_year": 3.87,
            "roe": 0.94,
            "roe_4q": 5.76,
            "gross_profit": 30180,
            "gross_margin": 12.02,
            "gross_margin_4q_avg": 12.09,
            "net_income": 6889,
            "net_income_4q": null,
            "revenue": 250980,
            "revenue_4q": null,
            "common_shares": 650785,
            "book_valuer_per_share": 11.35,
            "book_valuer_per_share_4q_avg": 11.17,
            "equity": 738625,
            "current_ratio": 62.93,
            "debt_ratio": 54.09,
            "inventory_turnover_ratio": 1.84,
            "account_receivable_turnover_ratio": null,
            "reinvestment_rate": 285.06,
            "research_to_sale_ratio": null,
            "price_fair": 16.45,
            "eps_avg_yearly": 0.47,
            "eps_latest_yearly": 0.44,
            "eps_growth_yearly": 831.33
        },
        "20073": {
            "year_quarter": 20073,
            "year": 2007,
            "quarter": 3,
            "eps": 0.25,
            "eps_growth_year": 38.89,
            "eps_4q": 0.68,
            "eps_4q_growth_year": -9.04,
            "roe": 2.31,
            "roe_4q": 6.43,
            "gross_profit": 35899,
            "gross_margin": 13.83,
            "gross_margin_4q_avg": 12.65,
            "net_income": 17236,
            "net_income_4q": null,
            "revenue": 259624,
            "revenue_4q": null,
            "common_shares": 689832,
            "book_valuer_per_share": 10.96,
            "book_valuer_per_share_4q_avg": 11.19,
            "equity": 755861,
            "current_ratio": 66.75,
            "debt_ratio": 52.81,
            "inventory_turnover_ratio": 1.87,
            "account_receivable_turnover_ratio": null,
            "reinvestment_rate": 255.27,
            "research_to_sale_ratio": null,
            "price_fair": 18.38,
            "eps_avg_yearly": 0.53,
            "eps_latest_yearly": 1,
            "eps_growth_yearly": 879.81
        },
        "20074": {
            "year_quarter": 20074,
            "year": 2007,
            "quarter": 4,
            "eps": 0.25,
            "eps_growth_year": -16.67,
            "eps_4q": 0.64,
            "eps_4q_growth_year": -5.6,
            "roe": 2.28,
            "roe_4q": 5.989999999999999,
            "gross_profit": 47754,
            "gross_margin": 15.35,
            "gross_margin_4q_avg": 12.68,
            "net_income": 17433,
            "net_income_4q": null,
            "revenue": 311190,
            "revenue_4q": null,
            "common_shares": 689832,
            "book_valuer_per_share": 11.21,
            "book_valuer_per_share_4q_avg": 11.19,
            "equity": 773294,
            "current_ratio": 63.37,
            "debt_ratio": 52.47,
            "inventory_turnover_ratio": 2.34,
            "account_receivable_turnover_ratio": null,
            "reinvestment_rate": 235.8,
            "research_to_sale_ratio": null,
            "price_fair": 20.39,
            "eps_avg_yearly": 0.58,
            "eps_latest_yearly": 1,
            "eps_growth_yearly": 888.14
        },
        "20081": {
            "year_quarter": 20081,
            "year": 2008,
            "quarter": 1,
            "eps": 0.07,
            "eps_growth_year": 40,
            "eps_4q": 0.63,
            "eps_4q_growth_year": 0.42,
            "roe": 0.66,
            "roe_4q": 6.1899999999999995,
            "gross_profit": 32012,
            "gross_margin": 10.37,
            "gross_margin_4q_avg": 12.89,
            "net_income": 5155,
            "net_income_4q": null,
            "revenue": 308755,
            "revenue_4q": null,
            "common_shares": 689832,
            "book_valuer_per_share": 11.28,
            "book_valuer_per_share_4q_avg": 11.2,
            "equity": 778449,
            "current_ratio": 72.27,
            "debt_ratio": 53.4,
            "inventory_turnover_ratio": 2.37,
            "account_receivable_turnover_ratio": null,
            "reinvestment_rate": 240.57,
            "research_to_sale_ratio": null,
            "price_fair": 20.91,
            "eps_avg_yearly": 0.6,
            "eps_latest_yearly": 0.28,
            "eps_growth_yearly": 882.64
        },
        "20082": {
            "year_quarter": 20082,
            "year": 2008,
            "quarter": 2,
            "eps": 0.1,
            "eps_growth_year": -9.09,
            "eps_4q": 0.65,
            "eps_4q_growth_year": -1.05,
            "roe": 0.92,
            "roe_4q": 6.17,
            "gross_profit": 40292,
            "gross_margin": 12.17,
            "gross_margin_4q_avg": 12.93,
            "net_income": 7198,
            "net_income_4q": null,
            "revenue": 331163,
            "revenue_4q": null,
            "common_shares": 689832,
            "book_valuer_per_share": 11.39,
            "book_valuer_per_share_4q_avg": 11.21,
            "equity": 785647,
            "current_ratio": 71.45,
            "debt_ratio": 54.92,
            "inventory_turnover_ratio": 2.22,
            "account_receivable_turnover_ratio": null,
            "reinvestment_rate": 256.43,
            "research_to_sale_ratio": null,
            "price_fair": 20.3,
            "eps_avg_yearly": 0.58,
            "eps_latest_yearly": 0.4,
            "eps_growth_yearly": 493.36
        },
        "20083": {
            "year_quarter": 20083,
            "year": 2008,
            "quarter": 3,
            "eps": 0.12,
            "eps_growth_year": -52,
            "eps_4q": 0.51,
            "eps_4q_growth_year": -24.67,
            "roe": 1.15,
            "roe_4q": 5.01,
            "gross_profit": 37369,
            "gross_margin": 10.38,
            "gross_margin_4q_avg": 12.07,
            "net_income": 9065,
            "net_income_4q": null,
            "revenue": 360099,
            "revenue_4q": null,
            "common_shares": 731222,
            "book_valuer_per_share": 10.87,
            "book_valuer_per_share_4q_avg": 11.19,
            "equity": 794712,
            "current_ratio": 67.46,
            "debt_ratio": 55.22,
            "inventory_turnover_ratio": 2.47,
            "account_receivable_turnover_ratio": null,
            "reinvestment_rate": 264.3,
            "research_to_sale_ratio": null,
            "price_fair": 20.83,
            "eps_avg_yearly": 0.6,
            "eps_latest_yearly": 0.48,
            "eps_growth_yearly": 514.53
        },
        "20084": {
            "year_quarter": 20084,
            "year": 2008,
            "quarter": 4,
            "eps": 0.15,
            "eps_growth_year": -40,
            "eps_4q": 0.44,
            "eps_4q_growth_year": -31.06,
            "roe": 1.36,
            "roe_4q": 4.09,
            "gross_profit": 34446,
            "gross_margin": 10.34,
            "gross_margin_4q_avg": 10.82,
            "net_income": 10914,
            "net_income_4q": null,
            "revenue": 333018,
            "revenue_4q": null,
            "common_shares": 731222,
            "book_valuer_per_share": 11.02,
            "book_valuer_per_share_4q_avg": 11.14,
            "equity": 805626,
            "current_ratio": 68.51,
            "debt_ratio": 55.3,
            "inventory_turnover_ratio": 2.32,
            "account_receivable_turnover_ratio": 5.83,
            "reinvestment_rate": 292.32,
            "research_to_sale_ratio": null,
            "price_fair": 21.26,
            "eps_avg_yearly": 0.61,
            "eps_latest_yearly": 0.6,
            "eps_growth_yearly": 504.12
        },
        "20091": {
            "year_quarter": 20091,
            "year": 2009,
            "quarter": 1,
            "eps": 0.01,
            "eps_growth_year": -85.71,
            "eps_4q": 0.38,
            "eps_4q_growth_year": -39.52,
            "roe": 0.11,
            "roe_4q": 3.54,
            "gross_profit": 23567,
            "gross_margin": 8.72,
            "gross_margin_4q_avg": 10.4,
            "net_income": 873,
            "net_income_4q": null,
            "revenue": 270202,
            "revenue_4q": null,
            "common_shares": 731222,
            "book_valuer_per_share": 11.03,
            "book_valuer_per_share_4q_avg": 11.08,
            "equity": 806499,
            "current_ratio": 61.25,
            "debt_ratio": 54.7,
            "inventory_turnover_ratio": 2.04,
            "account_receivable_turnover_ratio": 2.39,
            "reinvestment_rate": 299.07,
            "research_to_sale_ratio": null,
            "price_fair": 20.48,
            "eps_avg_yearly": 0.59,
            "eps_latest_yearly": 0.04,
            "eps_growth_yearly": 480.78
        },
        "20092": {
            "year_quarter": 20092,
            "year": 2009,
            "quarter": 2,
            "eps": 0.03,
            "eps_growth_year": -70,
            "eps_4q": 0.34,
            "eps_4q_growth_year": -47.29,
            "roe": 0.25,
            "roe_4q": 2.87,
            "gross_profit": 25380,
            "gross_margin": 9.07,
            "gross_margin_4q_avg": 9.63,
            "net_income": 1990,
            "net_income_4q": null,
            "revenue": 279707,
            "revenue_4q": null,
            "common_shares": 731222,
            "book_valuer_per_share": 11.06,
            "book_valuer_per_share_4q_avg": 11,
            "equity": 808489,
            "current_ratio": 61.61,
            "debt_ratio": 55.08,
            "inventory_turnover_ratio": 2.23,
            "account_receivable_turnover_ratio": 2.47,
            "reinvestment_rate": 290.48,
            "research_to_sale_ratio": null,
            "price_fair": 19.6,
            "eps_avg_yearly": 0.56,
            "eps_latest_yearly": 0.12,
            "eps_growth_yearly": 523.28
        },
        "20093": {
            "year_quarter": 20093,
            "year": 2009,
            "quarter": 3,
            "eps": 0.11,
            "eps_growth_year": -8.33,
            "eps_4q": 0.3,
            "eps_4q_growth_year": -42,
            "roe": 0.99,
            "roe_4q": 2.71,
            "gross_profit": 31640,
            "gross_margin": 9.48,
            "gross_margin_4q_avg": 9.4,
            "net_income": 8048,
            "net_income_4q": null,
            "revenue": 333718,
            "revenue_4q": null,
            "common_shares": 760471,
            "book_valuer_per_share": 10.74,
            "book_valuer_per_share_4q_avg": 10.96,
            "equity": 816537,
            "current_ratio": 57.02,
            "debt_ratio": 55.29,
            "inventory_turnover_ratio": 2.93,
            "account_receivable_turnover_ratio": 2.75,
            "reinvestment_rate": 273.41,
            "research_to_sale_ratio": null,
            "price_fair": 20.39,
            "eps_avg_yearly": 0.58,
            "eps_latest_yearly": 0.44,
            "eps_growth_yearly": 611.11
        },
        "20094": {
            "year_quarter": 20094,
            "year": 2009,
            "quarter": 4,
            "eps": 0.19,
            "eps_growth_year": 26.67,
            "eps_4q": 0.33,
            "eps_4q_growth_year": -25.09,
            "roe": 1.75,
            "roe_4q": 3.1,
            "gross_profit": 32362,
            "gross_margin": 8.55,
            "gross_margin_4q_avg": 8.96,
            "net_income": 14404,
            "net_income_4q": null,
            "revenue": 378382,
            "revenue_4q": null,
            "common_shares": 760471,
            "book_valuer_per_share": 10.93,
            "book_valuer_per_share_4q_avg": 10.94,
            "equity": 830941,
            "current_ratio": 70.74,
            "debt_ratio": 57.84,
            "inventory_turnover_ratio": 3.54,
            "account_receivable_turnover_ratio": 4.92,
            "reinvestment_rate": 255.42,
            "research_to_sale_ratio": null,
            "price_fair": 18.73,
            "eps_avg_yearly": 0.54,
            "eps_latest_yearly": 0.76,
            "eps_growth_yearly": 179.29
        },
        "20101": {
            "year_quarter": 20101,
            "year": 2010,
            "quarter": 1,
            "eps": 0.16,
            "eps_growth_year": 1500,
            "eps_4q": 0.48,
            "eps_4q_growth_year": 25.34,
            "roe": 1.45,
            "roe_4q": 4.44,
            "gross_profit": 37756,
            "gross_margin": 9.17,
            "gross_margin_4q_avg": 9.07,
            "net_income": 12122,
            "net_income_4q": null,
            "revenue": 411557,
            "revenue_4q": null,
            "common_shares": 760471,
            "book_valuer_per_share": 11.09,
            "book_valuer_per_share_4q_avg": 10.96,
            "equity": 843063,
            "current_ratio": 66.19,
            "debt_ratio": 57.78,
            "inventory_turnover_ratio": 3.8,
            "account_receivable_turnover_ratio": 2.53,
            "reinvestment_rate": 224.6,
            "research_to_sale_ratio": null,
            "price_fair": 19.43,
            "eps_avg_yearly": 0.56,
            "eps_latest_yearly": 0.64,
            "eps_growth_yearly": 195.08
        },
        "20102": {
            "year_quarter": 20102,
            "year": 2010,
            "quarter": 2,
            "eps": 0.45,
            "eps_growth_year": 1404.82,
            "eps_4q": 0.89,
            "eps_4q_growth_year": 159.28,
            "roe": 4.11,
            "roe_4q": 8.3,
            "gross_profit": 64106,
            "gross_margin": 14.44,
            "gross_margin_4q_avg": 10.41,
            "net_income": 35361,
            "net_income_4q": null,
            "revenue": 444099,
            "revenue_4q": null,
            "common_shares": 760471,
            "book_valuer_per_share": 11.55,
            "book_valuer_per_share_4q_avg": 11.08,
            "equity": 878424,
            "current_ratio": 67.18,
            "debt_ratio": 56.81,
            "inventory_turnover_ratio": 4.06,
            "account_receivable_turnover_ratio": 2.68,
            "reinvestment_rate": 182.56,
            "research_to_sale_ratio": null,
            "price_fair": 22.14,
            "eps_avg_yearly": 0.63,
            "eps_latest_yearly": 1.8,
            "eps_growth_yearly": 221.64
        },
        "20103": {
            "year_quarter": 20103,
            "year": 2010,
            "quarter": 3,
            "eps": 0.28,
            "eps_growth_year": 157.68,
            "eps_4q": 1.07,
            "eps_4q_growth_year": 259.88,
            "roe": 2.5,
            "roe_4q": 9.81,
            "gross_profit": 49860,
            "gross_margin": 11.34,
            "gross_margin_4q_avg": 10.88,
            "net_income": 22202,
            "net_income_4q": null,
            "revenue": 439519,
            "revenue_4q": null,
            "common_shares": 783285,
            "book_valuer_per_share": 11.5,
            "book_valuer_per_share_4q_avg": 11.27,
            "equity": 900626,
            "current_ratio": 59.73,
            "debt_ratio": 55.75,
            "inventory_turnover_ratio": 4.33,
            "account_receivable_turnover_ratio": 2.74,
            "reinvestment_rate": 184.82,
            "research_to_sale_ratio": null,
            "price_fair": 23.01,
            "eps_avg_yearly": 0.66,
            "eps_latest_yearly": 1.12,
            "eps_growth_yearly": 205.05
        },
        "20104": {
            "year_quarter": 20104,
            "year": 2010,
            "quarter": 4,
            "eps": 0.73,
            "eps_growth_year": 282.3,
            "eps_4q": 1.62,
            "eps_4q_growth_year": 385.46,
            "roe": 6.12,
            "roe_4q": 14.18,
            "gross_profit": 91491,
            "gross_margin": 16.17,
            "gross_margin_4q_avg": 12.78,
            "net_income": 56896,
            "net_income_4q": null,
            "revenue": 565885,
            "revenue_4q": null,
            "common_shares": 783285,
            "book_valuer_per_share": 12.22,
            "book_valuer_per_share_4q_avg": 11.59,
            "equity": 957522,
            "current_ratio": 65.8,
            "debt_ratio": 54.46,
            "inventory_turnover_ratio": 5.96,
            "account_receivable_turnover_ratio": 3.22,
            "reinvestment_rate": 152.04,
            "research_to_sale_ratio": null,
            "price_fair": 26.78,
            "eps_avg_yearly": 0.77,
            "eps_latest_yearly": 2.92,
            "eps_growth_yearly": 228.56
        },
        "20111": {
            "year_quarter": 20111,
            "year": 2011,
            "quarter": 1,
            "eps": 0.12,
            "eps_growth_year": -25,
            "eps_4q": 1.58,
            "eps_4q_growth_year": 229.32,
            "roe": 0.99,
            "roe_4q": 13.719999999999999,
            "gross_profit": 30203,
            "gross_margin": 6.1,
            "gross_margin_4q_avg": 12.01,
            "net_income": 9564,
            "net_income_4q": null,
            "revenue": 495103,
            "revenue_4q": null,
            "common_shares": 783285,
            "book_valuer_per_share": 12.35,
            "book_valuer_per_share_4q_avg": 11.91,
            "equity": 967086,
            "current_ratio": 68.66,
            "debt_ratio": 55.49,
            "inventory_turnover_ratio": 5.36,
            "account_receivable_turnover_ratio": 2.41,
            "reinvestment_rate": 149.11,
            "research_to_sale_ratio": null,
            "price_fair": 27.39,
            "eps_avg_yearly": 0.78,
            "eps_latest_yearly": 0.48,
            "eps_growth_yearly": 228.51
        },
        "20112": {
            "year_quarter": 20112,
            "year": 2011,
            "quarter": 2,
            "eps": 0.34,
            "eps_growth_year": -25.75,
            "eps_4q": 1.33,
            "eps_4q_growth_year": 48.75,
            "roe": 3.05,
            "roe_4q": 12.66,
            "gross_profit": 57733,
            "gross_margin": 11.09,
            "gross_margin_4q_avg": 11.18,
            "net_income": 29930,
            "net_income_4q": null,
            "revenue": 520697,
            "revenue_4q": null,
            "common_shares": 783285,
            "book_valuer_per_share": 12.73,
            "book_valuer_per_share_4q_avg": 12.2,
            "equity": 997016,
            "current_ratio": 61.14,
            "debt_ratio": 54.24,
            "inventory_turnover_ratio": 4.47,
            "account_receivable_turnover_ratio": 2.45,
            "reinvestment_rate": 139.65,
            "research_to_sale_ratio": null,
            "price_fair": 29.4,
            "eps_avg_yearly": 0.84,
            "eps_latest_yearly": 1.36,
            "eps_growth_yearly": 244.34
        },
        "20113": {
            "year_quarter": 20113,
            "year": 2011,
            "quarter": 3,
            "eps": 0.15,
            "eps_growth_year": -46.91,
            "eps_4q": 1.23,
            "eps_4q_growth_year": 14.57,
            "roe": 1.34,
            "roe_4q": 11.5,
            "gross_profit": 38426,
            "gross_margin": 6.75,
            "gross_margin_4q_avg": 10.03,
            "net_income": 13437,
            "net_income_4q": null,
            "revenue": 569636,
            "revenue_4q": null,
            "common_shares": 892945,
            "book_valuer_per_share": 11.32,
            "book_valuer_per_share_4q_avg": 12.16,
            "equity": 1010454,
            "current_ratio": 60.29,
            "debt_ratio": 54.12,
            "inventory_turnover_ratio": 5.02,
            "account_receivable_turnover_ratio": 2.66,
            "reinvestment_rate": 152.34,
            "research_to_sale_ratio": null,
            "price_fair": 28.53,
            "eps_avg_yearly": 0.82,
            "eps_latest_yearly": 0.6,
            "eps_growth_yearly": 198.55
        },
        "20114": {
            "year_quarter": 20114,
            "year": 2011,
            "quarter": 4,
            "eps": 0.32,
            "eps_growth_year": -55.41,
            "eps_4q": 0.92,
            "eps_4q_growth_year": -43.28,
            "roe": 2.82,
            "roe_4q": 8.2,
            "gross_profit": 53588,
            "gross_margin": 6.99,
            "gross_margin_4q_avg": 7.73,
            "net_income": 28920,
            "net_income_4q": null,
            "revenue": 766683,
            "revenue_4q": null,
            "common_shares": 892945,
            "book_valuer_per_share": 11.64,
            "book_valuer_per_share_4q_avg": 12.01,
            "equity": 1039373,
            "current_ratio": 66.13,
            "debt_ratio": 56.1,
            "inventory_turnover_ratio": 6.98,
            "account_receivable_turnover_ratio": 2.64,
            "reinvestment_rate": 150.8,
            "research_to_sale_ratio": null,
            "price_fair": 29.14,
            "eps_avg_yearly": 0.83,
            "eps_latest_yearly": 1.28,
            "eps_growth_yearly": 226.88
        },
        "20121": {
            "year_quarter": 20121,
            "year": 2012,
            "quarter": 1,
            "eps": 0.4,
            "eps_growth_year": 233.33,
            "eps_4q": 1.21,
            "eps_4q_growth_year": -23.89,
            "roe": 3.34,
            "roe_4q": 10.55,
            "gross_profit": 61868,
            "gross_margin": 6.54,
            "gross_margin_4q_avg": 7.84,
            "net_income": 35327,
            "net_income_4q": null,
            "revenue": 946206,
            "revenue_4q": null,
            "common_shares": 892945,
            "book_valuer_per_share": 12.04,
            "book_valuer_per_share_4q_avg": 11.93,
            "equity": 1074700,
            "current_ratio": 68.48,
            "debt_ratio": 56.68,
            "inventory_turnover_ratio": 8.96,
            "account_receivable_turnover_ratio": 2.39,
            "reinvestment_rate": 139.85,
            "research_to_sale_ratio": null,
            "price_fair": 32.03,
            "eps_avg_yearly": 0.92,
            "eps_latest_yearly": 1.6,
            "eps_growth_yearly": 251.13
        },
        "20122": {
            "year_quarter": 20122,
            "year": 2012,
            "quarter": 2,
            "eps": 0.26,
            "eps_growth_year": -21.03,
            "eps_4q": 1.07,
            "eps_4q_growth_year": -19.42,
            "roe": 2.35,
            "roe_4q": 9.85,
            "gross_profit": 54929,
            "gross_margin": 5.38,
            "gross_margin_4q_avg": 6.42,
            "net_income": 25527,
            "net_income_4q": null,
            "revenue": 1021717,
            "revenue_4q": null,
            "common_shares": 892945,
            "book_valuer_per_share": 12.32,
            "book_valuer_per_share_4q_avg": 11.83,
            "equity": 1100227,
            "current_ratio": 68.45,
            "debt_ratio": 56.77,
            "inventory_turnover_ratio": 9.33,
            "account_receivable_turnover_ratio": 2.29,
            "reinvestment_rate": 123.77,
            "research_to_sale_ratio": null,
            "price_fair": 33.43,
            "eps_avg_yearly": 0.96,
            "eps_latest_yearly": 1.04,
            "eps_growth_yearly": 231.67
        },
        "20123": {
            "year_quarter": 20123,
            "year": 2012,
            "quarter": 3,
            "eps": 0.5,
            "eps_growth_year": 231.59,
            "eps_4q": 1.43,
            "eps_4q_growth_year": 16.26,
            "roe": 4.28,
            "roe_4q": 12.790000000000001,
            "gross_profit": 79306,
            "gross_margin": 6.7,
            "gross_margin_4q_avg": 6.4,
            "net_income": 48121,
            "net_income_4q": null,
            "revenue": 1183199,
            "revenue_4q": null,
            "common_shares": 964380,
            "book_valuer_per_share": 11.91,
            "book_valuer_per_share_4q_avg": 11.98,
            "equity": 1148348,
            "current_ratio": 75.78,
            "debt_ratio": 55.08,
            "inventory_turnover_ratio": 9.93,
            "account_receivable_turnover_ratio": 2.54,
            "reinvestment_rate": 97.18,
            "research_to_sale_ratio": null,
            "price_fair": 36.75,
            "eps_avg_yearly": 1.05,
            "eps_latest_yearly": 2,
            "eps_growth_yearly": 249.75
        },
        "20124": {
            "year_quarter": 20124,
            "year": 2012,
            "quarter": 4,
            "eps": 0.73,
            "eps_growth_year": 124.18,
            "eps_4q": 1.86,
            "eps_4q_growth_year": 102.48,
            "roe": 5.92,
            "roe_4q": 15.889999999999999,
            "gross_profit": 104721,
            "gross_margin": 7.76,
            "gross_margin_4q_avg": 6.6,
            "net_income": 70019,
            "net_income_4q": null,
            "revenue": 1350261,
            "revenue_4q": null,
            "common_shares": 964380,
            "book_valuer_per_share": 12.63,
            "book_valuer_per_share_4q_avg": 12.23,
            "equity": 1218367,
            "current_ratio": 77.17,
            "debt_ratio": 53.96,
            "inventory_turnover_ratio": 10.44,
            "account_receivable_turnover_ratio": 2.73,
            "reinvestment_rate": 72.98,
            "research_to_sale_ratio": null,
            "price_fair": 41.83,
            "eps_avg_yearly": 1.2,
            "eps_latest_yearly": 2.92,
            "eps_growth_yearly": 255
        },
        "20131": {
            "year_quarter": 20131,
            "year": 2013,
            "quarter": 1,
            "eps": 0.55,
            "eps_growth_year": 37.5,
            "eps_4q": 2.04,
            "eps_4q_growth_year": 69.57,
            "roe": 4.3,
            "roe_4q": 16.85,
            "gross_profit": 85579,
            "gross_margin": 5.97,
            "gross_margin_4q_avg": 6.45,
            "net_income": 53416,
            "net_income_4q": null,
            "revenue": 1432981,
            "revenue_4q": null,
            "common_shares": 964380,
            "book_valuer_per_share": 13.13,
            "book_valuer_per_share_4q_avg": 12.5,
            "equity": 1265922,
            "current_ratio": 80.23,
            "debt_ratio": 57.07,
            "inventory_turnover_ratio": 10.93,
            "account_receivable_turnover_ratio": 2.38,
            "reinvestment_rate": 72.62,
            "research_to_sale_ratio": null,
            "price_fair": 46.55,
            "eps_avg_yearly": 1.33,
            "eps_latest_yearly": 2.2,
            "eps_growth_yearly": 272.17
        },
        "20132": {
            "year_quarter": 20132,
            "year": 2013,
            "quarter": 2,
            "eps": 0.78,
            "eps_growth_year": 194.67,
            "eps_4q": 2.18,
            "eps_4q_growth_year": 104,
            "roe": 5.74,
            "roe_4q": 20.24,
            "gross_profit": 111106,
            "gross_margin": 7.74,
            "gross_margin_4q_avg": 7.04,
            "net_income": 74784,
            "net_income_4q": null,
            "revenue": 1434931,
            "revenue_4q": null,
            "common_shares": 964380,
            "book_valuer_per_share": 13.9,
            "book_valuer_per_share_4q_avg": 12.89,
            "equity": 1340706,
            "current_ratio": 80.19,
            "debt_ratio": 52.8,
            "inventory_turnover_ratio": 11.11,
            "account_receivable_turnover_ratio": 2.33,
            "reinvestment_rate": 74.99,
            "research_to_sale_ratio": null,
            "price_fair": 53.11,
            "eps_avg_yearly": 1.52,
            "eps_latest_yearly": 3.12,
            "eps_growth_yearly": 232.62
        },
        "20133": {
            "year_quarter": 20133,
            "year": 2013,
            "quarter": 3,
            "eps": 0.42,
            "eps_growth_year": -15.83,
            "eps_4q": 2.17,
            "eps_4q_growth_year": 51.89,
            "roe": 3.43,
            "roe_4q": 19.39,
            "gross_profit": 79591,
            "gross_margin": 5.57,
            "gross_margin_4q_avg": 6.76,
            "net_income": 46829,
            "net_income_4q": null,
            "revenue": 1429345,
            "revenue_4q": null,
            "common_shares": 1128325,
            "book_valuer_per_share": 12.3,
            "book_valuer_per_share_4q_avg": 12.99,
            "equity": 1387535,
            "current_ratio": 86.28,
            "debt_ratio": 52.51,
            "inventory_turnover_ratio": 10.85,
            "account_receivable_turnover_ratio": 2.66,
            "reinvestment_rate": 65.19,
            "research_to_sale_ratio": null,
            "price_fair": 55.83,
            "eps_avg_yearly": 1.6,
            "eps_latest_yearly": 1.68,
            "eps_growth_yearly": 154.42
        },
        "20134": {
            "year_quarter": 20134,
            "year": 2013,
            "quarter": 4,
            "eps": 0.44,
            "eps_growth_year": -39.67,
            "eps_4q": 1.99,
            "eps_4q_growth_year": 7.18,
            "roe": 3.5,
            "roe_4q": 16.97,
            "gross_profit": 81534,
            "gross_margin": 6.04,
            "gross_margin_4q_avg": 6.33,
            "net_income": 49425,
            "net_income_4q": null,
            "revenue": 1350766,
            "revenue_4q": null,
            "common_shares": 1128325,
            "book_valuer_per_share": 12.74,
            "book_valuer_per_share_4q_avg": 13.02,
            "equity": 1437318,
            "current_ratio": 86.58,
            "debt_ratio": 52.99,
            "inventory_turnover_ratio": 9.21,
            "account_receivable_turnover_ratio": 2.58,
            "reinvestment_rate": 67.33,
            "research_to_sale_ratio": null,
            "price_fair": 58.01,
            "eps_avg_yearly": 1.66,
            "eps_latest_yearly": 1.76,
            "eps_growth_yearly": 137.42
        },
        "20141": {
            "year_quarter": 20141,
            "year": 2014,
            "quarter": 1,
            "eps": 0.42,
            "eps_growth_year": -23.64,
            "eps_4q": 1.93,
            "eps_4q_growth_year": -5.43,
            "roe": 3.22,
            "roe_4q": 15.89,
            "gross_profit": 80927,
            "gross_margin": 5.23,
            "gross_margin_4q_avg": 6.15,
            "net_income": 47037,
            "net_income_4q": null,
            "revenue": 1546210,
            "revenue_4q": null,
            "common_shares": 1128325,
            "book_valuer_per_share": 13.16,
            "book_valuer_per_share_4q_avg": 13.03,
            "equity": 1484355,
            "current_ratio": 87.31,
            "debt_ratio": 52.64,
            "inventory_turnover_ratio": 10,
            "account_receivable_turnover_ratio": 2.86,
            "reinvestment_rate": 68.57,
            "research_to_sale_ratio": null,
            "price_fair": 60.29,
            "eps_avg_yearly": 1.72,
            "eps_latest_yearly": 1.68,
            "eps_growth_yearly": 140.24
        },
        "20142": {
            "year_quarter": 20142,
            "year": 2014,
            "quarter": 2,
            "eps": 0.63,
            "eps_growth_year": -19.23,
            "eps_4q": 1.78,
            "eps_4q_growth_year": -18.28,
            "roe": 5.28,
            "roe_4q": 15.43,
            "gross_profit": 119105,
            "gross_margin": 7.88,
            "gross_margin_4q_avg": 6.18,
            "net_income": 78153,
            "net_income_4q": null,
            "revenue": 1512052,
            "revenue_4q": null,
            "common_shares": 1128325,
            "book_valuer_per_share": 13.08,
            "book_valuer_per_share_4q_avg": 12.82,
            "equity": 1475628,
            "current_ratio": 84.26,
            "debt_ratio": 53.27,
            "inventory_turnover_ratio": 9.15,
            "account_receivable_turnover_ratio": 2.64,
            "reinvestment_rate": 65.29,
            "research_to_sale_ratio": null,
            "price_fair": 61.86,
            "eps_avg_yearly": 1.77,
            "eps_latest_yearly": 2.52,
            "eps_growth_yearly": 107.42
        },
        "20143": {
            "year_quarter": 20143,
            "year": 2014,
            "quarter": 3,
            "eps": 0.53,
            "eps_growth_year": 26.19,
            "eps_4q": 1.94,
            "eps_4q_growth_year": -10.59,
            "roe": 4.4,
            "roe_4q": 16.4,
            "gross_profit": 106909,
            "gross_margin": 7.34,
            "gross_margin_4q_avg": 6.62,
            "net_income": 66392,
            "net_income_4q": null,
            "revenue": 1456228,
            "revenue_4q": null,
            "common_shares": 1241158,
            "book_valuer_per_share": 12.42,
            "book_valuer_per_share_4q_avg": 12.85,
            "equity": 1542020,
            "current_ratio": 89.47,
            "debt_ratio": 51.08,
            "inventory_turnover_ratio": 8.28,
            "account_receivable_turnover_ratio": 2.67,
            "reinvestment_rate": 61.46,
            "research_to_sale_ratio": null,
            "price_fair": 64.05,
            "eps_avg_yearly": 1.83,
            "eps_latest_yearly": 2.12,
            "eps_growth_yearly": 112.9
        },
        "20144": {
            "year_quarter": 20144,
            "year": 2014,
            "quarter": 4,
            "eps": 0.56,
            "eps_growth_year": 28.58,
            "eps_4q": 2.11,
            "eps_4q_growth_year": 5.91,
            "roe": 4.43,
            "roe_4q": 17.33,
            "gross_profit": 104425,
            "gross_margin": 7.01,
            "gross_margin_4q_avg": 6.87,
            "net_income": 69905,
            "net_income_4q": null,
            "revenue": 1489417,
            "revenue_4q": null,
            "common_shares": 1241158,
            "book_valuer_per_share": 12.98,
            "book_valuer_per_share_4q_avg": 12.91,
            "equity": 1611557,
            "current_ratio": 90.25,
            "debt_ratio": 50.95,
            "inventory_turnover_ratio": 7.85,
            "account_receivable_turnover_ratio": 2.69,
            "reinvestment_rate": 63.46,
            "research_to_sale_ratio": null,
            "price_fair": 62.56,
            "eps_avg_yearly": 1.79,
            "eps_latest_yearly": 2.24,
            "eps_growth_yearly": 74.14
        },
        "20151": {
            "year_quarter": 20151,
            "year": 2015,
            "quarter": 1,
            "eps": 0.37,
            "eps_growth_year": -11.9,
            "eps_4q": 2.1,
            "eps_4q_growth_year": 8.63,
            "roe": 2.82,
            "roe_4q": 16.93,
            "gross_profit": 80103,
            "gross_margin": 5.86,
            "gross_margin_4q_avg": 7.02,
            "net_income": 46141,
            "net_income_4q": null,
            "revenue": 1366586,
            "revenue_4q": null,
            "common_shares": 1241158,
            "book_valuer_per_share": 13.36,
            "book_valuer_per_share_4q_avg": 12.96,
            "equity": 1657698,
            "current_ratio": 89.79,
            "debt_ratio": 49.61,
            "inventory_turnover_ratio": 6.76,
            "account_receivable_turnover_ratio": 2.38,
            "reinvestment_rate": 62.76,
            "research_to_sale_ratio": null,
            "price_fair": 64.75,
            "eps_avg_yearly": 1.85,
            "eps_latest_yearly": 1.48,
            "eps_growth_yearly": 86.54
        },
        "20152": {
            "year_quarter": 20152,
            "year": 2015,
            "quarter": 2,
            "eps": 0.45,
            "eps_growth_year": -28.57,
            "eps_4q": 1.78,
            "eps_4q_growth_year": -0.13,
            "roe": 3.71,
            "roe_4q": 15.36,
            "gross_profit": 99369,
            "gross_margin": 7.37,
            "gross_margin_4q_avg": 6.9,
            "net_income": 60833,
            "net_income_4q": null,
            "revenue": 1347468,
            "revenue_4q": null,
            "common_shares": 1241158,
            "book_valuer_per_share": 13.05,
            "book_valuer_per_share_4q_avg": 12.95,
            "equity": 1619239,
            "current_ratio": 76.22,
            "debt_ratio": 50.34,
            "inventory_turnover_ratio": 6.43,
            "account_receivable_turnover_ratio": 2.59,
            "reinvestment_rate": 70.72,
            "research_to_sale_ratio": null,
            "price_fair": 65.71,
            "eps_avg_yearly": 1.88,
            "eps_latest_yearly": 1.8,
            "eps_growth_yearly": 46.12
        },
        "20153": {
            "year_quarter": 20153,
            "year": 2015,
            "quarter": 3,
            "eps": 0.26,
            "eps_growth_year": -50.94,
            "eps_4q": 1.55,
            "eps_4q_growth_year": -20.04,
            "roe": 2.14,
            "roe_4q": 13.1,
            "gross_profit": 69145,
            "gross_margin": 5.51,
            "gross_margin_4q_avg": 6.44,
            "net_income": 35110,
            "net_income_4q": null,
            "revenue": 1254583,
            "revenue_4q": null,
            "common_shares": 1365274,
            "book_valuer_per_share": 12.12,
            "book_valuer_per_share_4q_avg": 12.88,
            "equity": 1654349,
            "current_ratio": 73.67,
            "debt_ratio": 51.18,
            "inventory_turnover_ratio": 6.42,
            "account_receivable_turnover_ratio": 2.8,
            "reinvestment_rate": 74.44,
            "research_to_sale_ratio": null,
            "price_fair": 66.68,
            "eps_avg_yearly": 1.91,
            "eps_latest_yearly": 1.04,
            "eps_growth_yearly": 49.53
        },
        "20154": {
            "year_quarter": 20154,
            "year": 2015,
            "quarter": 4,
            "eps": 0.47,
            "eps_growth_year": -15.89,
            "eps_4q": 1.51,
            "eps_4q_growth_year": -28.12,
            "roe": 3.83,
            "roe_4q": 12.5,
            "gross_profit": 110141,
            "gross_margin": 7.95,
            "gross_margin_4q_avg": 6.67,
            "net_income": 64678,
            "net_income_4q": null,
            "revenue": 1386180,
            "revenue_4q": null,
            "common_shares": 1365274,
            "book_valuer_per_share": 12.59,
            "book_valuer_per_share_4q_avg": 12.78,
            "equity": 1718922,
            "current_ratio": 73.08,
            "debt_ratio": 50.94,
            "inventory_turnover_ratio": 7.5,
            "account_receivable_turnover_ratio": 3.36,
            "reinvestment_rate": 81.49,
            "research_to_sale_ratio": null,
            "price_fair": 67.99,
            "eps_avg_yearly": 1.94,
            "eps_latest_yearly": 1.88,
            "eps_growth_yearly": 41.39
        },
        "20161": {
            "year_quarter": 20161,
            "year": 2016,
            "quarter": 1,
            "eps": 0.26,
            "eps_growth_year": -29.73,
            "eps_4q": 1.44,
            "eps_4q_growth_year": -31.49,
            "roe": 2.06,
            "roe_4q": 11.740000000000002,
            "gross_profit": 72359,
            "gross_margin": 5.62,
            "gross_margin_4q_avg": 6.61,
            "net_income": 35777,
            "net_income_4q": null,
            "revenue": 1287354,
            "revenue_4q": null,
            "common_shares": 1365274,
            "book_valuer_per_share": 12.85,
            "book_valuer_per_share_4q_avg": 12.65,
            "equity": 1754699,
            "current_ratio": 73.95,
            "debt_ratio": 50.71,
            "inventory_turnover_ratio": 7.84,
            "account_receivable_turnover_ratio": 3.16,
            "reinvestment_rate": 83.58,
            "research_to_sale_ratio": null,
            "price_fair": 64.8,
            "eps_avg_yearly": 1.91,
            "eps_latest_yearly": 1.04,
            "eps_growth_yearly": 23.97
        },
        "20162": {
            "year_quarter": 20162,
            "year": 2016,
            "quarter": 2,
            "eps": 0.4,
            "eps_growth_year": -11.11,
            "eps_4q": 1.34,
            "eps_4q_growth_year": -24.94,
            "roe": 3.33,
            "roe_4q": 11.360000000000001,
            "gross_profit": 97659,
            "gross_margin": 8.31,
            "gross_margin_4q_avg": 6.85,
            "net_income": 57990,
            "net_income_4q": null,
            "revenue": 1174824,
            "revenue_4q": null,
            "common_shares": 1365274,
            "book_valuer_per_share": 12.68,
            "book_valuer_per_share_4q_avg": 12.56,
            "equity": 1730773,
            "current_ratio": 72.12,
            "debt_ratio": 53.27,
            "inventory_turnover_ratio": 7.27,
            "account_receivable_turnover_ratio": 3.05,
            "reinvestment_rate": 85.85,
            "research_to_sale_ratio": null,
            "price_fair": 67.99,
            "eps_avg_yearly": 1.94,
            "eps_latest_yearly": 1.6,
            "eps_growth_yearly": 46.18
        },
        "20163": {
            "year_quarter": 20163,
            "year": 2016,
            "quarter": 3,
            "eps": 0.34,
            "eps_growth_year": 30.77,
            "eps_4q": 1.43,
            "eps_4q_growth_year": -7.65,
            "roe": 2.8,
            "roe_4q": 12.02,
            "gross_profit": 90482,
            "gross_margin": 7.72,
            "gross_margin_4q_avg": 7.4,
            "net_income": 49075,
            "net_income_4q": null,
            "revenue": 1171312,
            "revenue_4q": null,
            "common_shares": 1447190,
            "book_valuer_per_share": 12.3,
            "book_valuer_per_share_4q_avg": 12.61,
            "equity": 1779848,
            "current_ratio": 69.51,
            "debt_ratio": 51.19,
            "inventory_turnover_ratio": 7.55,
            "account_receivable_turnover_ratio": 3.18,
            "reinvestment_rate": 91.58,
            "research_to_sale_ratio": null,
            "price_fair": 55.85,
            "eps_avg_yearly": 1.9,
            "eps_latest_yearly": 1.36,
            "eps_growth_yearly": 19.35
        },
        "20164": {
            "year_quarter": 20164,
            "year": 2016,
            "quarter": 4,
            "eps": 0.39,
            "eps_growth_year": -17.07,
            "eps_4q": 1.38,
            "eps_4q_growth_year": -8.88,
            "roe": 3.14,
            "roe_4q": 11.33,
            "gross_profit": 102584,
            "gross_margin": 7.9,
            "gross_margin_4q_avg": 7.39,
            "net_income": 56854,
            "net_income_4q": null,
            "revenue": 1298008,
            "revenue_4q": null,
            "common_shares": 1447190,
            "book_valuer_per_share": 12.69,
            "book_valuer_per_share_4q_avg": 12.63,
            "equity": 1836571,
            "current_ratio": 69.24,
            "debt_ratio": 51.43,
            "inventory_turnover_ratio": 8.95,
            "account_receivable_turnover_ratio": 3.24,
            "reinvestment_rate": 100.61,
            "research_to_sale_ratio": null,
            "price_fair": 39.13,
            "eps_avg_yearly": 1.82,
            "eps_latest_yearly": 1.56,
            "eps_growth_yearly": 11.53
        },
        "20171": {
            "year_quarter": 20171,
            "year": 2017,
            "quarter": 1,
            "eps": 0.27,
            "eps_growth_year": 3.85,
            "eps_4q": 1.4,
            "eps_4q_growth_year": -2.48,
            "roe": 2.11,
            "roe_4q": 11.38,
            "gross_profit": 79574,
            "gross_margin": 6.21,
            "gross_margin_4q_avg": 7.54,
            "net_income": 39099,
            "net_income_4q": null,
            "revenue": 1280422,
            "revenue_4q": null,
            "common_shares": 1447190,
            "book_valuer_per_share": 12.96,
            "book_valuer_per_share_4q_avg": 12.66,
            "equity": 1875670,
            "current_ratio": 70.69,
            "debt_ratio": 51.1,
            "inventory_turnover_ratio": 9.18,
            "account_receivable_turnover_ratio": 2.86,
            "reinvestment_rate": 98.9,
            "research_to_sale_ratio": null,
            "price_fair": 34.95,
            "eps_avg_yearly": 1.75,
            "eps_latest_yearly": 1.08,
            "eps_growth_yearly": 10
        },
        "20172": {
            "year_quarter": 20172,
            "year": 2017,
            "quarter": 2,
            "eps": 0.41,
            "eps_growth_year": 2.5,
            "eps_4q": 1.35,
            "eps_4q_growth_year": 1.21,
            "roe": 3.36,
            "roe_4q": 11.41,
            "gross_profit": 110218,
            "gross_margin": 7.89,
            "gross_margin_4q_avg": 7.43,
            "net_income": 62628,
            "net_income_4q": null,
            "revenue": 1397000,
            "revenue_4q": null,
            "common_shares": 1447190,
            "book_valuer_per_share": 12.79,
            "book_valuer_per_share_4q_avg": 12.69,
            "equity": 1851467,
            "current_ratio": 78.48,
            "debt_ratio": 55.1,
            "inventory_turnover_ratio": 8.81,
            "account_receivable_turnover_ratio": 2.84,
            "reinvestment_rate": 93.53,
            "research_to_sale_ratio": null,
            "price_fair": 37.26,
            "eps_avg_yearly": 1.66,
            "eps_latest_yearly": 1.64,
            "eps_growth_yearly": 12.51
        },
        "20173": {
            "year_quarter": 20173,
            "year": 2017,
            "quarter": 3,
            "eps": 0.53,
            "eps_growth_year": 55.88,
            "eps_4q": 1.56,
            "eps_4q_growth_year": 9.12,
            "roe": 4.3,
            "roe_4q": 12.91,
            "gross_profit": 129204,
            "gross_margin": 8.49,
            "gross_margin_4q_avg": 7.62,
            "net_income": 81445,
            "net_income_4q": null,
            "revenue": 1522662,
            "revenue_4q": null,
            "common_shares": 1534021,
            "book_valuer_per_share": 12.6,
            "book_valuer_per_share_4q_avg": 12.76,
            "equity": 1932912,
            "current_ratio": 65.18,
            "debt_ratio": 52.52,
            "inventory_turnover_ratio": 8.94,
            "account_receivable_turnover_ratio": 3.05,
            "reinvestment_rate": 122.41,
            "research_to_sale_ratio": null,
            "price_fair": 58.89,
            "eps_avg_yearly": 1.68,
            "eps_latest_yearly": 2.12,
            "eps_growth_yearly": 31.37
        },
        "20174": {
            "year_quarter": 20174,
            "year": 2017,
            "quarter": 4,
            "eps": 0.56,
            "eps_growth_year": 41.51,
            "eps_4q": 1.75,
            "eps_4q_growth_year": 26.82,
            "roe": 4.32,
            "roe_4q": 14.09,
            "gross_profit": 145013,
            "gross_margin": 8.03,
            "gross_margin_4q_avg": 7.66,
            "net_income": 85281,
            "net_income_4q": null,
            "revenue": 1806465,
            "revenue_4q": null,
            "common_shares": 1534021,
            "book_valuer_per_share": 13.15,
            "book_valuer_per_share_4q_avg": 12.88,
            "equity": 2017896,
            "current_ratio": 75.15,
            "debt_ratio": 53.24,
            "inventory_turnover_ratio": 11.15,
            "account_receivable_turnover_ratio": 3.29,
            "reinvestment_rate": 116.03,
            "research_to_sale_ratio": null,
            "price_fair": 59.94,
            "eps_avg_yearly": 1.71,
            "eps_latest_yearly": 2.24,
            "eps_growth_yearly": 31.59
        },
        "20181": {
            "year_quarter": 20181,
            "year": 2018,
            "quarter": 1,
            "eps": 0.5,
            "eps_growth_year": 85.19,
            "eps_4q": 1.99,
            "eps_4q_growth_year": 41.96,
            "roe": 3.7,
            "roe_4q": 15.68,
            "gross_profit": 130778,
            "gross_margin": 7.92,
            "gross_margin_4q_avg": 8.08,
            "net_income": 76152,
            "net_income_4q": null,
            "revenue": 1652025,
            "revenue_4q": null,
            "common_shares": 1534021,
            "book_valuer_per_share": 13.65,
            "book_valuer_per_share_4q_avg": 13.05,
            "equity": 2094048,
            "current_ratio": 92.22,
            "debt_ratio": 51.24,
            "inventory_turnover_ratio": 10.93,
            "account_receivable_turnover_ratio": 2.89,
            "reinvestment_rate": 111.07,
            "research_to_sale_ratio": null,
            "price_fair": 60.64,
            "eps_avg_yearly": 1.73,
            "eps_latest_yearly": 2,
            "eps_growth_yearly": 30.05
        },
        "20182": {
            "year_quarter": 20182,
            "year": 2018,
            "quarter": 2,
            "eps": 0.61,
            "eps_growth_year": 48.78,
            "eps_4q": 2.03,
            "eps_4q_growth_year": 50.17,
            "roe": 4.48,
            "roe_4q": 16.8,
            "gross_profit": 152597,
            "gross_margin": 8.69,
            "gross_margin_4q_avg": 8.28,
            "net_income": 93277,
            "net_income_4q": null,
            "revenue": 1755651,
            "revenue_4q": null,
            "common_shares": 1534021,
            "book_valuer_per_share": 13.48,
            "book_valuer_per_share_4q_avg": 13.22,
            "equity": 2067671,
            "current_ratio": 73.84,
            "debt_ratio": 53.02,
            "inventory_turnover_ratio": 11.18,
            "account_receivable_turnover_ratio": 3.2,
            "reinvestment_rate": 107.47,
            "research_to_sale_ratio": null,
            "price_fair": 57.09,
            "eps_avg_yearly": 1.73,
            "eps_latest_yearly": 2.44,
            "eps_growth_yearly": 23.05
        },
        "20183": {
            "year_quarter": 20183,
            "year": 2018,
            "quarter": 3,
            "eps": 0.44,
            "eps_growth_year": -16.98,
            "eps_4q": 1.98,
            "eps_4q_growth_year": 26.62,
            "roe": 3.47,
            "roe_4q": 15.970000000000002,
            "gross_profit": 127070,
            "gross_margin": 6.72,
            "gross_margin_4q_avg": 7.84,
            "net_income": 72918,
            "net_income_4q": null,
            "revenue": 1891615,
            "revenue_4q": null,
            "common_shares": 1653675,
            "book_valuer_per_share": 12.94,
            "book_valuer_per_share_4q_avg": 13.31,
            "equity": 2140589,
            "current_ratio": 78.78,
            "debt_ratio": 53.18,
            "inventory_turnover_ratio": 11.41,
            "account_receivable_turnover_ratio": 3.18,
            "reinvestment_rate": 107.7,
            "research_to_sale_ratio": null,
            "price_fair": 51.24,
            "eps_avg_yearly": 1.71,
            "eps_latest_yearly": 1.76,
            "eps_growth_yearly": 20.05
        },
        "20184": {
            "year_quarter": 20184,
            "year": 2018,
            "quarter": 4,
            "eps": 0.52,
            "eps_growth_year": -6.12,
            "eps_4q": 1.99,
            "eps_4q_growth_year": 13.57,
            "roe": 3.95,
            "roe_4q": 15.600000000000001,
            "gross_profit": 145350,
            "gross_margin": 7.46,
            "gross_margin_4q_avg": 7.7,
            "net_income": 86309,
            "net_income_4q": null,
            "revenue": 1947174,
            "revenue_4q": null,
            "common_shares": 1653675,
            "book_valuer_per_share": 13.46,
            "book_valuer_per_share_4q_avg": 13.38,
            "equity": 2225487,
            "current_ratio": 80.73,
            "debt_ratio": 53.33,
            "inventory_turnover_ratio": 11.6,
            "account_receivable_turnover_ratio": 3.13,
            "reinvestment_rate": 106.36,
            "research_to_sale_ratio": null,
            "price_fair": 56.24,
            "eps_avg_yearly": 1.7,
            "eps_latest_yearly": 2.08,
            "eps_growth_yearly": 23.18
        },
        "20191": {
            "year_quarter": 20191,
            "year": 2019,
            "quarter": 1,
            "eps": 0.51,
            "eps_growth_year": 2,
            "eps_4q": 2.04,
            "eps_4q_growth_year": 2.43,
            "roe": 3.74,
            "roe_4q": 15.64,
            "gross_profit": 144892,
            "gross_margin": 7.1,
            "gross_margin_4q_avg": 7.49,
            "net_income": 84821,
            "net_income_4q": null,
            "revenue": 2041111,
            "revenue_4q": null,
            "common_shares": 1653675,
            "book_valuer_per_share": 13.97,
            "book_valuer_per_share_4q_avg": 13.46,
            "equity": 2310308,
            "current_ratio": 85.03,
            "debt_ratio": 54.83,
            "inventory_turnover_ratio": 11.61,
            "account_receivable_turnover_ratio": 3.14,
            "reinvestment_rate": 99.17,
            "research_to_sale_ratio": null,
            "price_fair": 60.55,
            "eps_avg_yearly": 1.73,
            "eps_latest_yearly": 2.04,
            "eps_growth_yearly": 31.18
        },
        "20192": {
            "year_quarter": 20192,
            "year": 2019,
            "quarter": 2,
            "eps": 0.67,
            "eps_growth_year": 9.84,
            "eps_4q": 1.97,
            "eps_4q_growth_year": -3.08,
            "roe": 4.85,
            "roe_4q": 16.009999999999998,
            "gross_profit": 176971,
            "gross_margin": 8.02,
            "gross_margin_4q_avg": 7.33,
            "net_income": 111059,
            "net_income_4q": null,
            "revenue": 2206256,
            "revenue_4q": null,
            "common_shares": 1653675,
            "book_valuer_per_share": 13.74,
            "book_valuer_per_share_4q_avg": 13.53,
            "equity": 2272536,
            "current_ratio": 81.75,
            "debt_ratio": 57.31,
            "inventory_turnover_ratio": 11.48,
            "account_receivable_turnover_ratio": 2.99,
            "reinvestment_rate": 86.51,
            "research_to_sale_ratio": null,
            "price_fair": 62.48,
            "eps_avg_yearly": 1.79,
            "eps_latest_yearly": 2.68,
            "eps_growth_yearly": 33.62
        },
        "20193": {
            "year_quarter": 20193,
            "year": 2019,
            "quarter": 3,
            "eps": 0.5,
            "eps_growth_year": 13.64,
            "eps_4q": 2.06,
            "eps_4q_growth_year": 4.21,
            "roe": 3.88,
            "roe_4q": 16.42,
            "gross_profit": 155020,
            "gross_margin": 7.49,
            "gross_margin_4q_avg": 7.52,
            "net_income": 89962,
            "net_income_4q": null,
            "revenue": 2069760,
            "revenue_4q": null,
            "common_shares": 1802506,
            "book_valuer_per_share": 13.11,
            "book_valuer_per_share_4q_avg": 13.57,
            "equity": 2362498,
            "current_ratio": 84.62,
            "debt_ratio": 55.17,
            "inventory_turnover_ratio": 10.48,
            "account_receivable_turnover_ratio": 2.69,
            "reinvestment_rate": 73.77,
            "research_to_sale_ratio": null,
            "price_fair": 64.58,
            "eps_avg_yearly": 1.85,
            "eps_latest_yearly": 2,
            "eps_growth_yearly": 37.83
        },
        "20194": {
            "year_quarter": 20194,
            "year": 2019,
            "quarter": 4,
            "eps": 0.64,
            "eps_growth_year": 23.25,
            "eps_4q": 2.23,
            "eps_4q_growth_year": 12.16,
            "roe": 4.79,
            "roe_4q": 17.259999999999998,
            "gross_profit": 182427,
            "gross_margin": 9.32,
            "gross_margin_4q_avg": 7.98,
            "net_income": 115951,
            "net_income_4q": null,
            "revenue": 1957317,
            "revenue_4q": null,
            "common_shares": 1802506,
            "book_valuer_per_share": 13.75,
            "book_valuer_per_share_4q_avg": 13.64,
            "equity": 2479183,
            "current_ratio": 94.64,
            "debt_ratio": 54.11,
            "inventory_turnover_ratio": 9.4,
            "account_receivable_turnover_ratio": 2.82,
            "reinvestment_rate": 67.92,
            "research_to_sale_ratio": null,
            "price_fair": 65.38,
            "eps_avg_yearly": 1.89,
            "eps_latest_yearly": 2.56,
            "eps_growth_yearly": 24.64
        },
        "20201": {
            "year_quarter": 20201,
            "year": 2020,
            "quarter": 1,
            "eps": 0.51,
            "eps_growth_year": 0,
            "eps_4q": 2.27,
            "eps_4q_growth_year": 11.26,
            "roe": 3.65,
            "roe_4q": 17.17,
            "gross_profit": 150818,
            "gross_margin": 8,
            "gross_margin_4q_avg": 8.21,
            "net_income": 92109,
            "net_income_4q": null,
            "revenue": 1884231,
            "revenue_4q": null,
            "common_shares": 1802506,
            "book_valuer_per_share": 14.27,
            "book_valuer_per_share_4q_avg": 13.72,
            "equity": 2571292,
            "current_ratio": 92.88,
            "debt_ratio": 53.46,
            "inventory_turnover_ratio": 8.42,
            "account_receivable_turnover_ratio": 2.88,
            "reinvestment_rate": 66.45,
            "research_to_sale_ratio": null,
            "price_fair": 68.25,
            "eps_avg_yearly": 1.95,
            "eps_latest_yearly": 2.04,
            "eps_growth_yearly": 30.73
        },
        "20202": {
            "year_quarter": 20202,
            "year": 2020,
            "quarter": 2,
            "eps": 0.66,
            "eps_growth_year": -1.49,
            "eps_4q": 2.08,
            "eps_4q_growth_year": 5.61,
            "roe": 4.64,
            "roe_4q": 16.959999999999997,
            "gross_profit": 154910,
            "gross_margin": 10.3,
            "gross_margin_4q_avg": 8.78,
            "net_income": 118243,
            "net_income_4q": null,
            "revenue": 1503922,
            "revenue_4q": null,
            "common_shares": 1802506,
            "book_valuer_per_share": 14.02,
            "book_valuer_per_share_4q_avg": 13.79,
            "equity": 2527310,
            "current_ratio": 83.33,
            "debt_ratio": 53.39,
            "inventory_turnover_ratio": 6.22,
            "account_receivable_turnover_ratio": 2.66,
            "reinvestment_rate": 65.48,
            "research_to_sale_ratio": null,
            "price_fair": 69.77,
            "eps_avg_yearly": 2.02,
            "eps_latest_yearly": 2.64,
            "eps_growth_yearly": 24.62
        },
        "20203": {
            "year_quarter": 20203,
            "year": 2020,
            "quarter": 3,
            "eps": 0.45,
            "eps_growth_year": -10,
            "eps_4q": 2.08,
            "eps_4q_growth_year": 0.6,
            "roe": 3.47,
            "roe_4q": 16.55,
            "gross_profit": 138479,
            "gross_margin": 9.77,
            "gross_margin_4q_avg": 9.35,
            "net_income": 89252,
            "net_income_4q": null,
            "revenue": 1417123,
            "revenue_4q": null,
            "common_shares": 2000782,
            "book_valuer_per_share": 13.08,
            "book_valuer_per_share_4q_avg": 13.78,
            "equity": 2616562,
            "current_ratio": 85.12,
            "debt_ratio": 54.14,
            "inventory_turnover_ratio": 3.98,
            "account_receivable_turnover_ratio": 2.95,
            "reinvestment_rate": 70.73,
            "research_to_sale_ratio": null,
            "price_fair": 62.13,
            "eps_avg_yearly": 2.04,
            "eps_latest_yearly": 1.8,
            "eps_growth_yearly": 20.42
        },
        "20204": {
            "year_quarter": 20204,
            "year": 2020,
            "quarter": 4,
            "eps": 0.43,
            "eps_growth_year": -33.3,
            "eps_4q": 1.93,
            "eps_4q_growth_year": -13.57,
            "roe": 3.21,
            "roe_4q": 14.97,
            "gross_profit": 166096,
            "gross_margin": 10.86,
            "gross_margin_4q_avg": 9.73,
            "net_income": 85853,
            "net_income_4q": null,
            "revenue": 1529410,
            "revenue_4q": null,
            "common_shares": 2000782,
            "book_valuer_per_share": 13.66,
            "book_valuer_per_share_4q_avg": 13.76,
            "equity": 2733734,
            "current_ratio": 91.53,
            "debt_ratio": 56.39,
            "inventory_turnover_ratio": 2.53,
            "account_receivable_turnover_ratio": 3.15,
            "reinvestment_rate": 66.29,
            "research_to_sale_ratio": null,
            "price_fair": 52.61,
            "eps_avg_yearly": 2.05,
            "eps_latest_yearly": 1.72,
            "eps_growth_yearly": 15.63
        },
        "20211": {
            "year_quarter": 20211,
            "year": 2021,
            "quarter": 1,
            "eps": 0.51,
            "eps_growth_year": 0,
            "eps_4q": 1.98,
            "eps_4q_growth_year": -12.74,
            "roe": 3.7,
            "roe_4q": 15.02,
            "gross_profit": 171717,
            "gross_margin": 11.4,
            "gross_margin_4q_avg": 10.58,
            "net_income": 102890,
            "net_income_4q": null,
            "revenue": 1505744,
            "revenue_4q": null,
            "common_shares": 2000782,
            "book_valuer_per_share": 14.15,
            "book_valuer_per_share_4q_avg": 13.73,
            "equity": 2830563,
            "current_ratio": 93.2,
            "debt_ratio": 56.77,
            "inventory_turnover_ratio": 1.93,
            "account_receivable_turnover_ratio": 2.87,
            "reinvestment_rate": 72.91,
            "research_to_sale_ratio": null,
            "price_fair": 73.94,
            "eps_avg_yearly": 2.11,
            "eps_latest_yearly": 2.04,
            "eps_growth_yearly": 27.97
        },
        "20212": {
            "year_quarter": 20212,
            "year": 2021,
            "quarter": 2,
            "eps": 0.63,
            "eps_growth_year": -4.55,
            "eps_4q": 2.02,
            "eps_4q_growth_year": -2.77,
            "roe": 4.44,
            "roe_4q": 14.820000000000002,
            "gross_profit": 199451,
            "gross_margin": 12,
            "gross_margin_4q_avg": 11.01,
            "net_income": 126724,
            "net_income_4q": null,
            "revenue": 1662718,
            "revenue_4q": null,
            "common_shares": 2000782,
            "book_valuer_per_share": 14.4,
            "book_valuer_per_share_4q_avg": 13.82,
            "equity": 2881638,
            "current_ratio": 91.83,
            "debt_ratio": 56.54,
            "inventory_turnover_ratio": 1.99,
            "account_receivable_turnover_ratio": 3.01,
            "reinvestment_rate": 71.72,
            "research_to_sale_ratio": null,
            "price_fair": 66.96,
            "eps_avg_yearly": 2.17,
            "eps_latest_yearly": 2.52,
            "eps_growth_yearly": 20.89
        },
        "20213": {
            "year_quarter": 20213,
            "year": 2021,
            "quarter": 3,
            "eps": 0.56,
            "eps_growth_year": 24.44,
            "eps_4q": 1.97,
            "eps_4q_growth_year": -5.31,
            "roe": 4.26,
            "roe_4q": 15.61,
            "gross_profit": 190673,
            "gross_margin": 11.63,
            "gross_margin_4q_avg": 11.47,
            "net_income": 125243,
            "net_income_4q": null,
            "revenue": 1639871,
            "revenue_4q": null,
            "common_shares": 2240875,
            "book_valuer_per_share": 13.39,
            "book_valuer_per_share_4q_avg": 13.9,
            "equity": 3001499,
            "current_ratio": 93.12,
            "debt_ratio": 55.75,
            "inventory_turnover_ratio": 1.95,
            "account_receivable_turnover_ratio": 3.06,
            "reinvestment_rate": 50.64,
            "research_to_sale_ratio": null,
            "price_fair": 45.24,
            "eps_avg_yearly": 2.18,
            "eps_latest_yearly": 2.24,
            "eps_growth_yearly": 10.8
        },
        "20214": {
            "year_quarter": 20214,
            "year": 2021,
            "quarter": 4,
            "eps": 0.57,
            "eps_growth_year": 33.94,
            "eps_4q": 2.16,
            "eps_4q_growth_year": 12.03,
            "roe": 4.2,
            "roe_4q": 16.6,
            "gross_profit": 203674,
            "gross_margin": 12.08,
            "gross_margin_4q_avg": 11.78,
            "net_income": 128791,
            "net_income_4q": null,
            "revenue": 1685522,
            "revenue_4q": null,
            "common_shares": 2240875,
            "book_valuer_per_share": 13.98,
            "book_valuer_per_share_4q_avg": 13.98,
            "equity": 3132700,
            "current_ratio": 101.71,
            "debt_ratio": 55.81,
            "inventory_turnover_ratio": 1.96,
            "account_receivable_turnover_ratio": 3.11,
            "reinvestment_rate": 59.89,
            "research_to_sale_ratio": null,
            "price_fair": 43.18,
            "eps_avg_yearly": 2.18,
            "eps_latest_yearly": 2.28,
            "eps_growth_yearly": 9.83
        },
        "20221": {
            "year_quarter": 20221,
            "year": 2022,
            "quarter": 1,
            "eps": 0.45,
            "eps_growth_year": -11.76,
            "eps_4q": 2.15,
            "eps_4q_growth_year": 8.76,
            "roe": 3.23,
            "roe_4q": 16.13,
            "gross_profit": 169975,
            "gross_margin": 9.88,
            "gross_margin_4q_avg": 11.4,
            "net_income": 101917,
            "net_income_4q": null,
            "revenue": 1721259,
            "revenue_4q": null,
            "common_shares": 2240875,
            "book_valuer_per_share": 14.17,
            "book_valuer_per_share_4q_avg": 13.99,
            "equity": 3174534,
            "current_ratio": 97.82,
            "debt_ratio": 56.67,
            "inventory_turnover_ratio": 1.91,
            "account_receivable_turnover_ratio": 2.85,
            "reinvestment_rate": 63.06,
            "research_to_sale_ratio": null,
            "price_fair": 37.34,
            "eps_avg_yearly": 2.17,
            "eps_latest_yearly": 1.8,
            "eps_growth_yearly": 7.25
        },
        "20222": {
            "year_quarter": 20222,
            "year": 2022,
            "quarter": 2,
            "eps": 0.63,
            "eps_growth_year": 0,
            "eps_4q": 1.93,
            "eps_4q_growth_year": -4.66,
            "roe": 4.35,
            "roe_4q": 16.04,
            "gross_profit": 220438,
            "gross_margin": 11.52,
            "gross_margin_4q_avg": 11.28,
            "net_income": 141046,
            "net_income_4q": null,
            "revenue": 1913741,
            "revenue_4q": null,
            "common_shares": 2240875,
            "book_valuer_per_share": 14.77,
            "book_valuer_per_share_4q_avg": 14.08,
            "equity": 3309844,
            "current_ratio": 96.03,
            "debt_ratio": 54.49,
            "inventory_turnover_ratio": 1.86,
            "account_receivable_turnover_ratio": 3.03,
            "reinvestment_rate": 69.52,
            "research_to_sale_ratio": null,
            "price_fair": 47.19,
            "eps_avg_yearly": 2.17,
            "eps_latest_yearly": 2.52,
            "eps_growth_yearly": 11.75
        },
        "20223": {
            "year_quarter": 20223,
            "year": 2022,
            "quarter": 3,
            "eps": 0.51,
            "eps_growth_year": -8.93,
            "eps_4q": 1.96,
            "eps_4q_growth_year": -0.55,
            "roe": 3.92,
            "roe_4q": 15.7,
            "gross_profit": 208074,
            "gross_margin": 11.9,
            "gross_margin_4q_avg": 11.35,
            "net_income": 132299,
            "net_income_4q": null,
            "revenue": 1748780,
            "revenue_4q": null,
            "common_shares": 2577006,
            "book_valuer_per_share": 13.33,
            "book_valuer_per_share_4q_avg": 14.06,
            "equity": 3435634,
            "current_ratio": 94.3,
            "debt_ratio": 54.63,
            "inventory_turnover_ratio": 1.57,
            "account_receivable_turnover_ratio": 2.89,
            "reinvestment_rate": 70.52,
            "research_to_sale_ratio": null,
            "price_fair": 52.39,
            "eps_avg_yearly": 2.19,
            "eps_latest_yearly": 2.04,
            "eps_growth_yearly": 13.95
        },
        "20224": {
            "year_quarter": 20224,
            "year": 2022,
            "quarter": 4,
            "eps": 0.6,
            "eps_growth_year": 4.65,
            "eps_4q": 2.06,
            "eps_4q_growth_year": -4.66,
            "roe": 4.41,
            "roe_4q": 15.91,
            "gross_profit": 232146,
            "gross_margin": 12.64,
            "gross_margin_4q_avg": 11.49,
            "net_income": 154996,
            "net_income_4q": null,
            "revenue": 1836374,
            "revenue_4q": null,
            "common_shares": 2577006,
            "book_valuer_per_share": 13.94,
            "book_valuer_per_share_4q_avg": 14.05,
            "equity": 3591567,
            "current_ratio": 95.69,
            "debt_ratio": 55.44,
            "inventory_turnover_ratio": 1.4,
            "account_receivable_turnover_ratio": 3.03,
            "reinvestment_rate": 74.78,
            "research_to_sale_ratio": null,
            "price_fair": 52.58,
            "eps_avg_yearly": 2.21,
            "eps_latest_yearly": 2.4,
            "eps_growth_yearly": 13.82
        },
        "20231": {
            "year_quarter": 20231,
            "year": 2023,
            "quarter": 1,
            "eps": 0.37,
            "eps_growth_year": -17.78,
            "eps_4q": 2.03,
            "eps_4q_growth_year": -5.81,
            "roe": 2.67,
            "roe_4q": 15.35,
            "gross_profit": 181786,
            "gross_margin": 10.54,
            "gross_margin_4q_avg": 11.65,
            "net_income": 94503,
            "net_income_4q": null,
            "revenue": 1724278,
            "revenue_4q": null,
            "common_shares": 2577006,
            "book_valuer_per_share": 13.51,
            "book_valuer_per_share_4q_avg": 13.89,
            "equity": 3482492,
            "current_ratio": 88.59,
            "debt_ratio": 58.6,
            "inventory_turnover_ratio": 1.18,
            "account_receivable_turnover_ratio": 2.62,
            "reinvestment_rate": 76.86,
            "research_to_sale_ratio": null,
            "price_fair": 31.97,
            "eps_avg_yearly": 2.17,
            "eps_latest_yearly": 1.48,
            "eps_growth_yearly": 4.71
        },
        "20232": {
            "year_quarter": 20232,
            "year": 2023,
            "quarter": 2,
            "eps": 0.57,
            "eps_growth_year": -9.52,
            "eps_4q": 1.86,
            "eps_4q_growth_year": -3.4,
            "roe": 4.11,
            "roe_4q": 15.110000000000001,
            "gross_profit": 227402,
            "gross_margin": 12.58,
            "gross_margin_4q_avg": 11.92,
            "net_income": 146336,
            "net_income_4q": null,
            "revenue": 1807736,
            "revenue_4q": null,
            "common_shares": 2577006,
            "book_valuer_per_share": 14.09,
            "book_valuer_per_share_4q_avg": 13.72,
            "equity": 3632180,
            "current_ratio": 90.75,
            "debt_ratio": 55.46,
            "inventory_turnover_ratio": 1.17,
            "account_receivable_turnover_ratio": 2.86,
            "reinvestment_rate": 75.49,
            "research_to_sale_ratio": null,
            "price_fair": 43.78,
            "eps_avg_yearly": 2.15,
            "eps_latest_yearly": 2.28,
            "eps_growth_yearly": 10.38
        },
        "20233": {
            "year_quarter": 20233,
            "year": 2023,
            "quarter": 3,
            "eps": 0.38,
            "eps_growth_year": -25.49,
            "eps_4q": 1.78,
            "eps_4q_growth_year": -9.16,
            "roe": 2.93,
            "roe_4q": 14.120000000000001,
            "gross_profit": 190070,
            "gross_margin": 11.19,
            "gross_margin_4q_avg": 11.74,
            "net_income": 107861,
            "net_income_4q": null,
            "revenue": 1698177,
            "revenue_4q": null,
            "common_shares": 2834706,
            "book_valuer_per_share": 13.18,
            "book_valuer_per_share_4q_avg": 13.68,
            "equity": 3735039,
            "current_ratio": 92.99,
            "debt_ratio": 55.26,
            "inventory_turnover_ratio": 1.09,
            "account_receivable_turnover_ratio": 2.94,
            "reinvestment_rate": 74.93,
            "research_to_sale_ratio": null,
            "price_fair": 38.95,
            "eps_avg_yearly": 2.12,
            "eps_latest_yearly": 1.52,
            "eps_growth_yearly": 8.39
        }
    },
    "months": {
        "2001-06": {
            "month": "2001-06",
            "price": "3.87",
            "revenue": 33591
        },
        "2001-07": {
            "month": "2001-07",
            "price": "3.86",
            "revenue": 28065
        },
        "2001-08": {
            "month": "2001-08",
            "price": "3.89",
            "revenue": 30289
        },
        "2001-09": {
            "month": "2001-09",
            "price": "3.51",
            "revenue": 33346
        },
        "2001-10": {
            "month": "2001-10",
            "price": "3.19",
            "revenue": 29263
        },
        "2001-11": {
            "month": "2001-11",
            "price": "3.24",
            "revenue": 32031
        },
        "2001-12": {
            "month": "2001-12",
            "price": "3.48",
            "revenue": 37561
        },
        "2002-01": {
            "month": "2002-01",
            "price": "4.11",
            "revenue": 35050
        },
        "2002-02": {
            "month": "2002-02",
            "price": "4.22",
            "revenue": 32529
        },
        "2002-03": {
            "month": "2002-03",
            "price": "4.34",
            "revenue": 38139
        },
        "2002-04": {
            "month": "2002-04",
            "price": "5.30",
            "revenue": 33768
        },
        "2002-05": {
            "month": "2002-05",
            "price": "5.04",
            "revenue": 36246
        },
        "2002-06": {
            "month": "2002-06",
            "price": "4.88",
            "revenue": 32885
        },
        "2002-07": {
            "month": "2002-07",
            "price": "4.71",
            "revenue": 31292
        },
        "2002-08": {
            "month": "2002-08",
            "price": "4.33",
            "revenue": 33869
        },
        "2002-09": {
            "month": "2002-09",
            "price": "4.35",
            "revenue": 35367
        },
        "2002-10": {
            "month": "2002-10",
            "price": "4.14",
            "revenue": 36982
        },
        "2002-11": {
            "month": "2002-11",
            "price": "4.02",
            "revenue": 39642
        },
        "2002-12": {
            "month": "2002-12",
            "price": "4.20",
            "revenue": 52206
        },
        "2003-01": {
            "month": "2003-01",
            "price": "4.54",
            "revenue": 41012
        },
        "2003-02": {
            "month": "2003-02",
            "price": "5.21",
            "revenue": 36455
        },
        "2003-03": {
            "month": "2003-03",
            "price": "9.60",
            "revenue": 41421
        },
        "2003-04": {
            "month": "2003-04",
            "price": "8.72",
            "revenue": 39531
        },
        "2003-05": {
            "month": "2003-05",
            "price": "8.00",
            "revenue": 43324
        },
        "2003-06": {
            "month": "2003-06",
            "price": "8.71",
            "revenue": 43816
        },
        "2003-07": {
            "month": "2003-07",
            "price": "9.01",
            "revenue": 38491
        },
        "2003-08": {
            "month": "2003-08",
            "price": "9.11",
            "revenue": 37968
        },
        "2003-09": {
            "month": "2003-09",
            "price": "9.37",
            "revenue": 35111
        },
        "2003-10": {
            "month": "2003-10",
            "price": "9.92",
            "revenue": 39977
        },
        "2003-11": {
            "month": "2003-11",
            "price": "10.12",
            "revenue": 40168
        },
        "2003-12": {
            "month": "2003-12",
            "price": "9.95",
            "revenue": 46384
        },
        "2004-01": {
            "month": "2004-01",
            "price": "10.06",
            "revenue": 46199
        },
        "2004-02": {
            "month": "2004-02",
            "price": "10.52",
            "revenue": 48811
        },
        "2004-03": {
            "month": "2004-03",
            "price": "11.59",
            "revenue": 43884
        },
        "2004-04": {
            "month": "2004-04",
            "price": "12.68",
            "revenue": 45214
        },
        "2004-05": {
            "month": "2004-05",
            "price": "12.41",
            "revenue": 42206
        },
        "2004-06": {
            "month": "2004-06",
            "price": "13.10",
            "revenue": 41227
        },
        "2004-07": {
            "month": "2004-07",
            "price": "14.09",
            "revenue": 48041
        },
        "2004-08": {
            "month": "2004-08",
            "price": "14.30",
            "revenue": 40437
        },
        "2004-09": {
            "month": "2004-09",
            "price": "14.77",
            "revenue": 44400
        },
        "2004-10": {
            "month": "2004-10",
            "price": "14.88",
            "revenue": 50685
        },
        "2004-11": {
            "month": "2004-11",
            "price": "14.85",
            "revenue": 49733
        },
        "2004-12": {
            "month": "2004-12",
            "price": "14.98",
            "revenue": 68569
        },
        "2005-01": {
            "month": "2005-01",
            "price": "15.02",
            "revenue": 62109
        },
        "2005-02": {
            "month": "2005-02",
            "price": "15.07",
            "revenue": 50204
        },
        "2005-03": {
            "month": "2005-03",
            "price": "16.63",
            "revenue": 68129
        },
        "2005-04": {
            "month": "2005-04",
            "price": "18.20",
            "revenue": 62470
        },
        "2005-05": {
            "month": "2005-05",
            "price": "16.60",
            "revenue": 66386
        },
        "2005-06": {
            "month": "2005-06",
            "price": "16.93",
            "revenue": 62164
        },
        "2005-07": {
            "month": "2005-07",
            "price": "19.34",
            "revenue": 51489
        },
        "2005-08": {
            "month": "2005-08",
            "price": "17.53",
            "revenue": 65606
        },
        "2005-09": {
            "month": "2005-09",
            "price": "15.78",
            "revenue": 57830
        },
        "2005-10": {
            "month": "2005-10",
            "price": "15.22",
            "revenue": 63046
        },
        "2005-11": {
            "month": "2005-11",
            "price": "15.52",
            "revenue": 76497
        },
        "2005-12": {
            "month": "2005-12",
            "price": "15.82",
            "revenue": 98789
        },
        "2006-01": {
            "month": "2006-01",
            "price": "15.07",
            "revenue": 58538
        },
        "2006-02": {
            "month": "2006-02",
            "price": "15.84",
            "revenue": 63163
        },
        "2006-03": {
            "month": "2006-03",
            "price": "14.24",
            "revenue": 78821
        },
        "2006-04": {
            "month": "2006-04",
            "price": "14.02",
            "revenue": 67248
        },
        "2006-05": {
            "month": "2006-05",
            "price": "14.35",
            "revenue": 78746
        },
        "2006-06": {
            "month": "2006-06",
            "price": "15.86",
            "revenue": 76526
        },
        "2006-07": {
            "month": "2006-07",
            "price": "15.68",
            "revenue": 76861
        },
        "2006-08": {
            "month": "2006-08",
            "price": "14.00",
            "revenue": 71272
        },
        "2006-09": {
            "month": "2006-09",
            "price": "14.33",
            "revenue": 70334
        },
        "2006-10": {
            "month": "2006-10",
            "price": "14.92",
            "revenue": 84185
        },
        "2006-11": {
            "month": "2006-11",
            "price": "13.58",
            "revenue": 89150
        },
        "2006-12": {
            "month": "2006-12",
            "price": "14.62",
            "revenue": 106784
        },
        "2007-01": {
            "month": "2007-01",
            "price": "13.97",
            "revenue": 92281
        },
        "2007-02": {
            "month": "2007-02",
            "price": "13.58",
            "revenue": 75138
        },
        "2007-03": {
            "month": "2007-03",
            "price": "13.67",
            "revenue": 89783
        },
        "2007-04": {
            "month": "2007-04",
            "price": "14.12",
            "revenue": 84977
        },
        "2007-05": {
            "month": "2007-05",
            "price": "13.84",
            "revenue": 84122
        },
        "2007-06": {
            "month": "2007-06",
            "price": "13.84",
            "revenue": 81881
        },
        "2007-07": {
            "month": "2007-07",
            "price": "14.79",
            "revenue": 85863
        },
        "2007-08": {
            "month": "2007-08",
            "price": "14.41",
            "revenue": 86264
        },
        "2007-09": {
            "month": "2007-09",
            "price": "17.24",
            "revenue": 87497
        },
        "2007-10": {
            "month": "2007-10",
            "price": "16.58",
            "revenue": 91599
        },
        "2007-11": {
            "month": "2007-11",
            "price": "14.62",
            "revenue": 90332
        },
        "2007-12": {
            "month": "2007-12",
            "price": "14.61",
            "revenue": 122405
        },
        "2008-01": {
            "month": "2008-01",
            "price": "14.37",
            "revenue": 99761
        },
        "2008-02": {
            "month": "2008-02",
            "price": "13.87",
            "revenue": 102914
        },
        "2008-03": {
            "month": "2008-03",
            "price": "14.26",
            "revenue": 106080
        },
        "2008-04": {
            "month": "2008-04",
            "price": "16.02",
            "revenue": 100208
        },
        "2008-05": {
            "month": "2008-05",
            "price": "17.25",
            "revenue": 104095
        },
        "2008-06": {
            "month": "2008-06",
            "price": "17.32",
            "revenue": 126860
        },
        "2008-07": {
            "month": "2008-07",
            "price": "15.62",
            "revenue": 117364
        },
        "2008-08": {
            "month": "2008-08",
            "price": "14.01",
            "revenue": 118312
        },
        "2008-09": {
            "month": "2008-09",
            "price": "12.98",
            "revenue": 124423
        },
        "2008-10": {
            "month": "2008-10",
            "price": "11.41",
            "revenue": 111656
        },
        "2008-11": {
            "month": "2008-11",
            "price": "12.17",
            "revenue": 105326
        },
        "2008-12": {
            "month": "2008-12",
            "price": "11.02",
            "revenue": 101534
        },
        "2009-01": {
            "month": "2009-01",
            "price": "11.88",
            "revenue": 85883
        },
        "2009-02": {
            "month": "2009-02",
            "price": "12.38",
            "revenue": 86815
        },
        "2009-03": {
            "month": "2009-03",
            "price": "12.10",
            "revenue": 97504
        },
        "2009-04": {
            "month": "2009-04",
            "price": "12.93",
            "revenue": 91619
        },
        "2009-05": {
            "month": "2009-05",
            "price": "12.44",
            "revenue": 92888
        },
        "2009-06": {
            "month": "2009-06",
            "price": "12.44",
            "revenue": 95201
        },
        "2009-07": {
            "month": "2009-07",
            "price": "13.24",
            "revenue": 102653
        },
        "2009-08": {
            "month": "2009-08",
            "price": "15.28",
            "revenue": 106303
        },
        "2009-09": {
            "month": "2009-09",
            "price": "14.66",
            "revenue": 124762
        },
        "2009-10": {
            "month": "2009-10",
            "price": "14.41",
            "revenue": 110349
        },
        "2009-11": {
            "month": "2009-11",
            "price": "15.70",
            "revenue": 119802
        },
        "2009-12": {
            "month": "2009-12",
            "price": "15.47",
            "revenue": 148230
        },
        "2010-01": {
            "month": "2010-01",
            "price": "15.31",
            "revenue": 142791
        },
        "2010-02": {
            "month": "2010-02",
            "price": "14.92",
            "revenue": 122372
        },
        "2010-03": {
            "month": "2010-03",
            "price": "15.94",
            "revenue": 146394
        },
        "2010-04": {
            "month": "2010-04",
            "price": "17.73",
            "revenue": 160518
        },
        "2010-05": {
            "month": "2010-05",
            "price": "17.81",
            "revenue": 140347
        },
        "2010-06": {
            "month": "2010-06",
            "price": "17.21",
            "revenue": 143234
        },
        "2010-07": {
            "month": "2010-07",
            "price": "17.31",
            "revenue": 132403
        },
        "2010-08": {
            "month": "2010-08",
            "price": "18.69",
            "revenue": 140149
        },
        "2010-09": {
            "month": "2010-09",
            "price": "17.87",
            "revenue": 166967
        },
        "2010-10": {
            "month": "2010-10",
            "price": "17.95",
            "revenue": 156745
        },
        "2010-11": {
            "month": "2010-11",
            "price": "17.89",
            "revenue": 148109
        },
        "2010-12": {
            "month": "2010-12",
            "price": "18.32",
            "revenue": 261031
        },
        "2011-01": {
            "month": "2011-01",
            "price": "18.96",
            "revenue": 162853
        },
        "2011-02": {
            "month": "2011-02",
            "price": "18.43",
            "revenue": 147744
        },
        "2011-03": {
            "month": "2011-03",
            "price": "19.30",
            "revenue": 185065
        },
        "2011-04": {
            "month": "2011-04",
            "price": "22.04",
            "revenue": 173762
        },
        "2011-05": {
            "month": "2011-05",
            "price": "20.81",
            "revenue": 179337
        },
        "2011-06": {
            "month": "2011-06",
            "price": "21.28",
            "revenue": 167039
        },
        "2011-07": {
            "month": "2011-07",
            "price": "22.52",
            "revenue": 173424
        },
        "2011-08": {
            "month": "2011-08",
            "price": "23.28",
            "revenue": 199508
        },
        "2011-09": {
            "month": "2011-09",
            "price": "21.74",
            "revenue": 196704
        },
        "2011-10": {
            "month": "2011-10",
            "price": "21.88",
            "revenue": 239750
        },
        "2011-11": {
            "month": "2011-11",
            "price": "21.42",
            "revenue": 236016
        },
        "2011-12": {
            "month": "2011-12",
            "price": "21.06",
            "revenue": 283475
        },
        "2012-01": {
            "month": "2012-01",
            "price": "20.80",
            "revenue": 275103
        },
        "2012-02": {
            "month": "2012-02",
            "price": "21.18",
            "revenue": 315970
        },
        "2012-03": {
            "month": "2012-03",
            "price": "22.17",
            "revenue": 355132
        },
        "2012-04": {
            "month": "2012-04",
            "price": "22.34",
            "revenue": 321980
        },
        "2012-05": {
            "month": "2012-05",
            "price": "22.66",
            "revenue": 343600
        },
        "2012-06": {
            "month": "2012-06",
            "price": "23.12",
            "revenue": 352455
        },
        "2012-07": {
            "month": "2012-07",
            "price": "24.28",
            "revenue": 384224
        },
        "2012-08": {
            "month": "2012-08",
            "price": "26.21",
            "revenue": 433004
        },
        "2012-09": {
            "month": "2012-09",
            "price": "24.46",
            "revenue": 369653
        },
        "2012-10": {
            "month": "2012-10",
            "price": "23.64",
            "revenue": 429186
        },
        "2012-11": {
            "month": "2012-11",
            "price": "23.58",
            "revenue": 461814
        },
        "2012-12": {
            "month": "2012-12",
            "price": "25.57",
            "revenue": 452019
        },
        "2013-01": {
            "month": "2013-01",
            "price": "27.57",
            "revenue": 411575
        },
        "2013-02": {
            "month": "2013-02",
            "price": "28.38",
            "revenue": 400719
        },
        "2013-03": {
            "month": "2013-03",
            "price": "30.64",
            "revenue": 620687
        },
        "2013-04": {
            "month": "2013-04",
            "price": "37.06",
            "revenue": 529220
        },
        "2013-05": {
            "month": "2013-05",
            "price": "41.32",
            "revenue": 445806
        },
        "2013-06": {
            "month": "2013-06",
            "price": "38.94",
            "revenue": 459905
        },
        "2013-07": {
            "month": "2013-07",
            "price": "39.80",
            "revenue": 482944
        },
        "2013-08": {
            "month": "2013-08",
            "price": "40.83",
            "revenue": 482051
        },
        "2013-09": {
            "month": "2013-09",
            "price": "40.60",
            "revenue": 464350
        },
        "2013-10": {
            "month": "2013-10",
            "price": "39.88",
            "revenue": 420167
        },
        "2013-11": {
            "month": "2013-11",
            "price": "40.35",
            "revenue": 432539
        },
        "2013-12": {
            "month": "2013-12",
            "price": "40.86",
            "revenue": 498060
        },
        "2014-01": {
            "month": "2014-01",
            "price": "42.11",
            "revenue": 512011
        },
        "2014-02": {
            "month": "2014-02",
            "price": "43.12",
            "revenue": 489783
        },
        "2014-03": {
            "month": "2014-03",
            "price": "42.15",
            "revenue": 544416
        },
        "2014-04": {
            "month": "2014-04",
            "price": "41.62",
            "revenue": 490546
        },
        "2014-05": {
            "month": "2014-05",
            "price": "41.32",
            "revenue": 494366
        },
        "2014-06": {
            "month": "2014-06",
            "price": "40.85",
            "revenue": 527140
        },
        "2014-07": {
            "month": "2014-07",
            "price": "40.12",
            "revenue": 500226
        },
        "2014-08": {
            "month": "2014-08",
            "price": "38.62",
            "revenue": 495675
        },
        "2014-09": {
            "month": "2014-09",
            "price": "38.72",
            "revenue": 460327
        },
        "2014-10": {
            "month": "2014-10",
            "price": "38.70",
            "revenue": 456892
        },
        "2014-11": {
            "month": "2014-11",
            "price": "38.61",
            "revenue": 465285
        },
        "2014-12": {
            "month": "2014-12",
            "price": "38.56",
            "revenue": 571297
        },
        "2015-01": {
            "month": "2015-01",
            "price": "38.58",
            "revenue": 466281
        },
        "2015-02": {
            "month": "2015-02",
            "price": "38.89",
            "revenue": 404025
        },
        "2015-03": {
            "month": "2015-03",
            "price": "38.92",
            "revenue": 500760
        },
        "2015-04": {
            "month": "2015-04",
            "price": "39.19",
            "revenue": 468875
        },
        "2015-05": {
            "month": "2015-05",
            "price": "39.62",
            "revenue": 436698
        },
        "2015-06": {
            "month": "2015-06",
            "price": "39.11",
            "revenue": 445627
        },
        "2015-07": {
            "month": "2015-07",
            "price": "38.48",
            "revenue": 421552
        },
        "2015-08": {
            "month": "2015-08",
            "price": "36.49",
            "revenue": 408944
        },
        "2015-09": {
            "month": "2015-09",
            "price": "36.13",
            "revenue": 427390
        },
        "2015-10": {
            "month": "2015-10",
            "price": "36.44",
            "revenue": 436917
        },
        "2015-11": {
            "month": "2015-11",
            "price": "36.26",
            "revenue": 457514
        },
        "2015-12": {
            "month": "2015-12",
            "price": "34.51",
            "revenue": 491750
        },
        "2016-01": {
            "month": "2016-01",
            "price": "31.92",
            "revenue": 453212
        },
        "2016-02": {
            "month": "2016-02",
            "price": "31.92",
            "revenue": 401690
        },
        "2016-03": {
            "month": "2016-03",
            "price": "32.82",
            "revenue": 433371
        },
        "2016-04": {
            "month": "2016-04",
            "price": "33.18",
            "revenue": 368822
        },
        "2016-05": {
            "month": "2016-05",
            "price": "33.33",
            "revenue": 418406
        },
        "2016-06": {
            "month": "2016-06",
            "price": "32.79",
            "revenue": 387596
        },
        "2016-07": {
            "month": "2016-07",
            "price": "32.59",
            "revenue": 387709
        },
        "2016-08": {
            "month": "2016-08",
            "price": "32.01",
            "revenue": 401766
        },
        "2016-09": {
            "month": "2016-09",
            "price": "29.90",
            "revenue": 381838
        },
        "2016-10": {
            "month": "2016-10",
            "price": "28.90",
            "revenue": 413017
        },
        "2016-11": {
            "month": "2016-11",
            "price": "29.07",
            "revenue": 436097
        },
        "2016-12": {
            "month": "2016-12",
            "price": "28.60",
            "revenue": 448893
        },
        "2017-01": {
            "month": "2017-01",
            "price": "28.49",
            "revenue": 389633
        },
        "2017-02": {
            "month": "2017-02",
            "price": "28.84",
            "revenue": 407631
        },
        "2017-03": {
            "month": "2017-03",
            "price": "29.12",
            "revenue": 479882
        },
        "2017-04": {
            "month": "2017-04",
            "price": "29.29",
            "revenue": 473734
        },
        "2017-05": {
            "month": "2017-05",
            "price": "29.09",
            "revenue": 468368
        },
        "2017-06": {
            "month": "2017-06",
            "price": "29.14",
            "revenue": 454898
        },
        "2017-07": {
            "month": "2017-07",
            "price": "29.29",
            "revenue": 486038
        },
        "2017-08": {
            "month": "2017-08",
            "price": "28.83",
            "revenue": 509812
        },
        "2017-09": {
            "month": "2017-09",
            "price": "27.37",
            "revenue": 526811
        },
        "2017-10": {
            "month": "2017-10",
            "price": "27.59",
            "revenue": 506998
        },
        "2017-11": {
            "month": "2017-11",
            "price": "28.16",
            "revenue": 576565
        },
        "2017-12": {
            "month": "2017-12",
            "price": "30.07",
            "revenue": 722903
        },
        "2018-01": {
            "month": "2018-01",
            "price": "31.95",
            "revenue": 583326
        },
        "2018-02": {
            "month": "2018-02",
            "price": "32.33",
            "revenue": 489611
        },
        "2018-03": {
            "month": "2018-03",
            "price": "33.89",
            "revenue": 579088
        },
        "2018-04": {
            "month": "2018-04",
            "price": "35.96",
            "revenue": 555493
        },
        "2018-05": {
            "month": "2018-05",
            "price": "38.28",
            "revenue": 620608
        },
        "2018-06": {
            "month": "2018-06",
            "price": "38.27",
            "revenue": 579550
        },
        "2018-07": {
            "month": "2018-07",
            "price": "37.30",
            "revenue": 603373
        },
        "2018-08": {
            "month": "2018-08",
            "price": "37.67",
            "revenue": 656160
        },
        "2018-09": {
            "month": "2018-09",
            "price": "36.79",
            "revenue": 632082
        },
        "2018-10": {
            "month": "2018-10",
            "price": "37.22",
            "revenue": 633744
        },
        "2018-11": {
            "month": "2018-11",
            "price": "38.58",
            "revenue": 644615
        },
        "2018-12": {
            "month": "2018-12",
            "price": "37.42",
            "revenue": 668815
        },
        "2019-01": {
            "month": "2019-01",
            "price": "36.54",
            "revenue": 720900
        },
        "2019-02": {
            "month": "2019-02",
            "price": "36.42",
            "revenue": 613118
        },
        "2019-03": {
            "month": "2019-03",
            "price": "38.42",
            "revenue": 707092
        },
        "2019-04": {
            "month": "2019-04",
            "price": "41.25",
            "revenue": 750160
        },
        "2019-05": {
            "month": "2019-05",
            "price": "43.45",
            "revenue": 754848
        },
        "2019-06": {
            "month": "2019-06",
            "price": "44.75",
            "revenue": 701248
        },
        "2019-07": {
            "month": "2019-07",
            "price": "44.13",
            "revenue": 721900
        },
        "2019-08": {
            "month": "2019-08",
            "price": "44.35",
            "revenue": 712876
        },
        "2019-09": {
            "month": "2019-09",
            "price": "43.93",
            "revenue": 634985
        },
        "2019-10": {
            "month": "2019-10",
            "price": "44.90",
            "revenue": 632087
        },
        "2019-11": {
            "month": "2019-11",
            "price": "47.66",
            "revenue": 641354
        },
        "2019-12": {
            "month": "2019-12",
            "price": "46.89",
            "revenue": 683876
        },
        "2020-01": {
            "month": "2020-01",
            "price": "46.29",
            "revenue": 585385
        },
        "2020-02": {
            "month": "2020-02",
            "price": "46.67",
            "revenue": 633800
        },
        "2020-03": {
            "month": "2020-03",
            "price": "43.78",
            "revenue": 665045
        },
        "2020-04": {
            "month": "2020-04",
            "price": "45.42",
            "revenue": 544078
        },
        "2020-05": {
            "month": "2020-05",
            "price": "46.43",
            "revenue": 483499
        },
        "2020-06": {
            "month": "2020-06",
            "price": "46.63",
            "revenue": 476346
        },
        "2020-07": {
            "month": "2020-07",
            "price": "46.98",
            "revenue": 449227
        },
        "2020-08": {
            "month": "2020-08",
            "price": "49.94",
            "revenue": 457499
        },
        "2020-09": {
            "month": "2020-09",
            "price": "51.50",
            "revenue": 510396
        },
        "2020-10": {
            "month": "2020-10",
            "price": "51.87",
            "revenue": 492170
        },
        "2020-11": {
            "month": "2020-11",
            "price": "51.64",
            "revenue": 493919
        },
        "2020-12": {
            "month": "2020-12",
            "price": "52.35",
            "revenue": 543321
        },
        "2021-01": {
            "month": "2021-01",
            "price": "50.76",
            "revenue": 498466
        },
        "2021-02": {
            "month": "2021-02",
            "price": "50.81",
            "revenue": 441095
        },
        "2021-03": {
            "month": "2021-03",
            "price": "52.55",
            "revenue": 566183
        },
        "2021-04": {
            "month": "2021-04",
            "price": "55.12",
            "revenue": 530753
        },
        "2021-05": {
            "month": "2021-05",
            "price": "52.91",
            "revenue": 551199
        },
        "2021-06": {
            "month": "2021-06",
            "price": "52.86",
            "revenue": 580765
        },
        "2021-07": {
            "month": "2021-07",
            "price": "53.61",
            "revenue": 557368
        },
        "2021-08": {
            "month": "2021-08",
            "price": "57.18",
            "revenue": 546109
        },
        "2021-09": {
            "month": "2021-09",
            "price": "55.82",
            "revenue": 536395
        },
        "2021-10": {
            "month": "2021-10",
            "price": "56.68",
            "revenue": 518401
        },
        "2021-11": {
            "month": "2021-11",
            "price": "56.80",
            "revenue": 584969
        },
        "2021-12": {
            "month": "2021-12",
            "price": "56.84",
            "revenue": 582152
        },
        "2022-01": {
            "month": "2022-01",
            "price": "58.34",
            "revenue": 526296
        },
        "2022-02": {
            "month": "2022-02",
            "price": "63.95",
            "revenue": 526781
        },
        "2022-03": {
            "month": "2022-03",
            "price": "72.35",
            "revenue": 668182
        },
        "2022-04": {
            "month": "2022-04",
            "price": "81.85",
            "revenue": 630477
        },
        "2022-05": {
            "month": "2022-05",
            "price": "77.54",
            "revenue": 650129
        },
        "2022-06": {
            "month": "2022-06",
            "price": "81.43",
            "revenue": 633135
        },
        "2022-07": {
            "month": "2022-07",
            "price": "79.94",
            "revenue": 582379
        },
        "2022-08": {
            "month": "2022-08",
            "price": "80.58",
            "revenue": 578072
        },
        "2022-09": {
            "month": "2022-09",
            "price": "75.47",
            "revenue": 588329
        },
        "2022-10": {
            "month": "2022-10",
            "price": "65.54",
            "revenue": 586853
        },
        "2022-11": {
            "month": "2022-11",
            "price": "63.48",
            "revenue": 573779
        },
        "2022-12": {
            "month": "2022-12",
            "price": "66.79",
            "revenue": 675742
        },
        "2023-01": {
            "month": "2023-01",
            "price": "68.07",
            "revenue": 477335
        },
        "2023-02": {
            "month": "2023-02",
            "price": "70.63",
            "revenue": 553694
        },
        "2023-03": {
            "month": "2023-03",
            "price": "72.53",
            "revenue": 693248
        },
        "2023-04": {
            "month": "2023-04",
            "price": "70.96",
            "revenue": 638850
        },
        "2023-05": {
            "month": "2023-05",
            "price": "70.69",
            "revenue": 584711
        },
        "2023-06": {
            "month": "2023-06",
            "price": "70.08",
            "revenue": 584176
        },
        "2023-07": {
            "month": "2023-07",
            "price": "69.36",
            "revenue": 518380
        },
        "2023-08": {
            "month": "2023-08",
            "price": "69.85",
            "revenue": 593191
        },
        "2023-09": {
            "month": "2023-09",
            "price": "68.42",
            "revenue": 586606
        },
        "2023-10": {
            "month": "2023-10",
            "price": "63.04",
            "revenue": 520828
        },
        "2023-11": {
            "month": "2023-11",
            "price": "61.10",
            "revenue": 574458
        }
    }
}
