{
    "summary": {
        "stock_name": "全銓",
        "stock_id": "8913",
        "category": "其他",
        "main_business": "不動產及各項設備之租賃、轉租賃及再租賃<br>附條件買賣(分期付款銷售)暨應收帳款受讓<br>財務規劃及管理",
        "website_url": "",
        "ceo": "王慧中",
        "pe_ratio": -166,
        "report_year_from": 2001,
        "report_year_to": 2019,
        "age": 22,
        "eps_negative_percentage": 26,
        "eps_growth_avg": {
            "last_all": 2.34,
            "last_2y": -33.24,
            "last_4y": 3.74,
            "last_8y": -8.52,
            "last_12y": 8.81,
            "last_16y": 2.34,
            "last_20y": null,
            "at_2006_last_3y": -81.73,
            "at_2007_last_3y": -10.31,
            "at_2008_last_3y": 26.46,
            "at_2009_last_3y": 2.37,
            "at_2010_last_3y": 47.8,
            "at_2011_last_3y": 8.95,
            "at_2012_last_3y": -6.24,
            "at_2013_last_3y": -1.79,
            "at_2014_last_3y": -23.85,
            "at_2015_last_3y": 4.32,
            "at_2016_last_3y": 19.52,
            "at_2017_last_3y": 57.55,
            "at_2018_last_3y": 29.68,
            "at_2019_last_3y": 0.07,
            "at_2020_last_3y": 0.07,
            "at_2021_last_3y": 0.07,
            "at_2022_last_3y": 0.07,
            "at_2023_last_3y": 0.07,
            "at_2006_last_all": -81.73,
            "at_2007_last_all": -10.31,
            "at_2008_last_all": 26.46,
            "at_2009_last_all": 2.37,
            "at_2010_last_all": 21.89,
            "at_2011_last_all": 2.53,
            "at_2012_last_all": 7.77,
            "at_2013_last_all": 0.29,
            "at_2014_last_all": 1.56,
            "at_2015_last_all": 3.25,
            "at_2016_last_all": 12.04,
            "at_2017_last_all": 19.37,
            "at_2018_last_all": 10.21,
            "at_2019_last_all": 2.34,
            "at_2020_last_all": 2.34,
            "at_2021_last_all": 2.34,
            "at_2022_last_all": 2.34,
            "at_2023_last_all": 2.34
        },
        "latest_eps": -0.08,
        "latest_price": 13.3,
        "latest_roe": -0.66,
        "latest_gross_margin": 63.53,
        "latest_equity": 779555,
        "latest_revenue": 4930,
        "latest_gross_profit": 3132,
        "latest_net_income": -588,
        "latest_debt_ratio": 5.68,
        "latest_current_ratio": 675.87,
        "latest_account_receivable_turnover_ratio": 25.03,
        "latest_inventory_turnover_ratio": null,
        "latest_reinvestment_rate": -0.01,
        "latest_research_to_sale_ratio": null
    },
    "eps_dividends": {
        "1997": {
            "cash": 0,
            "stock": 1.2,
            "eps": 0
        },
        "1998": {
            "cash": 0,
            "stock": 1,
            "eps": 0
        },
        "1999": {
            "cash": 0,
            "stock": 0.3,
            "eps": 0
        },
        "2001": {
            "cash": 0,
            "stock": 0,
            "eps": -2.93
        },
        "2002": {
            "cash": 0,
            "stock": 0,
            "eps": -1.37
        },
        "2003": {
            "cash": 0,
            "stock": 0,
            "eps": -1.11
        },
        "2004": {
            "cash": 0,
            "stock": 0,
            "eps": -4.18
        },
        "2005": {
            "cash": 0,
            "stock": 0,
            "eps": 1.97
        },
        "2006": {
            "cash": 0,
            "stock": 0,
            "eps": 0.36
        },
        "2007": {
            "cash": 0,
            "stock": 0,
            "eps": 0.58
        },
        "2008": {
            "cash": 0,
            "stock": 0,
            "eps": 1.33
        },
        "2009": {
            "cash": 0,
            "stock": 0,
            "eps": 0.4
        },
        "2010": {
            "cash": 0.4,
            "stock": 0,
            "eps": 8.88
        },
        "2011": {
            "cash": 1.5,
            "stock": 1,
            "eps": 0.51
        },
        "2012": {
            "cash": 0.4,
            "stock": 0,
            "eps": 0.71
        },
        "2013": {
            "cash": 0.5,
            "stock": 0,
            "eps": 0.34
        },
        "2014": {
            "cash": 1,
            "stock": 1,
            "eps": 0.38
        },
        "2015": {
            "cash": 0.4,
            "stock": 0,
            "eps": 0.45
        },
        "2016": {
            "cash": 0.45,
            "stock": 0,
            "eps": 3.05
        },
        "2017": {
            "cash": 5,
            "stock": 0,
            "eps": 24.25
        },
        "2018": {
            "cash": 20,
            "stock": 93.8,
            "eps": 0.07
        },
        "2019": {
            "cash": 0,
            "stock": 0,
            "eps": -0.1
        }
    },
    "dividends": {
        "1997-04-09": {
            "cash": 0,
            "stock": 1.2
        },
        "1998-05-07": {
            "cash": 0,
            "stock": 1
        },
        "1999-06-15": {
            "cash": 0,
            "stock": 0.3
        },
        "2010-03-12": {
            "cash": 0.4,
            "stock": 0
        },
        "2011-03-04": {
            "cash": 1.5,
            "stock": 1
        },
        "2012-06-05": {
            "cash": 0.4,
            "stock": 0
        },
        "2013-06-10": {
            "cash": 0.5,
            "stock": 0
        },
        "2014-08-29": {
            "cash": 1,
            "stock": 1
        },
        "2015-07-29": {
            "cash": 0.4,
            "stock": 0
        },
        "2016-07-20": {
            "cash": 0.45,
            "stock": 0
        },
        "2017-07-21": {
            "cash": 5,
            "stock": 0
        },
        "2018-07-06": {
            "cash": 20,
            "stock": 93.8
        }
    },
    "prices": {
        "200101": "1.89",
        "200102": "2.47",
        "200103": "2.40",
        "200104": "2.04",
        "200105": "1.89",
        "200106": "1.94",
        "200107": "1.90",
        "200108": "1.92",
        "200109": "1.89",
        "200110": "1.73",
        "200111": "1.27",
        "200112": "1.32",
        "200201": "1.72",
        "200202": "1.80",
        "200203": "1.48",
        "200204": "2.22",
        "200205": "1.81",
        "200206": "1.66",
        "200207": "1.38",
        "200208": "1.05",
        "200209": "0.83",
        "200210": "0.68",
        "200211": "0.85",
        "200212": "1.01",
        "200301": "1.47",
        "200302": "1.51",
        "200303": "1.22",
        "200304": "1.32",
        "200305": "1.04",
        "200306": "0.85",
        "200307": "0.83",
        "200308": "0.70",
        "200309": "0.57",
        "200310": "0.62",
        "200311": "0.95",
        "200312": "0.86",
        "200401": "1.13",
        "200402": "1.16",
        "200403": "1.12",
        "200404": "1.23",
        "200405": "1.21",
        "200406": "1.17",
        "200407": "1.15",
        "200408": "0.99",
        "200409": "0.73",
        "200410": "1.05",
        "200411": "1.05",
        "200412": "1.07",
        "200501": "0.90",
        "200502": "0.92",
        "200503": "0.92",
        "200504": "1.13",
        "200505": "1.15",
        "200506": "0.85",
        "200507": "0.45",
        "200508": "0.52",
        "200509": "0.44",
        "200510": "0.47",
        "200511": "0.51",
        "200512": "0.56",
        "200601": "7.28",
        "200602": "6.78",
        "200603": "6.16",
        "200604": "5.57",
        "200605": "9.77",
        "200606": "9.66",
        "200607": "8.62",
        "200608": "8.00",
        "200609": "8.57",
        "200610": "8.36",
        "200611": "9.32",
        "200612": "8.82",
        "200701": "8.75",
        "200702": "8.20",
        "200703": "9.19",
        "200704": "9.15",
        "200705": "12.33",
        "200706": "13.25",
        "200707": "14.68",
        "200708": "13.81",
        "200709": "11.05",
        "200710": "11.82",
        "200711": "9.83",
        "200712": "9.05",
        "200801": "8.83",
        "200802": "8.43",
        "200803": "9.90",
        "200804": "10.05",
        "200805": "14.38",
        "200806": "11.47",
        "200807": "9.17",
        "200808": "8.87",
        "200809": "7.85",
        "200810": "7.62",
        "200811": "6.94",
        "200812": "6.78",
        "200901": "6.83",
        "200902": "6.68",
        "200903": "6.96",
        "200904": "8.84",
        "200905": "9.31",
        "200906": "10.44",
        "200907": "10.82",
        "200908": "10.04",
        "200909": "9.18",
        "200910": "9.57",
        "200911": "10.42",
        "200912": "11.07",
        "201001": "11.85",
        "201002": "11.98",
        "201003": "17.23",
        "201004": "23.06",
        "201005": "29.54",
        "201006": "25.91",
        "201007": "27.27",
        "201008": "29.12",
        "201009": "25.21",
        "201010": "22.33",
        "201011": "19.43",
        "201012": "22.42",
        "201101": "21.56",
        "201102": "20.09",
        "201103": "20.97",
        "201104": "22.03",
        "201105": "21.94",
        "201106": "21.31",
        "201107": "19.23",
        "201108": "14.78",
        "201109": "13.05",
        "201110": "11.87",
        "201111": "10.99",
        "201112": "9.71",
        "201201": "9.97",
        "201202": "12.58",
        "201203": "12.54",
        "201204": "11.36",
        "201205": "12.12",
        "201206": "11.34",
        "201207": "12.28",
        "201208": "12.77",
        "201209": "14.03",
        "201210": "13.40",
        "201211": "13.09",
        "201212": "13.26",
        "201301": "13.75",
        "201302": "14.05",
        "201303": "14.49",
        "201304": "15.64",
        "201305": "15.80",
        "201306": "15.86",
        "201307": "15.43",
        "201308": "16.65",
        "201309": "17.46",
        "201310": "18.22",
        "201311": "18.37",
        "201312": "17.88",
        "201401": "17.91",
        "201402": "18.74",
        "201403": "20.20",
        "201404": "20.46",
        "201405": "19.72",
        "201406": "19.60",
        "201407": "19.17",
        "201408": "16.94",
        "201409": "17.20",
        "201410": "18.50",
        "201411": "18.08",
        "201412": "17.84",
        "201501": "17.80",
        "201502": "17.79",
        "201503": "17.68",
        "201504": "17.24",
        "201505": "16.65",
        "201506": "16.86",
        "201507": "16.30",
        "201508": "15.99",
        "201509": "15.80",
        "201510": "15.55",
        "201511": "15.23",
        "201512": "15.05",
        "201601": "14.89",
        "201602": "15.03",
        "201603": "17.37",
        "201604": "18.69",
        "201605": "18.27",
        "201606": "17.99",
        "201607": "18.10",
        "201608": "18.50",
        "201609": "18.21",
        "201610": "20.01",
        "201611": "20.75",
        "201612": "23.14",
        "201701": "36.85",
        "201702": "40.32",
        "201703": "40.37",
        "201704": "42.79",
        "201705": "36.77",
        "201706": "38.44",
        "201707": "30.52",
        "201708": "29.30",
        "201709": "97.06",
        "201710": "117.95",
        "201711": "120.36",
        "201712": "129.05",
        "201801": "139.73",
        "201802": "143.69",
        "201803": "191.98",
        "201804": "220.86",
        "201805": "215.86",
        "201806": "55.93",
        "201807": "27.05",
        "201808": "19.34",
        "201809": "18.16",
        "201810": "16.82",
        "201811": "17.28",
        "201812": "21.75",
        "201901": "21.66",
        "201902": "21.35",
        "201903": "20.54",
        "201904": "20.01",
        "201905": "17.32",
        "201906": "15.73",
        "201907": "15.43",
        "201908": "15.15",
        "201909": "14.94",
        "201910": "13.74",
        "201911": "13.22",
        "201912": "13.26",
        "202001": "13.30",
        "202002": "無",
        "202003": "無",
        "202004": "無",
        "202005": "無",
        "202006": "無",
        "202007": "無",
        "202008": "無",
        "202009": "無",
        "202010": "無",
        "202011": "無",
        "202012": "無",
        "202101": "無",
        "202102": "無",
        "202103": "無",
        "202104": "無",
        "202105": "無",
        "202106": "無",
        "202107": "無",
        "202108": "無",
        "202109": "無",
        "202110": "無",
        "202111": "無",
        "202112": "無",
        "202201": "無",
        "202202": "無",
        "202203": "無",
        "202204": "無",
        "202205": "無",
        "202206": "無",
        "202207": "無",
        "202208": "無",
        "202209": "無",
        "202210": "無",
        "202211": "無",
        "202212": "無",
        "202301": "無",
        "202302": "無",
        "202303": "無",
        "202304": "無",
        "202305": "無",
        "202306": "無",
        "202307": "無",
        "202308": "無",
        "202309": "無",
        "202310": "無"
    },
    "quarters": {
        "20011": {
            "year_quarter": 20011,
            "year": 2001,
            "quarter": 1,
            "eps": -0.21,
            "eps_growth_year": null,
            "eps_4q": -2.38,
            "eps_4q_growth_year": null,
            "roe": -1.63,
            "roe_4q": -1.63,
            "gross_profit": 38442,
            "gross_margin": 21.55,
            "gross_margin_4q_avg": 21.55,
            "net_income": -24509,
            "net_income_4q": null,
            "revenue": 178411,
            "revenue_4q": null,
            "common_shares": 1550099,
            "book_valuer_per_share": 9.6,
            "book_valuer_per_share_4q_avg": 9.6,
            "equity": 1487962,
            "current_ratio": 76.39,
            "debt_ratio": 74.1,
            "inventory_turnover_ratio": null,
            "account_receivable_turnover_ratio": null,
            "reinvestment_rate": null,
            "research_to_sale_ratio": null,
            "price_fair": 0,
            "eps_avg_yearly": 0,
            "eps_latest_yearly": 0,
            "eps_growth_yearly": 0
        },
        "20012": {
            "year_quarter": 20012,
            "year": 2001,
            "quarter": 2,
            "eps": -0.54,
            "eps_growth_year": -5500,
            "eps_4q": -2.31,
            "eps_4q_growth_year": -4744,
            "roe": -5.28,
            "roe_4q": -6.91,
            "gross_profit": 41749,
            "gross_margin": 23.5,
            "gross_margin_4q_avg": 22.53,
            "net_income": -76605,
            "net_income_4q": null,
            "revenue": 177688,
            "revenue_4q": null,
            "common_shares": 1550099,
            "book_valuer_per_share": 9.1,
            "book_valuer_per_share_4q_avg": 9.35,
            "equity": 1411357,
            "current_ratio": 76.78,
            "debt_ratio": 75.67,
            "inventory_turnover_ratio": null,
            "account_receivable_turnover_ratio": null,
            "reinvestment_rate": null,
            "research_to_sale_ratio": null,
            "price_fair": 0,
            "eps_avg_yearly": 0,
            "eps_latest_yearly": 0,
            "eps_growth_yearly": 0
        },
        "20013": {
            "year_quarter": 20013,
            "year": 2001,
            "quarter": 3,
            "eps": -0.67,
            "eps_growth_year": null,
            "eps_4q": -2.61,
            "eps_4q_growth_year": null,
            "roe": -7.02,
            "roe_4q": -13.93,
            "gross_profit": 54898,
            "gross_margin": 30.45,
            "gross_margin_4q_avg": 25.17,
            "net_income": -95680,
            "net_income_4q": null,
            "revenue": 180263,
            "revenue_4q": null,
            "common_shares": 1550099,
            "book_valuer_per_share": 8.49,
            "book_valuer_per_share_4q_avg": 9.06,
            "equity": 1315677,
            "current_ratio": 76.51,
            "debt_ratio": 77,
            "inventory_turnover_ratio": null,
            "account_receivable_turnover_ratio": null,
            "reinvestment_rate": null,
            "research_to_sale_ratio": null,
            "price_fair": 0,
            "eps_avg_yearly": 0,
            "eps_latest_yearly": 0,
            "eps_growth_yearly": 0
        },
        "20014": {
            "year_quarter": 20014,
            "year": 2001,
            "quarter": 4,
            "eps": -1.51,
            "eps_growth_year": null,
            "eps_4q": -2.93,
            "eps_4q_growth_year": null,
            "roe": -18.84,
            "roe_4q": -32.77,
            "gross_profit": 9211,
            "gross_margin": 7.11,
            "gross_margin_4q_avg": 20.65,
            "net_income": -226576,
            "net_income_4q": null,
            "revenue": 129627,
            "revenue_4q": null,
            "common_shares": 1550099,
            "book_valuer_per_share": 7.03,
            "book_valuer_per_share_4q_avg": 8.56,
            "equity": 1089101,
            "current_ratio": 69.14,
            "debt_ratio": 91.64,
            "inventory_turnover_ratio": null,
            "account_receivable_turnover_ratio": null,
            "reinvestment_rate": null,
            "research_to_sale_ratio": null,
            "price_fair": 0,
            "eps_avg_yearly": 0,
            "eps_latest_yearly": 0,
            "eps_growth_yearly": 0
        },
        "20021": {
            "year_quarter": 20021,
            "year": 2002,
            "quarter": 1,
            "eps": -0.22,
            "eps_growth_year": null,
            "eps_4q": -3.51,
            "eps_4q_growth_year": null,
            "roe": -2.49,
            "roe_4q": -33.629999999999995,
            "gross_profit": 8058,
            "gross_margin": 6.56,
            "gross_margin_4q_avg": 16.91,
            "net_income": -26705,
            "net_income_4q": null,
            "revenue": 122910,
            "revenue_4q": null,
            "common_shares": 1550099,
            "book_valuer_per_share": 6.81,
            "book_valuer_per_share_4q_avg": 7.86,
            "equity": 1055310,
            "current_ratio": 74.3,
            "debt_ratio": 80.77,
            "inventory_turnover_ratio": null,
            "account_receivable_turnover_ratio": null,
            "reinvestment_rate": null,
            "research_to_sale_ratio": null,
            "price_fair": 0,
            "eps_avg_yearly": 0,
            "eps_latest_yearly": 0,
            "eps_growth_yearly": 0
        },
        "20022": {
            "year_quarter": 20022,
            "year": 2002,
            "quarter": 2,
            "eps": -0.26,
            "eps_growth_year": null,
            "eps_4q": -2.46,
            "eps_4q_growth_year": null,
            "roe": -3.06,
            "roe_4q": -31.41,
            "gross_profit": 352,
            "gross_margin": 0.3,
            "gross_margin_4q_avg": 11.11,
            "net_income": -31904,
            "net_income_4q": null,
            "revenue": 116336,
            "revenue_4q": null,
            "common_shares": 1550099,
            "book_valuer_per_share": 6.65,
            "book_valuer_per_share_4q_avg": 7.25,
            "equity": 1031074,
            "current_ratio": 73.99,
            "debt_ratio": 80.59,
            "inventory_turnover_ratio": null,
            "account_receivable_turnover_ratio": null,
            "reinvestment_rate": null,
            "research_to_sale_ratio": null,
            "price_fair": 0,
            "eps_avg_yearly": 0,
            "eps_latest_yearly": 0,
            "eps_growth_yearly": 0
        },
        "20023": {
            "year_quarter": 20023,
            "year": 2002,
            "quarter": 3,
            "eps": -0.06,
            "eps_growth_year": null,
            "eps_4q": -1.84,
            "eps_4q_growth_year": null,
            "roe": -0.07,
            "roe_4q": -24.46,
            "gross_profit": 24324,
            "gross_margin": 18.36,
            "gross_margin_4q_avg": 8.08,
            "net_income": -738,
            "net_income_4q": null,
            "revenue": 132505,
            "revenue_4q": null,
            "common_shares": 1550099,
            "book_valuer_per_share": 6.65,
            "book_valuer_per_share_4q_avg": 6.79,
            "equity": 1030336,
            "current_ratio": 82.11,
            "debt_ratio": 79.7,
            "inventory_turnover_ratio": null,
            "account_receivable_turnover_ratio": null,
            "reinvestment_rate": null,
            "research_to_sale_ratio": null,
            "price_fair": 0,
            "eps_avg_yearly": 0,
            "eps_latest_yearly": 0,
            "eps_growth_yearly": 0
        },
        "20024": {
            "year_quarter": 20024,
            "year": 2002,
            "quarter": 4,
            "eps": -0.83,
            "eps_growth_year": null,
            "eps_4q": -1.37,
            "eps_4q_growth_year": null,
            "roe": -12.52,
            "roe_4q": -18.14,
            "gross_profit": 13735,
            "gross_margin": 14.03,
            "gross_margin_4q_avg": 9.81,
            "net_income": -121408,
            "net_income_4q": null,
            "revenue": 97881,
            "revenue_4q": null,
            "common_shares": 1550099,
            "book_valuer_per_share": 5.86,
            "book_valuer_per_share_4q_avg": 6.49,
            "equity": 908928,
            "current_ratio": 49.42,
            "debt_ratio": 84.73,
            "inventory_turnover_ratio": null,
            "account_receivable_turnover_ratio": null,
            "reinvestment_rate": null,
            "research_to_sale_ratio": null,
            "price_fair": 0,
            "eps_avg_yearly": 0,
            "eps_latest_yearly": 0,
            "eps_growth_yearly": 0
        },
        "20031": {
            "year_quarter": 20031,
            "year": 2003,
            "quarter": 1,
            "eps": -0.29,
            "eps_growth_year": null,
            "eps_4q": -1.51,
            "eps_4q_growth_year": null,
            "roe": -4.12,
            "roe_4q": -19.77,
            "gross_profit": 9436,
            "gross_margin": 13.16,
            "gross_margin_4q_avg": 11.46,
            "net_income": -36722,
            "net_income_4q": null,
            "revenue": 71709,
            "revenue_4q": null,
            "common_shares": 1550099,
            "book_valuer_per_share": 5.63,
            "book_valuer_per_share_4q_avg": 6.2,
            "equity": 872206,
            "current_ratio": 93.31,
            "debt_ratio": 79.54,
            "inventory_turnover_ratio": null,
            "account_receivable_turnover_ratio": null,
            "reinvestment_rate": null,
            "research_to_sale_ratio": null,
            "price_fair": 0,
            "eps_avg_yearly": 0,
            "eps_latest_yearly": 0,
            "eps_growth_yearly": 0
        },
        "20032": {
            "year_quarter": 20032,
            "year": 2003,
            "quarter": 2,
            "eps": -0.39,
            "eps_growth_year": null,
            "eps_4q": -1.36,
            "eps_4q_growth_year": null,
            "roe": -6.06,
            "roe_4q": -22.77,
            "gross_profit": 602,
            "gross_margin": 1,
            "gross_margin_4q_avg": 11.64,
            "net_income": -51278,
            "net_income_4q": null,
            "revenue": 60405,
            "revenue_4q": null,
            "common_shares": 1550099,
            "book_valuer_per_share": 5.28,
            "book_valuer_per_share_4q_avg": 5.86,
            "equity": 818769,
            "current_ratio": 93.57,
            "debt_ratio": 80.91,
            "inventory_turnover_ratio": null,
            "account_receivable_turnover_ratio": null,
            "reinvestment_rate": null,
            "research_to_sale_ratio": null,
            "price_fair": 0,
            "eps_avg_yearly": 0,
            "eps_latest_yearly": 0,
            "eps_growth_yearly": 0
        },
        "20033": {
            "year_quarter": 20033,
            "year": 2003,
            "quarter": 3,
            "eps": -0.46,
            "eps_growth_year": null,
            "eps_4q": -1.75,
            "eps_4q_growth_year": null,
            "roe": -7.87,
            "roe_4q": -30.57,
            "gross_profit": -4137,
            "gross_margin": -9.14,
            "gross_margin_4q_avg": 4.76,
            "net_income": -61963,
            "net_income_4q": null,
            "revenue": 45271,
            "revenue_4q": null,
            "common_shares": 1550099,
            "book_valuer_per_share": 4.88,
            "book_valuer_per_share_4q_avg": 5.41,
            "equity": 756602,
            "current_ratio": 102.77,
            "debt_ratio": 80.19,
            "inventory_turnover_ratio": null,
            "account_receivable_turnover_ratio": null,
            "reinvestment_rate": null,
            "research_to_sale_ratio": null,
            "price_fair": 0,
            "eps_avg_yearly": 0,
            "eps_latest_yearly": 0,
            "eps_growth_yearly": 0
        },
        "20034": {
            "year_quarter": 20034,
            "year": 2003,
            "quarter": 4,
            "eps": 0.03,
            "eps_growth_year": null,
            "eps_4q": -0.34,
            "eps_4q_growth_year": null,
            "roe": 1.61,
            "roe_4q": -16.44,
            "gross_profit": -10565,
            "gross_margin": -54.45,
            "gross_margin_4q_avg": -12.36,
            "net_income": 12325,
            "net_income_4q": null,
            "revenue": 19402,
            "revenue_4q": null,
            "common_shares": 1550099,
            "book_valuer_per_share": 4.98,
            "book_valuer_per_share_4q_avg": 5.19,
            "equity": 771290,
            "current_ratio": 45.23,
            "debt_ratio": 77.88,
            "inventory_turnover_ratio": null,
            "account_receivable_turnover_ratio": null,
            "reinvestment_rate": null,
            "research_to_sale_ratio": null,
            "price_fair": 0,
            "eps_avg_yearly": 0,
            "eps_latest_yearly": 0,
            "eps_growth_yearly": 0
        },
        "20041": {
            "year_quarter": 20041,
            "year": 2004,
            "quarter": 1,
            "eps": -0.01,
            "eps_growth_year": null,
            "eps_4q": -0.15,
            "eps_4q_growth_year": null,
            "roe": 0.82,
            "roe_4q": -11.5,
            "gross_profit": 1651,
            "gross_margin": 10.19,
            "gross_margin_4q_avg": -13.1,
            "net_income": 6348,
            "net_income_4q": null,
            "revenue": 16204,
            "revenue_4q": null,
            "common_shares": 1550099,
            "book_valuer_per_share": 5.02,
            "book_valuer_per_share_4q_avg": 5.04,
            "equity": 777638,
            "current_ratio": 128.01,
            "debt_ratio": 75.06,
            "inventory_turnover_ratio": null,
            "account_receivable_turnover_ratio": null,
            "reinvestment_rate": null,
            "research_to_sale_ratio": null,
            "price_fair": 0,
            "eps_avg_yearly": 0,
            "eps_latest_yearly": 0,
            "eps_growth_yearly": 0
        },
        "20042": {
            "year_quarter": 20042,
            "year": 2004,
            "quarter": 2,
            "eps": -0.65,
            "eps_growth_year": null,
            "eps_4q": -0.87,
            "eps_4q_growth_year": null,
            "roe": -12.46,
            "roe_4q": -17.900000000000002,
            "gross_profit": 22788,
            "gross_margin": 59.21,
            "gross_margin_4q_avg": 1.45,
            "net_income": -91230,
            "net_income_4q": null,
            "revenue": 38484,
            "revenue_4q": null,
            "common_shares": 1550099,
            "book_valuer_per_share": 4.43,
            "book_valuer_per_share_4q_avg": 4.83,
            "equity": 686408,
            "current_ratio": 125.16,
            "debt_ratio": 77.8,
            "inventory_turnover_ratio": null,
            "account_receivable_turnover_ratio": null,
            "reinvestment_rate": null,
            "research_to_sale_ratio": null,
            "price_fair": 0,
            "eps_avg_yearly": 0,
            "eps_latest_yearly": 0,
            "eps_growth_yearly": 0
        },
        "20043": {
            "year_quarter": 20043,
            "year": 2004,
            "quarter": 3,
            "eps": -0.26,
            "eps_growth_year": null,
            "eps_4q": -0.67,
            "eps_4q_growth_year": null,
            "roe": -4.78,
            "roe_4q": -14.810000000000002,
            "gross_profit": 9524,
            "gross_margin": 37.43,
            "gross_margin_4q_avg": 13.1,
            "net_income": -32044,
            "net_income_4q": null,
            "revenue": 25447,
            "revenue_4q": null,
            "common_shares": 1550099,
            "book_valuer_per_share": 4.22,
            "book_valuer_per_share_4q_avg": 4.66,
            "equity": 654364,
            "current_ratio": 124.91,
            "debt_ratio": 78.89,
            "inventory_turnover_ratio": null,
            "account_receivable_turnover_ratio": null,
            "reinvestment_rate": null,
            "research_to_sale_ratio": null,
            "price_fair": 0,
            "eps_avg_yearly": 0,
            "eps_latest_yearly": 0,
            "eps_growth_yearly": 0
        },
        "20044": {
            "year_quarter": 20044,
            "year": 2004,
            "quarter": 4,
            "eps": -3.26,
            "eps_growth_year": -10966.67,
            "eps_4q": -4.17,
            "eps_4q_growth_year": null,
            "roe": -119.9,
            "roe_4q": -136.32000000000002,
            "gross_profit": 4838,
            "gross_margin": 19.29,
            "gross_margin_4q_avg": 31.53,
            "net_income": -490523,
            "net_income_4q": null,
            "revenue": 25079,
            "revenue_4q": null,
            "common_shares": 1550099,
            "book_valuer_per_share": 1.06,
            "book_valuer_per_share_4q_avg": 3.68,
            "equity": 163841,
            "current_ratio": 21.34,
            "debt_ratio": 91.11,
            "inventory_turnover_ratio": null,
            "account_receivable_turnover_ratio": null,
            "reinvestment_rate": null,
            "research_to_sale_ratio": null,
            "price_fair": 0,
            "eps_avg_yearly": 0,
            "eps_latest_yearly": 0,
            "eps_growth_yearly": 0
        },
        "20051": {
            "year_quarter": 20051,
            "year": 2005,
            "quarter": 1,
            "eps": -0.3,
            "eps_growth_year": null,
            "eps_4q": -5.16,
            "eps_4q_growth_year": null,
            "roe": -26.17,
            "roe_4q": -163.31,
            "gross_profit": -2529,
            "gross_margin": -27.68,
            "gross_margin_4q_avg": 22.06,
            "net_income": -37916,
            "net_income_4q": null,
            "revenue": 9137,
            "revenue_4q": null,
            "common_shares": 1550099,
            "book_valuer_per_share": 0.81,
            "book_valuer_per_share_4q_avg": 2.63,
            "equity": 125925,
            "current_ratio": 143.08,
            "debt_ratio": 94.14,
            "inventory_turnover_ratio": null,
            "account_receivable_turnover_ratio": null,
            "reinvestment_rate": null,
            "research_to_sale_ratio": null,
            "price_fair": 0,
            "eps_avg_yearly": 0,
            "eps_latest_yearly": 0,
            "eps_growth_yearly": 0
        },
        "20052": {
            "year_quarter": 20052,
            "year": 2005,
            "quarter": 2,
            "eps": 0.27,
            "eps_growth_year": null,
            "eps_4q": -2.82,
            "eps_4q_growth_year": null,
            "roe": 32.55,
            "roe_4q": -118.30000000000001,
            "gross_profit": 72215,
            "gross_margin": 83.13,
            "gross_margin_4q_avg": 28.04,
            "net_income": 48953,
            "net_income_4q": null,
            "revenue": 86869,
            "revenue_4q": null,
            "common_shares": 1550099,
            "book_valuer_per_share": 1.13,
            "book_valuer_per_share_4q_avg": 1.81,
            "equity": 174878,
            "current_ratio": 155.49,
            "debt_ratio": 91.44,
            "inventory_turnover_ratio": null,
            "account_receivable_turnover_ratio": null,
            "reinvestment_rate": null,
            "research_to_sale_ratio": null,
            "price_fair": 0,
            "eps_avg_yearly": 0,
            "eps_latest_yearly": 0,
            "eps_growth_yearly": 0
        },
        "20053": {
            "year_quarter": 20053,
            "year": 2005,
            "quarter": 3,
            "eps": -0.04,
            "eps_growth_year": null,
            "eps_4q": -3.08,
            "eps_4q_growth_year": null,
            "roe": 0.92,
            "roe_4q": -112.60000000000001,
            "gross_profit": 878,
            "gross_margin": 206.1,
            "gross_margin_4q_avg": 70.21,
            "net_income": 1619,
            "net_income_4q": null,
            "revenue": 426,
            "revenue_4q": null,
            "common_shares": 1550099,
            "book_valuer_per_share": 1.14,
            "book_valuer_per_share_4q_avg": 1.04,
            "equity": 176497,
            "current_ratio": 2319.34,
            "debt_ratio": 11.39,
            "inventory_turnover_ratio": null,
            "account_receivable_turnover_ratio": null,
            "reinvestment_rate": null,
            "research_to_sale_ratio": null,
            "price_fair": 0,
            "eps_avg_yearly": 0,
            "eps_latest_yearly": 0,
            "eps_growth_yearly": 0
        },
        "20054": {
            "year_quarter": 20054,
            "year": 2005,
            "quarter": 4,
            "eps": 2.04,
            "eps_growth_year": null,
            "eps_4q": 6.55,
            "eps_4q_growth_year": null,
            "roe": 2.5,
            "roe_4q": 9.799999999999997,
            "gross_profit": 607,
            "gross_margin": 100,
            "gross_margin_4q_avg": 90.39,
            "net_income": 5725,
            "net_income_4q": null,
            "revenue": 607,
            "revenue_4q": null,
            "common_shares": 290108,
            "book_valuer_per_share": 9.73,
            "book_valuer_per_share_4q_avg": 3.2,
            "equity": 282222,
            "current_ratio": 2767.93,
            "debt_ratio": 3.24,
            "inventory_turnover_ratio": null,
            "account_receivable_turnover_ratio": null,
            "reinvestment_rate": null,
            "research_to_sale_ratio": null,
            "price_fair": 0,
            "eps_avg_yearly": 0,
            "eps_latest_yearly": 0,
            "eps_growth_yearly": 0
        },
        "20061": {
            "year_quarter": 20061,
            "year": 2006,
            "quarter": 1,
            "eps": -0.09,
            "eps_growth_year": null,
            "eps_4q": 1.82,
            "eps_4q_growth_year": null,
            "roe": -0.94,
            "roe_4q": 35.029999999999994,
            "gross_profit": 876,
            "gross_margin": 95.32,
            "gross_margin_4q_avg": 121.14,
            "net_income": -2653,
            "net_income_4q": null,
            "revenue": 919,
            "revenue_4q": null,
            "common_shares": 351646,
            "book_valuer_per_share": 7.96,
            "book_valuer_per_share_4q_avg": 4.99,
            "equity": 279752,
            "current_ratio": 360.68,
            "debt_ratio": 15.75,
            "inventory_turnover_ratio": null,
            "account_receivable_turnover_ratio": null,
            "reinvestment_rate": null,
            "research_to_sale_ratio": null,
            "price_fair": 0,
            "eps_avg_yearly": 0,
            "eps_latest_yearly": 0,
            "eps_growth_yearly": 0
        },
        "20062": {
            "year_quarter": 20062,
            "year": 2006,
            "quarter": 2,
            "eps": -0.07,
            "eps_growth_year": -125.93,
            "eps_4q": 0.07,
            "eps_4q_growth_year": null,
            "roe": -0.77,
            "roe_4q": 1.71,
            "gross_profit": 2512,
            "gross_margin": 90.39,
            "gross_margin_4q_avg": 122.95,
            "net_income": -2142,
            "net_income_4q": null,
            "revenue": 2779,
            "revenue_4q": null,
            "common_shares": 351646,
            "book_valuer_per_share": 7.9,
            "book_valuer_per_share_4q_avg": 6.68,
            "equity": 277835,
            "current_ratio": 233.57,
            "debt_ratio": 27.12,
            "inventory_turnover_ratio": null,
            "account_receivable_turnover_ratio": null,
            "reinvestment_rate": null,
            "research_to_sale_ratio": null,
            "price_fair": 0,
            "eps_avg_yearly": 0,
            "eps_latest_yearly": 0,
            "eps_growth_yearly": 0
        },
        "20063": {
            "year_quarter": 20063,
            "year": 2006,
            "quarter": 3,
            "eps": 0.02,
            "eps_growth_year": null,
            "eps_4q": 0.05,
            "eps_4q_growth_year": null,
            "roe": 0.21,
            "roe_4q": 1,
            "gross_profit": 2564,
            "gross_margin": 78.15,
            "gross_margin_4q_avg": 90.97,
            "net_income": 574,
            "net_income_4q": null,
            "revenue": 3281,
            "revenue_4q": null,
            "common_shares": 351646,
            "book_valuer_per_share": 7.91,
            "book_valuer_per_share_4q_avg": 8.38,
            "equity": 278249,
            "current_ratio": 255.58,
            "debt_ratio": 24.74,
            "inventory_turnover_ratio": null,
            "account_receivable_turnover_ratio": null,
            "reinvestment_rate": null,
            "research_to_sale_ratio": null,
            "price_fair": 0,
            "eps_avg_yearly": 0,
            "eps_latest_yearly": 0,
            "eps_growth_yearly": 0
        },
        "20064": {
            "year_quarter": 20064,
            "year": 2006,
            "quarter": 4,
            "eps": 0.5,
            "eps_growth_year": -75.49,
            "eps_4q": 0.38,
            "eps_4q_growth_year": -94.27,
            "roe": 5.9,
            "roe_4q": 4.4,
            "gross_profit": 2816,
            "gross_margin": 86.09,
            "gross_margin_4q_avg": 87.49,
            "net_income": 16924,
            "net_income_4q": null,
            "revenue": 3271,
            "revenue_4q": null,
            "common_shares": 351646,
            "book_valuer_per_share": 8.41,
            "book_valuer_per_share_4q_avg": 8.05,
            "equity": 295616,
            "current_ratio": 720.23,
            "debt_ratio": 10.46,
            "inventory_turnover_ratio": null,
            "account_receivable_turnover_ratio": null,
            "reinvestment_rate": null,
            "research_to_sale_ratio": null,
            "price_fair": 70,
            "eps_avg_yearly": 2,
            "eps_latest_yearly": 2,
            "eps_growth_yearly": 9600
        },
        "20071": {
            "year_quarter": 20071,
            "year": 2007,
            "quarter": 1,
            "eps": 0.11,
            "eps_growth_year": null,
            "eps_4q": 0.57,
            "eps_4q_growth_year": -68.9,
            "roe": 1.25,
            "roe_4q": 6.59,
            "gross_profit": 2887,
            "gross_margin": 82.25,
            "gross_margin_4q_avg": 84.22,
            "net_income": 3705,
            "net_income_4q": null,
            "revenue": 3510,
            "revenue_4q": null,
            "common_shares": 351646,
            "book_valuer_per_share": 8.49,
            "book_valuer_per_share_4q_avg": 8.18,
            "equity": 298680,
            "current_ratio": 941.19,
            "debt_ratio": 20.7,
            "inventory_turnover_ratio": null,
            "account_receivable_turnover_ratio": null,
            "reinvestment_rate": null,
            "research_to_sale_ratio": null,
            "price_fair": 42.7,
            "eps_avg_yearly": 1.22,
            "eps_latest_yearly": 0.44,
            "eps_growth_yearly": 4644
        },
        "20072": {
            "year_quarter": 20072,
            "year": 2007,
            "quarter": 2,
            "eps": 0,
            "eps_growth_year": null,
            "eps_4q": 0.61,
            "eps_4q_growth_year": 736.09,
            "roe": 0.04,
            "roe_4q": 7.4,
            "gross_profit": 2814,
            "gross_margin": 74.11,
            "gross_margin_4q_avg": 80.15,
            "net_income": 109,
            "net_income_4q": null,
            "revenue": 3797,
            "revenue_4q": null,
            "common_shares": 351646,
            "book_valuer_per_share": 8.53,
            "book_valuer_per_share_4q_avg": 8.34,
            "equity": 299876,
            "current_ratio": 162.57,
            "debt_ratio": 46.97,
            "inventory_turnover_ratio": null,
            "account_receivable_turnover_ratio": null,
            "reinvestment_rate": null,
            "research_to_sale_ratio": null,
            "price_fair": 42.7,
            "eps_avg_yearly": 1.22,
            "eps_latest_yearly": 0.44,
            "eps_growth_yearly": 4644
        },
        "20073": {
            "year_quarter": 20073,
            "year": 2007,
            "quarter": 3,
            "eps": 0.78,
            "eps_growth_year": 3800,
            "eps_4q": 1.37,
            "eps_4q_growth_year": 2519.1,
            "roe": 8.75,
            "roe_4q": 15.94,
            "gross_profit": 2476,
            "gross_margin": 54.2,
            "gross_margin_4q_avg": 74.16,
            "net_income": 27300,
            "net_income_4q": null,
            "revenue": 4568,
            "revenue_4q": null,
            "common_shares": 351646,
            "book_valuer_per_share": 9.22,
            "book_valuer_per_share_4q_avg": 8.66,
            "equity": 324289,
            "current_ratio": 369.86,
            "debt_ratio": 35.56,
            "inventory_turnover_ratio": null,
            "account_receivable_turnover_ratio": null,
            "reinvestment_rate": null,
            "research_to_sale_ratio": null,
            "price_fair": 42.7,
            "eps_avg_yearly": 1.22,
            "eps_latest_yearly": 0.44,
            "eps_growth_yearly": 4644
        },
        "20074": {
            "year_quarter": 20074,
            "year": 2007,
            "quarter": 4,
            "eps": -0.31,
            "eps_growth_year": -162,
            "eps_4q": 0.58,
            "eps_4q_growth_year": 54.55,
            "roe": -3.42,
            "roe_4q": 6.62,
            "gross_profit": 1388,
            "gross_margin": 46.22,
            "gross_margin_4q_avg": 64.2,
            "net_income": -10860,
            "net_income_4q": null,
            "revenue": 3003,
            "revenue_4q": null,
            "common_shares": 351646,
            "book_valuer_per_share": 8.85,
            "book_valuer_per_share_4q_avg": 8.77,
            "equity": 311242,
            "current_ratio": 361.41,
            "debt_ratio": 36.51,
            "inventory_turnover_ratio": null,
            "account_receivable_turnover_ratio": null,
            "reinvestment_rate": null,
            "research_to_sale_ratio": null,
            "price_fair": 42.7,
            "eps_avg_yearly": 1.22,
            "eps_latest_yearly": 0.44,
            "eps_growth_yearly": 4644
        },
        "20081": {
            "year_quarter": 20081,
            "year": 2008,
            "quarter": 1,
            "eps": 1.71,
            "eps_growth_year": 1454.55,
            "eps_4q": 2.18,
            "eps_4q_growth_year": 285.69,
            "roe": 17.55,
            "roe_4q": 22.92,
            "gross_profit": 1241,
            "gross_margin": 36.78,
            "gross_margin_4q_avg": 52.83,
            "net_income": 59873,
            "net_income_4q": null,
            "revenue": 3374,
            "revenue_4q": null,
            "common_shares": 351646,
            "book_valuer_per_share": 10.56,
            "book_valuer_per_share_4q_avg": 9.29,
            "equity": 371169,
            "current_ratio": 1476,
            "debt_ratio": 39.72,
            "inventory_turnover_ratio": null,
            "account_receivable_turnover_ratio": null,
            "reinvestment_rate": null,
            "research_to_sale_ratio": null,
            "price_fair": 42.7,
            "eps_avg_yearly": 1.22,
            "eps_latest_yearly": 0.44,
            "eps_growth_yearly": 4644
        },
        "20082": {
            "year_quarter": 20082,
            "year": 2008,
            "quarter": 2,
            "eps": -0.05,
            "eps_growth_year": null,
            "eps_4q": 2.12,
            "eps_4q_growth_year": 249.84,
            "roe": -0.48,
            "roe_4q": 22.4,
            "gross_profit": 690,
            "gross_margin": 19.5,
            "gross_margin_4q_avg": 39.18,
            "net_income": -1756,
            "net_income_4q": null,
            "revenue": 3539,
            "revenue_4q": null,
            "common_shares": 351646,
            "book_valuer_per_share": 10.38,
            "book_valuer_per_share_4q_avg": 9.75,
            "equity": 364884,
            "current_ratio": 1184.55,
            "debt_ratio": 40.23,
            "inventory_turnover_ratio": null,
            "account_receivable_turnover_ratio": null,
            "reinvestment_rate": null,
            "research_to_sale_ratio": null,
            "price_fair": 42.7,
            "eps_avg_yearly": 1.22,
            "eps_latest_yearly": 0.44,
            "eps_growth_yearly": 4644
        },
        "20083": {
            "year_quarter": 20083,
            "year": 2008,
            "quarter": 3,
            "eps": -0.09,
            "eps_growth_year": -111.54,
            "eps_4q": 1.26,
            "eps_4q_growth_year": -8.51,
            "roe": -0.86,
            "roe_4q": 12.790000000000001,
            "gross_profit": 858,
            "gross_margin": 21.59,
            "gross_margin_4q_avg": 31.02,
            "net_income": -3100,
            "net_income_4q": null,
            "revenue": 3974,
            "revenue_4q": null,
            "common_shares": 351646,
            "book_valuer_per_share": 10.2,
            "book_valuer_per_share_4q_avg": 10,
            "equity": 358851,
            "current_ratio": 1004.03,
            "debt_ratio": 44.9,
            "inventory_turnover_ratio": null,
            "account_receivable_turnover_ratio": null,
            "reinvestment_rate": null,
            "research_to_sale_ratio": null,
            "price_fair": 42.7,
            "eps_avg_yearly": 1.22,
            "eps_latest_yearly": 0.44,
            "eps_growth_yearly": 4644
        },
        "20084": {
            "year_quarter": 20084,
            "year": 2008,
            "quarter": 4,
            "eps": -0.24,
            "eps_growth_year": null,
            "eps_4q": 1.33,
            "eps_4q_growth_year": 129.31,
            "roe": -2.35,
            "roe_4q": 13.860000000000001,
            "gross_profit": 1601,
            "gross_margin": 37.42,
            "gross_margin_4q_avg": 28.82,
            "net_income": -8364,
            "net_income_4q": null,
            "revenue": 4279,
            "revenue_4q": null,
            "common_shares": 351646,
            "book_valuer_per_share": 10.01,
            "book_valuer_per_share_4q_avg": 10.29,
            "equity": 351911,
            "current_ratio": 947.79,
            "debt_ratio": 45.05,
            "inventory_turnover_ratio": null,
            "account_receivable_turnover_ratio": 0.06,
            "reinvestment_rate": -1165.49,
            "research_to_sale_ratio": null,
            "price_fair": 42.7,
            "eps_avg_yearly": 1.22,
            "eps_latest_yearly": 0.44,
            "eps_growth_yearly": 4644
        },
        "20091": {
            "year_quarter": 20091,
            "year": 2009,
            "quarter": 1,
            "eps": 0.03,
            "eps_growth_year": -98.25,
            "eps_4q": -0.38,
            "eps_4q_growth_year": -117.38,
            "roe": 0.27,
            "roe_4q": -3.42,
            "gross_profit": 1687,
            "gross_margin": 34.61,
            "gross_margin_4q_avg": 28.28,
            "net_income": 969,
            "net_income_4q": null,
            "revenue": 4874,
            "revenue_4q": null,
            "common_shares": 351646,
            "book_valuer_per_share": 10.07,
            "book_valuer_per_share_4q_avg": 10.17,
            "equity": 354081,
            "current_ratio": 695.04,
            "debt_ratio": 84.94,
            "inventory_turnover_ratio": null,
            "account_receivable_turnover_ratio": 0.05,
            "reinvestment_rate": 1450.45,
            "research_to_sale_ratio": null,
            "price_fair": 42.7,
            "eps_avg_yearly": 1.22,
            "eps_latest_yearly": 0.44,
            "eps_growth_yearly": 4644
        },
        "20092": {
            "year_quarter": 20092,
            "year": 2009,
            "quarter": 2,
            "eps": -0.06,
            "eps_growth_year": null,
            "eps_4q": -0.35,
            "eps_4q_growth_year": -116.71,
            "roe": -0.56,
            "roe_4q": -3.5,
            "gross_profit": 8567,
            "gross_margin": 38.98,
            "gross_margin_4q_avg": 33.15,
            "net_income": -1965,
            "net_income_4q": null,
            "revenue": 21977,
            "revenue_4q": null,
            "common_shares": 351646,
            "book_valuer_per_share": 10.01,
            "book_valuer_per_share_4q_avg": 10.07,
            "equity": 351866,
            "current_ratio": 201.42,
            "debt_ratio": 85.03,
            "inventory_turnover_ratio": null,
            "account_receivable_turnover_ratio": 0.72,
            "reinvestment_rate": 2364.03,
            "research_to_sale_ratio": null,
            "price_fair": 42.7,
            "eps_avg_yearly": 1.22,
            "eps_latest_yearly": 0.44,
            "eps_growth_yearly": 4644
        },
        "20093": {
            "year_quarter": 20093,
            "year": 2009,
            "quarter": 3,
            "eps": 0.29,
            "eps_growth_year": null,
            "eps_4q": 0.02,
            "eps_4q_growth_year": -98.42,
            "roe": 2.81,
            "roe_4q": 0.16999999999999993,
            "gross_profit": 5338,
            "gross_margin": 19.88,
            "gross_margin_4q_avg": 32.72,
            "net_income": 10049,
            "net_income_4q": null,
            "revenue": 26854,
            "revenue_4q": null,
            "common_shares": 351646,
            "book_valuer_per_share": 10.33,
            "book_valuer_per_share_4q_avg": 10.11,
            "equity": 363386,
            "current_ratio": 251.92,
            "debt_ratio": 83.98,
            "inventory_turnover_ratio": null,
            "account_receivable_turnover_ratio": 62.6,
            "reinvestment_rate": 2026.82,
            "research_to_sale_ratio": null,
            "price_fair": 42.7,
            "eps_avg_yearly": 1.22,
            "eps_latest_yearly": 0.44,
            "eps_growth_yearly": 4644
        },
        "20094": {
            "year_quarter": 20094,
            "year": 2009,
            "quarter": 4,
            "eps": 0.14,
            "eps_growth_year": null,
            "eps_4q": 0.4,
            "eps_4q_growth_year": -69.72,
            "roe": 1.37,
            "roe_4q": 3.8899999999999997,
            "gross_profit": 8464,
            "gross_margin": 37.33,
            "gross_margin_4q_avg": 32.7,
            "net_income": 5049,
            "net_income_4q": null,
            "revenue": 22675,
            "revenue_4q": null,
            "common_shares": 351646,
            "book_valuer_per_share": 10.6,
            "book_valuer_per_share_4q_avg": 10.25,
            "equity": 371178,
            "current_ratio": 552.17,
            "debt_ratio": 82.94,
            "inventory_turnover_ratio": null,
            "account_receivable_turnover_ratio": 0.74,
            "reinvestment_rate": 2077.22,
            "research_to_sale_ratio": null,
            "price_fair": 35,
            "eps_avg_yearly": 1,
            "eps_latest_yearly": 0.56,
            "eps_growth_yearly": 3027.03
        },
        "20101": {
            "year_quarter": 20101,
            "year": 2010,
            "quarter": 1,
            "eps": 8.83,
            "eps_growth_year": 29333.33,
            "eps_4q": 7.59,
            "eps_4q_growth_year": null,
            "roe": 56.19,
            "roe_4q": 59.809999999999995,
            "gross_profit": 11127,
            "gross_margin": 49.15,
            "gross_margin_4q_avg": 36.34,
            "net_income": 328519,
            "net_income_4q": null,
            "revenue": 22638,
            "revenue_4q": null,
            "common_shares": 451646,
            "book_valuer_per_share": 17.73,
            "book_valuer_per_share_4q_avg": 12.17,
            "equity": 798199,
            "current_ratio": 138.5,
            "debt_ratio": 70.65,
            "inventory_turnover_ratio": null,
            "account_receivable_turnover_ratio": 0.73,
            "reinvestment_rate": 24.43,
            "research_to_sale_ratio": null,
            "price_fair": 335.3,
            "eps_avg_yearly": 9.58,
            "eps_latest_yearly": 35.32,
            "eps_growth_yearly": 8477.42
        },
        "20102": {
            "year_quarter": 20102,
            "year": 2010,
            "quarter": 2,
            "eps": -0.03,
            "eps_growth_year": null,
            "eps_4q": 7.57,
            "eps_4q_growth_year": null,
            "roe": -0.19,
            "roe_4q": 60.18,
            "gross_profit": 595,
            "gross_margin": 28.2,
            "gross_margin_4q_avg": 33.64,
            "net_income": -1506,
            "net_income_4q": null,
            "revenue": 2110,
            "revenue_4q": null,
            "common_shares": 451646,
            "book_valuer_per_share": 17.33,
            "book_valuer_per_share_4q_avg": 14,
            "equity": 782821,
            "current_ratio": 1342.84,
            "debt_ratio": 17.24,
            "inventory_turnover_ratio": null,
            "account_receivable_turnover_ratio": 4.8,
            "reinvestment_rate": 38.7,
            "research_to_sale_ratio": null,
            "price_fair": 335.3,
            "eps_avg_yearly": 9.58,
            "eps_latest_yearly": 35.32,
            "eps_growth_yearly": 8477.42
        },
        "20103": {
            "year_quarter": 20103,
            "year": 2010,
            "quarter": 3,
            "eps": 0.02,
            "eps_growth_year": -92.58,
            "eps_4q": 7.37,
            "eps_4q_growth_year": 36984.01,
            "roe": 0.12,
            "roe_4q": 57.489999999999995,
            "gross_profit": 5346,
            "gross_margin": 78.26,
            "gross_margin_4q_avg": 48.24,
            "net_income": 972,
            "net_income_4q": null,
            "revenue": 6831,
            "revenue_4q": null,
            "common_shares": 451646,
            "book_valuer_per_share": 17.38,
            "book_valuer_per_share_4q_avg": 15.76,
            "equity": 785174,
            "current_ratio": 198.17,
            "debt_ratio": 39.58,
            "inventory_turnover_ratio": null,
            "account_receivable_turnover_ratio": 13.8,
            "reinvestment_rate": 251.63,
            "research_to_sale_ratio": null,
            "price_fair": 335.3,
            "eps_avg_yearly": 9.58,
            "eps_latest_yearly": 35.32,
            "eps_growth_yearly": 8477.42
        },
        "20104": {
            "year_quarter": 20104,
            "year": 2010,
            "quarter": 4,
            "eps": 0.06,
            "eps_growth_year": -53.76,
            "eps_4q": 7.33,
            "eps_4q_growth_year": 1719.13,
            "roe": 0.37,
            "roe_4q": 56.489999999999995,
            "gross_profit": 7127,
            "gross_margin": 64.56,
            "gross_margin_4q_avg": 55.04,
            "net_income": 2924,
            "net_income_4q": null,
            "revenue": 11039,
            "revenue_4q": null,
            "common_shares": 451646,
            "book_valuer_per_share": 17.54,
            "book_valuer_per_share_4q_avg": 17.5,
            "equity": 791995,
            "current_ratio": 560.47,
            "debt_ratio": 43.86,
            "inventory_turnover_ratio": null,
            "account_receivable_turnover_ratio": 15.73,
            "reinvestment_rate": 267.93,
            "research_to_sale_ratio": null,
            "price_fair": 319.9,
            "eps_avg_yearly": 9.14,
            "eps_latest_yearly": 0.24,
            "eps_growth_yearly": 6277.42
        },
        "20111": {
            "year_quarter": 20111,
            "year": 2011,
            "quarter": 1,
            "eps": 0.11,
            "eps_growth_year": -98.75,
            "eps_4q": 0.16,
            "eps_4q_growth_year": -97.91,
            "roe": 0.61,
            "roe_4q": 0.9100000000000001,
            "gross_profit": 6969,
            "gross_margin": 61.79,
            "gross_margin_4q_avg": 58.2,
            "net_income": 4790,
            "net_income_4q": null,
            "revenue": 11278,
            "revenue_4q": null,
            "common_shares": 451646,
            "book_valuer_per_share": 17.5,
            "book_valuer_per_share_4q_avg": 17.44,
            "equity": 790606,
            "current_ratio": 602.32,
            "debt_ratio": 43.66,
            "inventory_turnover_ratio": null,
            "account_receivable_turnover_ratio": 27.41,
            "reinvestment_rate": 237.78,
            "research_to_sale_ratio": null,
            "price_fair": 319.9,
            "eps_avg_yearly": 9.14,
            "eps_latest_yearly": 0.44,
            "eps_growth_yearly": 6438.75
        },
        "20112": {
            "year_quarter": 20112,
            "year": 2011,
            "quarter": 2,
            "eps": -0.32,
            "eps_growth_year": null,
            "eps_4q": -0.15,
            "eps_4q_growth_year": -101.95,
            "roe": -2.14,
            "roe_4q": -1.04,
            "gross_profit": 6952,
            "gross_margin": 61.61,
            "gross_margin_4q_avg": 66.56,
            "net_income": -16032,
            "net_income_4q": null,
            "revenue": 11284,
            "revenue_4q": null,
            "common_shares": 451646,
            "book_valuer_per_share": 15.64,
            "book_valuer_per_share_4q_avg": 17.02,
            "equity": 706192,
            "current_ratio": 207.03,
            "debt_ratio": 48.85,
            "inventory_turnover_ratio": null,
            "account_receivable_turnover_ratio": 28.79,
            "reinvestment_rate": 229.3,
            "research_to_sale_ratio": null,
            "price_fair": 319.9,
            "eps_avg_yearly": 9.14,
            "eps_latest_yearly": 0.44,
            "eps_growth_yearly": 6438.75
        },
        "20113": {
            "year_quarter": 20113,
            "year": 2011,
            "quarter": 3,
            "eps": 0.72,
            "eps_growth_year": 3243.66,
            "eps_4q": 0.55,
            "eps_4q_growth_year": -92.51,
            "roe": 4.95,
            "roe_4q": 3.79,
            "gross_profit": 6304,
            "gross_margin": 59.39,
            "gross_margin_4q_avg": 61.84,
            "net_income": 35750,
            "net_income_4q": null,
            "revenue": 10615,
            "revenue_4q": null,
            "common_shares": 496811,
            "book_valuer_per_share": 14.83,
            "book_valuer_per_share_4q_avg": 16.38,
            "equity": 736948,
            "current_ratio": 219.77,
            "debt_ratio": 45.14,
            "inventory_turnover_ratio": null,
            "account_receivable_turnover_ratio": 28.65,
            "reinvestment_rate": 215.12,
            "research_to_sale_ratio": null,
            "price_fair": 319.9,
            "eps_avg_yearly": 9.14,
            "eps_latest_yearly": 0.44,
            "eps_growth_yearly": 6438.75
        },
        "20114": {
            "year_quarter": 20114,
            "year": 2011,
            "quarter": 4,
            "eps": -0,
            "eps_growth_year": -104.91,
            "eps_4q": 0.49,
            "eps_4q_growth_year": -93.31,
            "roe": -0.02,
            "roe_4q": 3.4000000000000004,
            "gross_profit": 6557,
            "gross_margin": 53.08,
            "gross_margin_4q_avg": 58.97,
            "net_income": -158,
            "net_income_4q": null,
            "revenue": 12353,
            "revenue_4q": null,
            "common_shares": 496811,
            "book_valuer_per_share": 14.8,
            "book_valuer_per_share_4q_avg": 15.69,
            "equity": 735071,
            "current_ratio": 93.62,
            "debt_ratio": 53.22,
            "inventory_turnover_ratio": null,
            "account_receivable_turnover_ratio": 35.55,
            "reinvestment_rate": 301.42,
            "research_to_sale_ratio": null,
            "price_fair": 319.9,
            "eps_avg_yearly": 9.14,
            "eps_latest_yearly": 0.44,
            "eps_growth_yearly": 6438.75
        },
        "20121": {
            "year_quarter": 20121,
            "year": 2012,
            "quarter": 1,
            "eps": 0.68,
            "eps_growth_year": 518.18,
            "eps_4q": 1.08,
            "eps_4q_growth_year": 578.18,
            "roe": 4.52,
            "roe_4q": 7.309999999999999,
            "gross_profit": 6454,
            "gross_margin": 52.09,
            "gross_margin_4q_avg": 56.54,
            "net_income": 34003,
            "net_income_4q": null,
            "revenue": 12389,
            "revenue_4q": null,
            "common_shares": 496811,
            "book_valuer_per_share": 15.51,
            "book_valuer_per_share_4q_avg": 15.2,
            "equity": 770597,
            "current_ratio": 144.92,
            "debt_ratio": 48.96,
            "inventory_turnover_ratio": null,
            "account_receivable_turnover_ratio": 38.12,
            "reinvestment_rate": 302.89,
            "research_to_sale_ratio": null,
            "price_fair": 319.9,
            "eps_avg_yearly": 9.14,
            "eps_latest_yearly": 0.44,
            "eps_growth_yearly": 6438.75
        },
        "20122": {
            "year_quarter": 20122,
            "year": 2012,
            "quarter": 2,
            "eps": 0.03,
            "eps_growth_year": null,
            "eps_4q": 1.43,
            "eps_4q_growth_year": null,
            "roe": 0.17,
            "roe_4q": 9.620000000000001,
            "gross_profit": 7144,
            "gross_margin": 57.95,
            "gross_margin_4q_avg": 55.63,
            "net_income": 1325,
            "net_income_4q": null,
            "revenue": 12327,
            "revenue_4q": null,
            "common_shares": 496811,
            "book_valuer_per_share": 15.13,
            "book_valuer_per_share_4q_avg": 15.07,
            "equity": 751505,
            "current_ratio": 140.84,
            "debt_ratio": 50.2,
            "inventory_turnover_ratio": null,
            "account_receivable_turnover_ratio": 40.62,
            "reinvestment_rate": 304.68,
            "research_to_sale_ratio": null,
            "price_fair": 256.76,
            "eps_avg_yearly": 7.34,
            "eps_latest_yearly": 0.12,
            "eps_growth_yearly": 5074.53
        },
        "20123": {
            "year_quarter": 20123,
            "year": 2012,
            "quarter": 3,
            "eps": 0.01,
            "eps_growth_year": -98.9,
            "eps_4q": 0.72,
            "eps_4q_growth_year": 29.65,
            "roe": 0.05,
            "roe_4q": 4.72,
            "gross_profit": 6542,
            "gross_margin": 53.07,
            "gross_margin_4q_avg": 54.05,
            "net_income": 395,
            "net_income_4q": null,
            "revenue": 12327,
            "revenue_4q": null,
            "common_shares": 496811,
            "book_valuer_per_share": 15.3,
            "book_valuer_per_share_4q_avg": 15.19,
            "equity": 760295,
            "current_ratio": 1112.49,
            "debt_ratio": 54.66,
            "inventory_turnover_ratio": null,
            "account_receivable_turnover_ratio": 43.71,
            "reinvestment_rate": 288.82,
            "research_to_sale_ratio": null,
            "price_fair": 214.2,
            "eps_avg_yearly": 6.12,
            "eps_latest_yearly": 0.04,
            "eps_growth_yearly": 4184.33
        },
        "20124": {
            "year_quarter": 20124,
            "year": 2012,
            "quarter": 4,
            "eps": -0.01,
            "eps_growth_year": null,
            "eps_4q": 0.71,
            "eps_4q_growth_year": 44.07,
            "roe": -0.08,
            "roe_4q": 4.659999999999999,
            "gross_profit": 6829,
            "gross_margin": 54.47,
            "gross_margin_4q_avg": 54.4,
            "net_income": -643,
            "net_income_4q": null,
            "revenue": 12537,
            "revenue_4q": null,
            "common_shares": 496811,
            "book_valuer_per_share": 15.34,
            "book_valuer_per_share_4q_avg": 15.32,
            "equity": 762203,
            "current_ratio": 318.19,
            "debt_ratio": 55.39,
            "inventory_turnover_ratio": null,
            "account_receivable_turnover_ratio": 28.59,
            "reinvestment_rate": 317.8,
            "research_to_sale_ratio": null,
            "price_fair": 214.2,
            "eps_avg_yearly": 6.12,
            "eps_latest_yearly": 0.04,
            "eps_growth_yearly": 4184.33
        },
        "20131": {
            "year_quarter": 20131,
            "year": 2013,
            "quarter": 1,
            "eps": 0.09,
            "eps_growth_year": -86.76,
            "eps_4q": 0.11,
            "eps_4q_growth_year": -89.56,
            "roe": 0.59,
            "roe_4q": 0.7300000000000001,
            "gross_profit": 7512,
            "gross_margin": 57,
            "gross_margin_4q_avg": 55.62,
            "net_income": 4514,
            "net_income_4q": null,
            "revenue": 13178,
            "revenue_4q": null,
            "common_shares": 496811,
            "book_valuer_per_share": 15.48,
            "book_valuer_per_share_4q_avg": 15.31,
            "equity": 768846,
            "current_ratio": 181.7,
            "debt_ratio": 56.1,
            "inventory_turnover_ratio": null,
            "account_receivable_turnover_ratio": 8.92,
            "reinvestment_rate": -513.26,
            "research_to_sale_ratio": null,
            "price_fair": 214.2,
            "eps_avg_yearly": 6.12,
            "eps_latest_yearly": 0.04,
            "eps_growth_yearly": 4184.33
        },
        "20132": {
            "year_quarter": 20132,
            "year": 2013,
            "quarter": 2,
            "eps": 0.12,
            "eps_growth_year": 349.94,
            "eps_4q": 0.21,
            "eps_4q_growth_year": -85.41,
            "roe": 0.8,
            "roe_4q": 1.36,
            "gross_profit": 8102,
            "gross_margin": 57.61,
            "gross_margin_4q_avg": 55.54,
            "net_income": 6083,
            "net_income_4q": null,
            "revenue": 14064,
            "revenue_4q": null,
            "common_shares": 496811,
            "book_valuer_per_share": 15.18,
            "book_valuer_per_share_4q_avg": 15.33,
            "equity": 754143,
            "current_ratio": 164.08,
            "debt_ratio": 56.36,
            "inventory_turnover_ratio": null,
            "account_receivable_turnover_ratio": 5.71,
            "reinvestment_rate": -488.38,
            "research_to_sale_ratio": null,
            "price_fair": 186,
            "eps_avg_yearly": 5.31,
            "eps_latest_yearly": 0.48,
            "eps_growth_yearly": 3605.62
        },
        "20133": {
            "year_quarter": 20133,
            "year": 2013,
            "quarter": 3,
            "eps": 0.13,
            "eps_growth_year": 1535.01,
            "eps_4q": 0.33,
            "eps_4q_growth_year": -54.1,
            "roe": 0.84,
            "roe_4q": 2.15,
            "gross_profit": 8687,
            "gross_margin": 58.33,
            "gross_margin_4q_avg": 56.85,
            "net_income": 6370,
            "net_income_4q": null,
            "revenue": 14892,
            "revenue_4q": null,
            "common_shares": 496811,
            "book_valuer_per_share": 15.26,
            "book_valuer_per_share_4q_avg": 15.32,
            "equity": 758148,
            "current_ratio": 202.66,
            "debt_ratio": 55.99,
            "inventory_turnover_ratio": null,
            "account_receivable_turnover_ratio": 5.87,
            "reinvestment_rate": -463.87,
            "research_to_sale_ratio": null,
            "price_fair": 165.03,
            "eps_avg_yearly": 4.72,
            "eps_latest_yearly": 0.52,
            "eps_growth_yearly": 3159.08
        },
        "20134": {
            "year_quarter": 20134,
            "year": 2013,
            "quarter": 4,
            "eps": -0,
            "eps_growth_year": null,
            "eps_4q": 0.34,
            "eps_4q_growth_year": -51.86,
            "roe": -0.01,
            "roe_4q": 2.2199999999999998,
            "gross_profit": 9249,
            "gross_margin": 60.2,
            "gross_margin_4q_avg": 58.29,
            "net_income": -80,
            "net_income_4q": null,
            "revenue": 15364,
            "revenue_4q": null,
            "common_shares": 496811,
            "book_valuer_per_share": 15.28,
            "book_valuer_per_share_4q_avg": 15.3,
            "equity": 759203,
            "current_ratio": 171.23,
            "debt_ratio": 59.63,
            "inventory_turnover_ratio": null,
            "account_receivable_turnover_ratio": 5.43,
            "reinvestment_rate": -478.19,
            "research_to_sale_ratio": null,
            "price_fair": 185.8,
            "eps_avg_yearly": 5.31,
            "eps_latest_yearly": 0.52,
            "eps_growth_yearly": 3639.94
        },
        "20141": {
            "year_quarter": 20141,
            "year": 2014,
            "quarter": 1,
            "eps": 0.1,
            "eps_growth_year": 11.11,
            "eps_4q": 0.35,
            "eps_4q_growth_year": 212.18,
            "roe": 0.67,
            "roe_4q": 2.3,
            "gross_profit": 10136,
            "gross_margin": 62.54,
            "gross_margin_4q_avg": 59.67,
            "net_income": 5081,
            "net_income_4q": null,
            "revenue": 16207,
            "revenue_4q": null,
            "common_shares": 496811,
            "book_valuer_per_share": 15.37,
            "book_valuer_per_share_4q_avg": 15.27,
            "equity": 763642,
            "current_ratio": 349.24,
            "debt_ratio": 59.31,
            "inventory_turnover_ratio": null,
            "account_receivable_turnover_ratio": 4.68,
            "reinvestment_rate": -244.73,
            "research_to_sale_ratio": null,
            "price_fair": 10.73,
            "eps_avg_yearly": 0.31,
            "eps_latest_yearly": 0.52,
            "eps_growth_yearly": 108.5
        },
        "20142": {
            "year_quarter": 20142,
            "year": 2014,
            "quarter": 2,
            "eps": 0.04,
            "eps_growth_year": -66.67,
            "eps_4q": 0.25,
            "eps_4q_growth_year": 17.78,
            "roe": 0.28,
            "roe_4q": 1.78,
            "gross_profit": 10163,
            "gross_margin": 62.7,
            "gross_margin_4q_avg": 60.94,
            "net_income": 2037,
            "net_income_4q": null,
            "revenue": 16208,
            "revenue_4q": null,
            "common_shares": 496811,
            "book_valuer_per_share": 14.4,
            "book_valuer_per_share_4q_avg": 15.08,
            "equity": 715448,
            "current_ratio": 220.6,
            "debt_ratio": 61.79,
            "inventory_turnover_ratio": null,
            "account_receivable_turnover_ratio": 4.4,
            "reinvestment_rate": -304.2,
            "research_to_sale_ratio": null,
            "price_fair": 10,
            "eps_avg_yearly": 0.29,
            "eps_latest_yearly": 0.16,
            "eps_growth_yearly": 58.71
        },
        "20143": {
            "year_quarter": 20143,
            "year": 2014,
            "quarter": 3,
            "eps": 0.16,
            "eps_growth_year": 23.08,
            "eps_4q": 0.29,
            "eps_4q_growth_year": -11.78,
            "roe": 1.23,
            "roe_4q": 2.1700000000000004,
            "gross_profit": 10304,
            "gross_margin": 63.07,
            "gross_margin_4q_avg": 62.13,
            "net_income": 8804,
            "net_income_4q": null,
            "revenue": 16338,
            "revenue_4q": null,
            "common_shares": 546492,
            "book_valuer_per_share": 13.13,
            "book_valuer_per_share_4q_avg": 14.55,
            "equity": 717752,
            "current_ratio": 328.38,
            "debt_ratio": 60.27,
            "inventory_turnover_ratio": null,
            "account_receivable_turnover_ratio": 4.54,
            "reinvestment_rate": -1232.19,
            "research_to_sale_ratio": null,
            "price_fair": 11.55,
            "eps_avg_yearly": 0.33,
            "eps_latest_yearly": 0.64,
            "eps_growth_yearly": 201.37
        },
        "20144": {
            "year_quarter": 20144,
            "year": 2014,
            "quarter": 4,
            "eps": 0.08,
            "eps_growth_year": null,
            "eps_4q": 0.37,
            "eps_4q_growth_year": 9.08,
            "roe": 0.6,
            "roe_4q": 2.7800000000000002,
            "gross_profit": 10425,
            "gross_margin": 63.22,
            "gross_margin_4q_avg": 62.88,
            "net_income": 4340,
            "net_income_4q": null,
            "revenue": 16491,
            "revenue_4q": null,
            "common_shares": 546492,
            "book_valuer_per_share": 13.25,
            "book_valuer_per_share_4q_avg": 14.04,
            "equity": 724004,
            "current_ratio": 287.29,
            "debt_ratio": 59.43,
            "inventory_turnover_ratio": null,
            "account_receivable_turnover_ratio": 4.72,
            "reinvestment_rate": -1252.65,
            "research_to_sale_ratio": null,
            "price_fair": 11.9,
            "eps_avg_yearly": 0.34,
            "eps_latest_yearly": 0.32,
            "eps_growth_yearly": 76.37
        },
        "20151": {
            "year_quarter": 20151,
            "year": 2015,
            "quarter": 1,
            "eps": 0.1,
            "eps_growth_year": 0,
            "eps_4q": 0.37,
            "eps_4q_growth_year": 6.6,
            "roe": 0.73,
            "roe_4q": 2.84,
            "gross_profit": 11110,
            "gross_margin": 63.88,
            "gross_margin_4q_avg": 63.22,
            "net_income": 5285,
            "net_income_4q": null,
            "revenue": 17391,
            "revenue_4q": null,
            "common_shares": 546492,
            "book_valuer_per_share": 13.35,
            "book_valuer_per_share_4q_avg": 13.53,
            "equity": 729598,
            "current_ratio": 203.53,
            "debt_ratio": 61.11,
            "inventory_turnover_ratio": null,
            "account_receivable_turnover_ratio": 5.26,
            "reinvestment_rate": -1193.98,
            "research_to_sale_ratio": null,
            "price_fair": 11.73,
            "eps_avg_yearly": 0.34,
            "eps_latest_yearly": 0.4,
            "eps_growth_yearly": 47.21
        },
        "20152": {
            "year_quarter": 20152,
            "year": 2015,
            "quarter": 2,
            "eps": 0.1,
            "eps_growth_year": 150,
            "eps_4q": 0.43,
            "eps_4q_growth_year": 76.22,
            "roe": 0.72,
            "roe_4q": 3.28,
            "gross_profit": 11287,
            "gross_margin": 64.12,
            "gross_margin_4q_avg": 63.57,
            "net_income": 5199,
            "net_income_4q": null,
            "revenue": 17602,
            "revenue_4q": null,
            "common_shares": 546492,
            "book_valuer_per_share": 13.04,
            "book_valuer_per_share_4q_avg": 13.19,
            "equity": 712538,
            "current_ratio": 144.66,
            "debt_ratio": 63.61,
            "inventory_turnover_ratio": null,
            "account_receivable_turnover_ratio": 5.64,
            "reinvestment_rate": -1018.01,
            "research_to_sale_ratio": null,
            "price_fair": 11.98,
            "eps_avg_yearly": 0.34,
            "eps_latest_yearly": 0.4,
            "eps_growth_yearly": 41.96
        },
        "20153": {
            "year_quarter": 20153,
            "year": 2015,
            "quarter": 3,
            "eps": 0.19,
            "eps_growth_year": 18.75,
            "eps_4q": 0.46,
            "eps_4q_growth_year": 59.23,
            "roe": 1.44,
            "roe_4q": 3.49,
            "gross_profit": 11307,
            "gross_margin": 63.9,
            "gross_margin_4q_avg": 63.78,
            "net_income": 10401,
            "net_income_4q": null,
            "revenue": 17695,
            "revenue_4q": null,
            "common_shares": 546492,
            "book_valuer_per_share": 13.31,
            "book_valuer_per_share_4q_avg": 13.24,
            "equity": 727236,
            "current_ratio": 108.78,
            "debt_ratio": 62.39,
            "inventory_turnover_ratio": null,
            "account_receivable_turnover_ratio": 5.59,
            "reinvestment_rate": -1146.71,
            "research_to_sale_ratio": null,
            "price_fair": 13.44,
            "eps_avg_yearly": 0.38,
            "eps_latest_yearly": 0.76,
            "eps_growth_yearly": 73.76
        },
        "20154": {
            "year_quarter": 20154,
            "year": 2015,
            "quarter": 4,
            "eps": 0.06,
            "eps_growth_year": -20.65,
            "eps_4q": 0.45,
            "eps_4q_growth_year": 20.07,
            "roe": 0.47,
            "roe_4q": 3.36,
            "gross_profit": 13120,
            "gross_margin": 66.91,
            "gross_margin_4q_avg": 64.7,
            "net_income": 3444,
            "net_income_4q": null,
            "revenue": 19609,
            "revenue_4q": null,
            "common_shares": 546492,
            "book_valuer_per_share": 13.33,
            "book_valuer_per_share_4q_avg": 13.26,
            "equity": 728746,
            "current_ratio": 109.55,
            "debt_ratio": 61.16,
            "inventory_turnover_ratio": null,
            "account_receivable_turnover_ratio": 5.01,
            "reinvestment_rate": -1516.35,
            "research_to_sale_ratio": null,
            "price_fair": 12.98,
            "eps_avg_yearly": 0.37,
            "eps_latest_yearly": 0.24,
            "eps_growth_yearly": 42.18
        },
        "20161": {
            "year_quarter": 20161,
            "year": 2016,
            "quarter": 1,
            "eps": 0.07,
            "eps_growth_year": -30,
            "eps_4q": 0.41,
            "eps_4q_growth_year": 10.74,
            "roe": 0.5,
            "roe_4q": 3.13,
            "gross_profit": 13176,
            "gross_margin": 66.04,
            "gross_margin_4q_avg": 65.24,
            "net_income": 3621,
            "net_income_4q": null,
            "revenue": 19952,
            "revenue_4q": null,
            "common_shares": 546492,
            "book_valuer_per_share": 13.41,
            "book_valuer_per_share_4q_avg": 13.27,
            "equity": 733087,
            "current_ratio": 134.51,
            "debt_ratio": 62.15,
            "inventory_turnover_ratio": null,
            "account_receivable_turnover_ratio": 4.49,
            "reinvestment_rate": -2202.72,
            "research_to_sale_ratio": null,
            "price_fair": 12.72,
            "eps_avg_yearly": 0.36,
            "eps_latest_yearly": 0.28,
            "eps_growth_yearly": 44.22
        },
        "20162": {
            "year_quarter": 20162,
            "year": 2016,
            "quarter": 2,
            "eps": 1.94,
            "eps_growth_year": 1840,
            "eps_4q": 2.26,
            "eps_4q_growth_year": 423.4,
            "roe": 13.76,
            "roe_4q": 16.17,
            "gross_profit": 12387,
            "gross_margin": 67.66,
            "gross_margin_4q_avg": 66.13,
            "net_income": 106204,
            "net_income_4q": null,
            "revenue": 18308,
            "revenue_4q": null,
            "common_shares": 546492,
            "book_valuer_per_share": 14.83,
            "book_valuer_per_share_4q_avg": 13.72,
            "equity": 810409,
            "current_ratio": 199.48,
            "debt_ratio": 57.2,
            "inventory_turnover_ratio": null,
            "account_receivable_turnover_ratio": 4.5,
            "reinvestment_rate": -869.92,
            "research_to_sale_ratio": null,
            "price_fair": 35,
            "eps_avg_yearly": 1,
            "eps_latest_yearly": 7.76,
            "eps_growth_yearly": 966.56
        },
        "20163": {
            "year_quarter": 20163,
            "year": 2016,
            "quarter": 3,
            "eps": 1.15,
            "eps_growth_year": 505.26,
            "eps_4q": 3.83,
            "eps_4q_growth_year": 730.81,
            "roe": 6.96,
            "roe_4q": 21.689999999999998,
            "gross_profit": 12341,
            "gross_margin": 67.64,
            "gross_margin_4q_avg": 67.06,
            "net_income": 54388,
            "net_income_4q": null,
            "revenue": 18245,
            "revenue_4q": null,
            "common_shares": 437194,
            "book_valuer_per_share": 17.22,
            "book_valuer_per_share_4q_avg": 14.7,
            "equity": 752724,
            "current_ratio": 142.77,
            "debt_ratio": 60.81,
            "inventory_turnover_ratio": null,
            "account_receivable_turnover_ratio": 4.95,
            "reinvestment_rate": -662.39,
            "research_to_sale_ratio": null,
            "price_fair": 48.3,
            "eps_avg_yearly": 1.38,
            "eps_latest_yearly": 4.6,
            "eps_growth_yearly": 975.21
        },
        "20164": {
            "year_quarter": 20164,
            "year": 2016,
            "quarter": 4,
            "eps": -0.11,
            "eps_growth_year": -268.88,
            "eps_4q": 3.65,
            "eps_4q_growth_year": 719.8,
            "roe": -0.62,
            "roe_4q": 20.6,
            "gross_profit": 11969,
            "gross_margin": 67.77,
            "gross_margin_4q_avg": 67.28,
            "net_income": -4653,
            "net_income_4q": null,
            "revenue": 17661,
            "revenue_4q": null,
            "common_shares": 437194,
            "book_valuer_per_share": 17.21,
            "book_valuer_per_share_4q_avg": 15.67,
            "equity": 752514,
            "current_ratio": 165.27,
            "debt_ratio": 57.86,
            "inventory_turnover_ratio": null,
            "account_receivable_turnover_ratio": 5.49,
            "reinvestment_rate": -737.37,
            "research_to_sale_ratio": null,
            "price_fair": 48.3,
            "eps_avg_yearly": 1.38,
            "eps_latest_yearly": 4.6,
            "eps_growth_yearly": 975.21
        },
        "20171": {
            "year_quarter": 20171,
            "year": 2017,
            "quarter": 1,
            "eps": 24.47,
            "eps_growth_year": 34857.14,
            "eps_4q": 28.03,
            "eps_4q_growth_year": 6659.31,
            "roe": 83.19,
            "roe_4q": 103.28999999999999,
            "gross_profit": 9924,
            "gross_margin": 83.93,
            "gross_margin_4q_avg": 71.75,
            "net_income": 1069659,
            "net_income_4q": null,
            "revenue": 11824,
            "revenue_4q": null,
            "common_shares": 437194,
            "book_valuer_per_share": 41.61,
            "book_valuer_per_share_4q_avg": 22.72,
            "equity": 1819105,
            "current_ratio": 1290.28,
            "debt_ratio": 18.97,
            "inventory_turnover_ratio": null,
            "account_receivable_turnover_ratio": 7.48,
            "reinvestment_rate": -1.82,
            "research_to_sale_ratio": null,
            "price_fair": 48.3,
            "eps_avg_yearly": 1.38,
            "eps_latest_yearly": 4.6,
            "eps_growth_yearly": 975.21
        },
        "20172": {
            "year_quarter": 20172,
            "year": 2017,
            "quarter": 2,
            "eps": -0.01,
            "eps_growth_year": -100.52,
            "eps_4q": 25.59,
            "eps_4q_growth_year": 1030.97,
            "roe": -0.03,
            "roe_4q": 89.49999999999999,
            "gross_profit": 3516,
            "gross_margin": 67.98,
            "gross_margin_4q_avg": 71.83,
            "net_income": -458,
            "net_income_4q": null,
            "revenue": 5172,
            "revenue_4q": null,
            "common_shares": 437194,
            "book_valuer_per_share": 36.61,
            "book_valuer_per_share_4q_avg": 28.16,
            "equity": 1600608,
            "current_ratio": 412.04,
            "debt_ratio": 17.44,
            "inventory_turnover_ratio": null,
            "account_receivable_turnover_ratio": 15.63,
            "reinvestment_rate": -0.02,
            "research_to_sale_ratio": null,
            "price_fair": 51.16,
            "eps_avg_yearly": 1.46,
            "eps_latest_yearly": 4.6,
            "eps_growth_yearly": 1051.74
        },
        "20173": {
            "year_quarter": 20173,
            "year": 2017,
            "quarter": 3,
            "eps": 0.22,
            "eps_growth_year": -80.87,
            "eps_4q": 123.14,
            "eps_4q_growth_year": 3111.07,
            "roe": 0.31,
            "roe_4q": 82.85,
            "gross_profit": 3455,
            "gross_margin": 67.07,
            "gross_margin_4q_avg": 71.69,
            "net_income": 4413,
            "net_income_4q": null,
            "revenue": 5151,
            "revenue_4q": null,
            "common_shares": 87439,
            "book_valuer_per_share": 143.75,
            "book_valuer_per_share_4q_avg": 59.8,
            "equity": 1247898,
            "current_ratio": 732.97,
            "debt_ratio": 8.47,
            "inventory_turnover_ratio": null,
            "account_receivable_turnover_ratio": 12.41,
            "reinvestment_rate": -0.02,
            "research_to_sale_ratio": null,
            "price_fair": 54.46,
            "eps_avg_yearly": 1.56,
            "eps_latest_yearly": 4.6,
            "eps_growth_yearly": 1153.58
        },
        "20174": {
            "year_quarter": 20174,
            "year": 2017,
            "quarter": 4,
            "eps": -0.43,
            "eps_growth_year": null,
            "eps_4q": 144.65,
            "eps_4q_growth_year": 3863.44,
            "roe": -0.27,
            "roe_4q": 83.2,
            "gross_profit": 2990,
            "gross_margin": 67.04,
            "gross_margin_4q_avg": 71.51,
            "net_income": -3210,
            "net_income_4q": null,
            "revenue": 4460,
            "revenue_4q": null,
            "common_shares": 73999,
            "book_valuer_per_share": 147.15,
            "book_valuer_per_share_4q_avg": 92.28,
            "equity": 1088922,
            "current_ratio": 719.52,
            "debt_ratio": 8.99,
            "inventory_turnover_ratio": null,
            "account_receivable_turnover_ratio": 9.35,
            "reinvestment_rate": -0.02,
            "research_to_sale_ratio": null,
            "price_fair": 54.46,
            "eps_avg_yearly": 1.56,
            "eps_latest_yearly": 4.6,
            "eps_growth_yearly": 1153.58
        },
        "20181": {
            "year_quarter": 20181,
            "year": 2018,
            "quarter": 1,
            "eps": 0.01,
            "eps_growth_year": -99.96,
            "eps_4q": 0.11,
            "eps_4q_growth_year": -99.61,
            "roe": 0.01,
            "roe_4q": 0.01999999999999999,
            "gross_profit": 3056,
            "gross_margin": 72.3,
            "gross_margin_4q_avg": 68.6,
            "net_income": 62,
            "net_income_4q": null,
            "revenue": 4227,
            "revenue_4q": null,
            "common_shares": 73999,
            "book_valuer_per_share": 146.81,
            "book_valuer_per_share_4q_avg": 118.58,
            "equity": 1086373,
            "current_ratio": 1316.34,
            "debt_ratio": 5.62,
            "inventory_turnover_ratio": null,
            "account_receivable_turnover_ratio": 9.25,
            "reinvestment_rate": -0.03,
            "research_to_sale_ratio": null,
            "price_fair": 54.46,
            "eps_avg_yearly": 1.56,
            "eps_latest_yearly": 4.6,
            "eps_growth_yearly": 1153.58
        },
        "20182": {
            "year_quarter": 20182,
            "year": 2018,
            "quarter": 2,
            "eps": 0.04,
            "eps_growth_year": null,
            "eps_4q": 0.06,
            "eps_4q_growth_year": -99.78,
            "roe": 0.3,
            "roe_4q": 0.35,
            "gross_profit": 3256,
            "gross_margin": 66.17,
            "gross_margin_4q_avg": 68.15,
            "net_income": 3100,
            "net_income_4q": null,
            "revenue": 4921,
            "revenue_4q": null,
            "common_shares": 768107,
            "book_valuer_per_share": 12.33,
            "book_valuer_per_share_4q_avg": 112.51,
            "equity": 947245,
            "current_ratio": 303.44,
            "debt_ratio": 18.3,
            "inventory_turnover_ratio": null,
            "account_receivable_turnover_ratio": 11.26,
            "reinvestment_rate": -0.03,
            "research_to_sale_ratio": null,
            "price_fair": 54.46,
            "eps_avg_yearly": 1.56,
            "eps_latest_yearly": 0.16,
            "eps_growth_yearly": 1297.58
        },
        "20183": {
            "year_quarter": 20183,
            "year": 2018,
            "quarter": 3,
            "eps": 0,
            "eps_growth_year": -100,
            "eps_4q": 0,
            "eps_4q_growth_year": -100,
            "roe": 0.02,
            "roe_4q": 0.06,
            "gross_profit": 3281,
            "gross_margin": 66.04,
            "gross_margin_4q_avg": 67.89,
            "net_income": 145,
            "net_income_4q": null,
            "revenue": 4968,
            "revenue_4q": null,
            "common_shares": 768107,
            "book_valuer_per_share": 12.34,
            "book_valuer_per_share_4q_avg": 79.66,
            "equity": 947664,
            "current_ratio": 785.71,
            "debt_ratio": 6.66,
            "inventory_turnover_ratio": null,
            "account_receivable_turnover_ratio": 12.33,
            "reinvestment_rate": -0.03,
            "research_to_sale_ratio": null,
            "price_fair": 58.02,
            "eps_avg_yearly": 1.66,
            "eps_latest_yearly": 0.16,
            "eps_growth_yearly": 1308.42
        },
        "20184": {
            "year_quarter": 20184,
            "year": 2018,
            "quarter": 4,
            "eps": 0.02,
            "eps_growth_year": null,
            "eps_4q": 0.06,
            "eps_4q_growth_year": -99.96,
            "roe": 0.12,
            "roe_4q": 0.44999999999999996,
            "gross_profit": 3323,
            "gross_margin": 66.77,
            "gross_margin_4q_avg": 67.82,
            "net_income": 1113,
            "net_income_4q": null,
            "revenue": 4977,
            "revenue_4q": null,
            "common_shares": 768107,
            "book_valuer_per_share": 11.96,
            "book_valuer_per_share_4q_avg": 45.86,
            "equity": 877155,
            "current_ratio": 891.73,
            "debt_ratio": 5.78,
            "inventory_turnover_ratio": null,
            "account_receivable_turnover_ratio": 14,
            "reinvestment_rate": -0.03,
            "research_to_sale_ratio": null,
            "price_fair": 63.88,
            "eps_avg_yearly": 1.83,
            "eps_latest_yearly": 0.16,
            "eps_growth_yearly": 1496.98
        },
        "20191": {
            "year_quarter": 20191,
            "year": 2019,
            "quarter": 1,
            "eps": 0.01,
            "eps_growth_year": 0,
            "eps_4q": 0.07,
            "eps_4q_growth_year": -37.1,
            "roe": 0.05,
            "roe_4q": 0.49,
            "gross_profit": 3328,
            "gross_margin": 66.77,
            "gross_margin_4q_avg": 66.44,
            "net_income": 398,
            "net_income_4q": null,
            "revenue": 4984,
            "revenue_4q": null,
            "common_shares": 693357,
            "book_valuer_per_share": 11.33,
            "book_valuer_per_share_4q_avg": 11.99,
            "equity": 785860,
            "current_ratio": 807.61,
            "debt_ratio": 5.79,
            "inventory_turnover_ratio": null,
            "account_receivable_turnover_ratio": 16.18,
            "reinvestment_rate": -0.03,
            "research_to_sale_ratio": null,
            "price_fair": 62.3,
            "eps_avg_yearly": 1.78,
            "eps_latest_yearly": 0.04,
            "eps_growth_yearly": 1459.48
        },
        "20192": {
            "year_quarter": 20192,
            "year": 2019,
            "quarter": 2,
            "eps": -0.1,
            "eps_growth_year": -350,
            "eps_4q": -0.07,
            "eps_4q_growth_year": -226.01,
            "roe": -0.85,
            "roe_4q": -0.6599999999999999,
            "gross_profit": 3408,
            "gross_margin": 68.16,
            "gross_margin_4q_avg": 66.94,
            "net_income": -6621,
            "net_income_4q": null,
            "revenue": 5000,
            "revenue_4q": null,
            "common_shares": 693357,
            "book_valuer_per_share": 11.25,
            "book_valuer_per_share_4q_avg": 11.72,
            "equity": 780297,
            "current_ratio": 696.11,
            "debt_ratio": 5.88,
            "inventory_turnover_ratio": null,
            "account_receivable_turnover_ratio": 19.38,
            "reinvestment_rate": -0.04,
            "research_to_sale_ratio": null,
            "price_fair": 69.2,
            "eps_avg_yearly": 1.98,
            "eps_latest_yearly": 0.04,
            "eps_growth_yearly": 1667.97
        },
        "20193": {
            "year_quarter": 20193,
            "year": 2019,
            "quarter": 3,
            "eps": -0.01,
            "eps_growth_year": null,
            "eps_4q": -0.08,
            "eps_4q_growth_year": -6606.73,
            "roe": -0.08,
            "roe_4q": -0.7599999999999999,
            "gross_profit": 3132,
            "gross_margin": 63.53,
            "gross_margin_4q_avg": 66.31,
            "net_income": -588,
            "net_income_4q": null,
            "revenue": 4930,
            "revenue_4q": null,
            "common_shares": 693357,
            "book_valuer_per_share": 11.24,
            "book_valuer_per_share_4q_avg": 11.45,
            "equity": 779555,
            "current_ratio": 675.87,
            "debt_ratio": 5.68,
            "inventory_turnover_ratio": null,
            "account_receivable_turnover_ratio": 25.03,
            "reinvestment_rate": -0.01,
            "research_to_sale_ratio": null,
            "price_fair": 76.3,
            "eps_avg_yearly": 2.18,
            "eps_latest_yearly": 0.04,
            "eps_growth_yearly": 1885.97
        }
    },
    "months": {
        "2001-06": {
            "month": "2001-06",
            "price": "1.94",
            "revenue": 64939
        },
        "2001-07": {
            "month": "2001-07",
            "price": "1.90",
            "revenue": 65029
        },
        "2001-08": {
            "month": "2001-08",
            "price": "1.92",
            "revenue": 61089
        },
        "2001-09": {
            "month": "2001-09",
            "price": "1.89",
            "revenue": 56963
        },
        "2001-10": {
            "month": "2001-10",
            "price": "1.73",
            "revenue": 44893
        },
        "2001-11": {
            "month": "2001-11",
            "price": "1.27",
            "revenue": 45366
        },
        "2001-12": {
            "month": "2001-12",
            "price": "1.32",
            "revenue": 48730
        },
        "2002-01": {
            "month": "2002-01",
            "price": "1.72",
            "revenue": 41560
        },
        "2002-02": {
            "month": "2002-02",
            "price": "1.80",
            "revenue": 41564
        },
        "2002-03": {
            "month": "2002-03",
            "price": "1.48",
            "revenue": 40815
        },
        "2002-04": {
            "month": "2002-04",
            "price": "2.22",
            "revenue": 38777
        },
        "2002-05": {
            "month": "2002-05",
            "price": "1.81",
            "revenue": 40458
        },
        "2002-06": {
            "month": "2002-06",
            "price": "1.66",
            "revenue": 40411
        },
        "2002-07": {
            "month": "2002-07",
            "price": "1.38",
            "revenue": 46536
        },
        "2002-08": {
            "month": "2002-08",
            "price": "1.05",
            "revenue": 41615
        },
        "2002-09": {
            "month": "2002-09",
            "price": "0.83",
            "revenue": 45353
        },
        "2002-10": {
            "month": "2002-10",
            "price": "0.68",
            "revenue": 37185
        },
        "2002-11": {
            "month": "2002-11",
            "price": "0.85",
            "revenue": 37787
        },
        "2002-12": {
            "month": "2002-12",
            "price": "1.01",
            "revenue": 23934
        },
        "2003-01": {
            "month": "2003-01",
            "price": "1.47",
            "revenue": 22164
        },
        "2003-02": {
            "month": "2003-02",
            "price": "1.51",
            "revenue": 26035
        },
        "2003-03": {
            "month": "2003-03",
            "price": "1.22",
            "revenue": 24303
        },
        "2003-04": {
            "month": "2003-04",
            "price": "1.32",
            "revenue": 25420
        },
        "2003-05": {
            "month": "2003-05",
            "price": "1.04",
            "revenue": 23195
        },
        "2003-06": {
            "month": "2003-06",
            "price": "0.85",
            "revenue": 19571
        },
        "2003-07": {
            "month": "2003-07",
            "price": "0.83",
            "revenue": 19393
        },
        "2003-08": {
            "month": "2003-08",
            "price": "0.70",
            "revenue": 14460
        },
        "2003-09": {
            "month": "2003-09",
            "price": "0.57",
            "revenue": 8199
        },
        "2003-10": {
            "month": "2003-10",
            "price": "0.62",
            "revenue": 8163
        },
        "2003-11": {
            "month": "2003-11",
            "price": "0.95",
            "revenue": 9008
        },
        "2003-12": {
            "month": "2003-12",
            "price": "0.86",
            "revenue": 14
        },
        "2004-01": {
            "month": "2004-01",
            "price": "1.13",
            "revenue": 13
        },
        "2004-02": {
            "month": "2004-02",
            "price": "1.16",
            "revenue": 10935
        },
        "2004-03": {
            "month": "2004-03",
            "price": "1.12",
            "revenue": 5255
        },
        "2004-04": {
            "month": "2004-04",
            "price": "1.23",
            "revenue": 18644
        },
        "2004-05": {
            "month": "2004-05",
            "price": "1.21",
            "revenue": 8592
        },
        "2004-06": {
            "month": "2004-06",
            "price": "1.17",
            "revenue": 11248
        },
        "2004-07": {
            "month": "2004-07",
            "price": "1.15",
            "revenue": 8527
        },
        "2004-08": {
            "month": "2004-08",
            "price": "0.99",
            "revenue": 8480
        },
        "2004-09": {
            "month": "2004-09",
            "price": "0.73",
            "revenue": 8440
        },
        "2004-10": {
            "month": "2004-10",
            "price": "1.05",
            "revenue": 8399
        },
        "2004-11": {
            "month": "2004-11",
            "price": "1.05",
            "revenue": 8360
        },
        "2004-12": {
            "month": "2004-12",
            "price": "1.07",
            "revenue": 8320
        },
        "2005-01": {
            "month": "2005-01",
            "price": "0.90",
            "revenue": 3066
        },
        "2005-02": {
            "month": "2005-02",
            "price": "0.92",
            "revenue": 3046
        },
        "2005-03": {
            "month": "2005-03",
            "price": "0.92",
            "revenue": 3025
        },
        "2005-04": {
            "month": "2005-04",
            "price": "1.13",
            "revenue": 3006
        },
        "2005-05": {
            "month": "2005-05",
            "price": "1.15",
            "revenue": 83810
        },
        "2005-06": {
            "month": "2005-06",
            "price": "0.85",
            "revenue": 54
        },
        "2005-07": {
            "month": "2005-07",
            "price": "0.45",
            "revenue": 44
        },
        "2005-08": {
            "month": "2005-08",
            "price": "0.52",
            "revenue": 187
        },
        "2005-09": {
            "month": "2005-09",
            "price": "0.44",
            "revenue": 194
        },
        "2005-10": {
            "month": "2005-10",
            "price": "0.47",
            "revenue": 191
        },
        "2005-11": {
            "month": "2005-11",
            "price": "0.51",
            "revenue": 214
        },
        "2005-12": {
            "month": "2005-12",
            "price": "0.56",
            "revenue": 202
        },
        "2006-01": {
            "month": "2006-01",
            "price": "7.28",
            "revenue": 198
        },
        "2006-02": {
            "month": "2006-02",
            "price": "6.78",
            "revenue": 213
        },
        "2006-03": {
            "month": "2006-03",
            "price": "6.16",
            "revenue": 508
        },
        "2006-04": {
            "month": "2006-04",
            "price": "5.57",
            "revenue": 833
        },
        "2006-05": {
            "month": "2006-05",
            "price": "9.77",
            "revenue": 828
        },
        "2006-06": {
            "month": "2006-06",
            "price": "9.66",
            "revenue": 1118
        },
        "2006-07": {
            "month": "2006-07",
            "price": "8.62",
            "revenue": 1095
        },
        "2006-08": {
            "month": "2006-08",
            "price": "8.00",
            "revenue": 1082
        },
        "2006-09": {
            "month": "2006-09",
            "price": "8.57",
            "revenue": 1104
        },
        "2006-10": {
            "month": "2006-10",
            "price": "8.36",
            "revenue": 1080
        },
        "2006-11": {
            "month": "2006-11",
            "price": "9.32",
            "revenue": 1058
        },
        "2006-12": {
            "month": "2006-12",
            "price": "8.82",
            "revenue": 1116
        },
        "2007-01": {
            "month": "2007-01",
            "price": "8.75",
            "revenue": 1015
        },
        "2007-02": {
            "month": "2007-02",
            "price": "8.20",
            "revenue": 1196
        },
        "2007-03": {
            "month": "2007-03",
            "price": "9.19",
            "revenue": 1256
        },
        "2007-04": {
            "month": "2007-04",
            "price": "9.15",
            "revenue": 1259
        },
        "2007-05": {
            "month": "2007-05",
            "price": "12.33",
            "revenue": 1228
        },
        "2007-06": {
            "month": "2007-06",
            "price": "13.25",
            "revenue": 1310
        },
        "2007-07": {
            "month": "2007-07",
            "price": "14.68",
            "revenue": 1725
        },
        "2007-08": {
            "month": "2007-08",
            "price": "13.81",
            "revenue": 1702
        },
        "2007-09": {
            "month": "2007-09",
            "price": "11.05",
            "revenue": 1169
        },
        "2007-10": {
            "month": "2007-10",
            "price": "11.82",
            "revenue": 1072
        },
        "2007-11": {
            "month": "2007-11",
            "price": "9.83",
            "revenue": 765
        },
        "2007-12": {
            "month": "2007-12",
            "price": "9.05",
            "revenue": 1121
        },
        "2008-01": {
            "month": "2008-01",
            "price": "8.83",
            "revenue": 1176
        },
        "2008-02": {
            "month": "2008-02",
            "price": "8.43",
            "revenue": 1149
        },
        "2008-03": {
            "month": "2008-03",
            "price": "9.90",
            "revenue": 1184
        },
        "2008-04": {
            "month": "2008-04",
            "price": "10.05",
            "revenue": 1190
        },
        "2008-05": {
            "month": "2008-05",
            "price": "14.38",
            "revenue": 1178
        },
        "2008-06": {
            "month": "2008-06",
            "price": "11.47",
            "revenue": 1253
        },
        "2008-07": {
            "month": "2008-07",
            "price": "9.17",
            "revenue": 1172
        },
        "2008-08": {
            "month": "2008-08",
            "price": "8.87",
            "revenue": 1369
        },
        "2008-09": {
            "month": "2008-09",
            "price": "7.85",
            "revenue": 1620
        },
        "2008-10": {
            "month": "2008-10",
            "price": "7.62",
            "revenue": 1516
        },
        "2008-11": {
            "month": "2008-11",
            "price": "6.94",
            "revenue": 1513
        },
        "2008-12": {
            "month": "2008-12",
            "price": "6.78",
            "revenue": 1521
        },
        "2009-01": {
            "month": "2009-01",
            "price": "6.83",
            "revenue": 1389
        },
        "2009-02": {
            "month": "2009-02",
            "price": "6.68",
            "revenue": 1397
        },
        "2009-03": {
            "month": "2009-03",
            "price": "6.96",
            "revenue": 2360
        },
        "2009-04": {
            "month": "2009-04",
            "price": "8.84",
            "revenue": 7426
        },
        "2009-05": {
            "month": "2009-05",
            "price": "9.31",
            "revenue": 7412
        },
        "2009-06": {
            "month": "2009-06",
            "price": "10.44",
            "revenue": 7410
        },
        "2009-07": {
            "month": "2009-07",
            "price": "10.82",
            "revenue": 7410
        },
        "2009-08": {
            "month": "2009-08",
            "price": "10.04",
            "revenue": 7411
        },
        "2009-09": {
            "month": "2009-09",
            "price": "9.18",
            "revenue": 11260
        },
        "2009-10": {
            "month": "2009-10",
            "price": "9.57",
            "revenue": 7769
        },
        "2009-11": {
            "month": "2009-11",
            "price": "10.42",
            "revenue": 7643
        },
        "2009-12": {
            "month": "2009-12",
            "price": "11.07",
            "revenue": 7747
        },
        "2010-01": {
            "month": "2010-01",
            "price": "11.85",
            "revenue": 7631
        },
        "2010-02": {
            "month": "2010-02",
            "price": "11.98",
            "revenue": 7625
        },
        "2010-03": {
            "month": "2010-03",
            "price": "17.23",
            "revenue": 7627
        },
        "2010-04": {
            "month": "2010-04",
            "price": "23.06",
            "revenue": 779
        },
        "2010-05": {
            "month": "2010-05",
            "price": "29.54",
            "revenue": 797
        },
        "2010-06": {
            "month": "2010-06",
            "price": "25.91",
            "revenue": 796
        },
        "2010-07": {
            "month": "2010-07",
            "price": "27.27",
            "revenue": 795
        },
        "2010-08": {
            "month": "2010-08",
            "price": "29.12",
            "revenue": 2559
        },
        "2010-09": {
            "month": "2010-09",
            "price": "25.21",
            "revenue": 3748
        },
        "2010-10": {
            "month": "2010-10",
            "price": "22.33",
            "revenue": 3739
        },
        "2010-11": {
            "month": "2010-11",
            "price": "19.43",
            "revenue": 3732
        },
        "2010-12": {
            "month": "2010-12",
            "price": "22.42",
            "revenue": 3849
        },
        "2011-01": {
            "month": "2011-01",
            "price": "21.56",
            "revenue": 3857
        },
        "2011-02": {
            "month": "2011-02",
            "price": "20.09",
            "revenue": 3846
        },
        "2011-03": {
            "month": "2011-03",
            "price": "20.97",
            "revenue": 3846
        },
        "2011-04": {
            "month": "2011-04",
            "price": "22.03",
            "revenue": 3850
        },
        "2011-05": {
            "month": "2011-05",
            "price": "21.94",
            "revenue": 3847
        },
        "2011-06": {
            "month": "2011-06",
            "price": "21.31",
            "revenue": 3849
        },
        "2011-07": {
            "month": "2011-07",
            "price": "19.23",
            "revenue": 3847
        },
        "2011-08": {
            "month": "2011-08",
            "price": "14.78",
            "revenue": 3530
        },
        "2011-09": {
            "month": "2011-09",
            "price": "13.05",
            "revenue": 3510
        },
        "2011-10": {
            "month": "2011-10",
            "price": "11.87",
            "revenue": 3615
        },
        "2011-11": {
            "month": "2011-11",
            "price": "10.99",
            "revenue": 4490
        },
        "2011-12": {
            "month": "2011-12",
            "price": "9.71",
            "revenue": 4519
        },
        "2012-01": {
            "month": "2012-01",
            "price": "9.97",
            "revenue": 4261
        },
        "2012-02": {
            "month": "2012-02",
            "price": "12.58",
            "revenue": 4199
        },
        "2012-03": {
            "month": "2012-03",
            "price": "12.54",
            "revenue": 4200
        },
        "2012-04": {
            "month": "2012-04",
            "price": "11.36",
            "revenue": 4147
        },
        "2012-05": {
            "month": "2012-05",
            "price": "12.12",
            "revenue": 4147
        },
        "2012-06": {
            "month": "2012-06",
            "price": "11.34",
            "revenue": 4148
        },
        "2012-07": {
            "month": "2012-07",
            "price": "12.28",
            "revenue": 4147
        },
        "2012-08": {
            "month": "2012-08",
            "price": "12.77",
            "revenue": 4127
        },
        "2012-09": {
            "month": "2012-09",
            "price": "14.03",
            "revenue": 4127
        },
        "2012-10": {
            "month": "2012-10",
            "price": "13.40",
            "revenue": 4127
        },
        "2012-11": {
            "month": "2012-11",
            "price": "13.09",
            "revenue": 4161
        },
        "2012-12": {
            "month": "2012-12",
            "price": "13.26",
            "revenue": 4303
        },
        "2013-01": {
            "month": "2013-01",
            "price": "13.75",
            "revenue": 4393
        },
        "2013-02": {
            "month": "2013-02",
            "price": "14.05",
            "revenue": 4392
        },
        "2013-03": {
            "month": "2013-03",
            "price": "14.49",
            "revenue": 4393
        },
        "2013-04": {
            "month": "2013-04",
            "price": "15.64",
            "revenue": 4662
        },
        "2013-05": {
            "month": "2013-05",
            "price": "15.80",
            "revenue": 4452
        },
        "2013-06": {
            "month": "2013-06",
            "price": "15.86",
            "revenue": 4950
        },
        "2013-07": {
            "month": "2013-07",
            "price": "15.43",
            "revenue": 4964
        },
        "2013-08": {
            "month": "2013-08",
            "price": "16.65",
            "revenue": 4964
        },
        "2013-09": {
            "month": "2013-09",
            "price": "17.46",
            "revenue": 4965
        },
        "2013-10": {
            "month": "2013-10",
            "price": "18.22",
            "revenue": 4966
        },
        "2013-11": {
            "month": "2013-11",
            "price": "18.37",
            "revenue": 4996
        },
        "2013-12": {
            "month": "2013-12",
            "price": "17.88",
            "revenue": 5402
        },
        "2014-01": {
            "month": "2014-01",
            "price": "17.91",
            "revenue": 5402
        },
        "2014-02": {
            "month": "2014-02",
            "price": "18.74",
            "revenue": 5402
        },
        "2014-03": {
            "month": "2014-03",
            "price": "20.20",
            "revenue": 5403
        },
        "2014-04": {
            "month": "2014-04",
            "price": "20.46",
            "revenue": 5403
        },
        "2014-05": {
            "month": "2014-05",
            "price": "19.72",
            "revenue": 5402
        },
        "2014-06": {
            "month": "2014-06",
            "price": "19.60",
            "revenue": 5403
        },
        "2014-07": {
            "month": "2014-07",
            "price": "19.17",
            "revenue": 5402
        },
        "2014-08": {
            "month": "2014-08",
            "price": "16.94",
            "revenue": 5468
        },
        "2014-09": {
            "month": "2014-09",
            "price": "17.20",
            "revenue": 5468
        },
        "2014-10": {
            "month": "2014-10",
            "price": "18.50",
            "revenue": 5461
        },
        "2014-11": {
            "month": "2014-11",
            "price": "18.08",
            "revenue": 5496
        },
        "2014-12": {
            "month": "2014-12",
            "price": "17.84",
            "revenue": 5533
        },
        "2015-01": {
            "month": "2015-01",
            "price": "17.80",
            "revenue": 5690
        },
        "2015-02": {
            "month": "2015-02",
            "price": "17.79",
            "revenue": 5849
        },
        "2015-03": {
            "month": "2015-03",
            "price": "17.68",
            "revenue": 5852
        },
        "2015-04": {
            "month": "2015-04",
            "price": "17.24",
            "revenue": 5847
        },
        "2015-05": {
            "month": "2015-05",
            "price": "16.65",
            "revenue": 5842
        },
        "2015-06": {
            "month": "2015-06",
            "price": "16.86",
            "revenue": 5913
        },
        "2015-07": {
            "month": "2015-07",
            "price": "16.30",
            "revenue": 5857
        },
        "2015-08": {
            "month": "2015-08",
            "price": "15.99",
            "revenue": 5814
        },
        "2015-09": {
            "month": "2015-09",
            "price": "15.80",
            "revenue": 6025
        },
        "2015-10": {
            "month": "2015-10",
            "price": "15.55",
            "revenue": 6315
        },
        "2015-11": {
            "month": "2015-11",
            "price": "15.23",
            "revenue": 6640
        },
        "2015-12": {
            "month": "2015-12",
            "price": "15.05",
            "revenue": 6653
        },
        "2016-01": {
            "month": "2016-01",
            "price": "14.89",
            "revenue": 6657
        },
        "2016-02": {
            "month": "2016-02",
            "price": "15.03",
            "revenue": 6653
        },
        "2016-03": {
            "month": "2016-03",
            "price": "17.37",
            "revenue": 6642
        },
        "2016-04": {
            "month": "2016-04",
            "price": "18.69",
            "revenue": 6115
        },
        "2016-05": {
            "month": "2016-05",
            "price": "18.27",
            "revenue": 6098
        },
        "2016-06": {
            "month": "2016-06",
            "price": "17.99",
            "revenue": 6095
        },
        "2016-07": {
            "month": "2016-07",
            "price": "18.10",
            "revenue": 6090
        },
        "2016-08": {
            "month": "2016-08",
            "price": "18.50",
            "revenue": 6078
        },
        "2016-09": {
            "month": "2016-09",
            "price": "18.21",
            "revenue": 6077
        },
        "2016-10": {
            "month": "2016-10",
            "price": "20.01",
            "revenue": 6079
        },
        "2016-11": {
            "month": "2016-11",
            "price": "20.75",
            "revenue": 5540
        },
        "2016-12": {
            "month": "2016-12",
            "price": "23.14",
            "revenue": 6042
        },
        "2017-01": {
            "month": "2017-01",
            "price": "36.85",
            "revenue": 6037
        },
        "2017-02": {
            "month": "2017-02",
            "price": "40.32",
            "revenue": 4055
        },
        "2017-03": {
            "month": "2017-03",
            "price": "40.37",
            "revenue": 1732
        },
        "2017-04": {
            "month": "2017-04",
            "price": "42.79",
            "revenue": 1726
        },
        "2017-05": {
            "month": "2017-05",
            "price": "36.77",
            "revenue": 1722
        },
        "2017-06": {
            "month": "2017-06",
            "price": "38.44",
            "revenue": 1724
        },
        "2017-07": {
            "month": "2017-07",
            "price": "30.52",
            "revenue": 1747
        },
        "2017-08": {
            "month": "2017-08",
            "price": "29.30",
            "revenue": 1724
        },
        "2017-09": {
            "month": "2017-09",
            "price": "97.06",
            "revenue": 1680
        },
        "2017-10": {
            "month": "2017-10",
            "price": "117.95",
            "revenue": 1683
        },
        "2017-11": {
            "month": "2017-11",
            "price": "120.36",
            "revenue": 1389
        },
        "2017-12": {
            "month": "2017-12",
            "price": "129.05",
            "revenue": 1388
        },
        "2018-01": {
            "month": "2018-01",
            "price": "139.73",
            "revenue": 1403
        },
        "2018-02": {
            "month": "2018-02",
            "price": "143.69",
            "revenue": 1401
        },
        "2018-03": {
            "month": "2018-03",
            "price": "191.98",
            "revenue": 1422
        },
        "2018-04": {
            "month": "2018-04",
            "price": "220.86",
            "revenue": 1634
        },
        "2018-05": {
            "month": "2018-05",
            "price": "215.86",
            "revenue": 1642
        },
        "2018-06": {
            "month": "2018-06",
            "price": "55.93",
            "revenue": 1645
        },
        "2018-07": {
            "month": "2018-07",
            "price": "27.05",
            "revenue": 1654
        },
        "2018-08": {
            "month": "2018-08",
            "price": "19.34",
            "revenue": 1656
        },
        "2018-09": {
            "month": "2018-09",
            "price": "18.16",
            "revenue": 1658
        },
        "2018-10": {
            "month": "2018-10",
            "price": "16.82",
            "revenue": 1660
        },
        "2018-11": {
            "month": "2018-11",
            "price": "17.28",
            "revenue": 1658
        },
        "2018-12": {
            "month": "2018-12",
            "price": "21.75",
            "revenue": 1659
        },
        "2019-01": {
            "month": "2019-01",
            "price": "21.66",
            "revenue": 1661
        },
        "2019-02": {
            "month": "2019-02",
            "price": "21.35",
            "revenue": 1662
        },
        "2019-03": {
            "month": "2019-03",
            "price": "20.54",
            "revenue": 1661
        },
        "2019-04": {
            "month": "2019-04",
            "price": "20.01",
            "revenue": 1662
        },
        "2019-05": {
            "month": "2019-05",
            "price": "17.32",
            "revenue": 1668
        },
        "2019-06": {
            "month": "2019-06",
            "price": "15.73",
            "revenue": 1670
        },
        "2019-07": {
            "month": "2019-07",
            "price": "15.43",
            "revenue": 1666
        },
        "2019-08": {
            "month": "2019-08",
            "price": "15.15",
            "revenue": 1671
        },
        "2019-09": {
            "month": "2019-09",
            "price": "14.94",
            "revenue": 1593
        },
        "2019-10": {
            "month": "2019-10",
            "price": "13.74",
            "revenue": 1659
        },
        "2019-11": {
            "month": "2019-11",
            "price": "13.22",
            "revenue": 1654
        },
        "2019-12": {
            "month": "2019-12",
            "price": "13.26",
            "revenue": 1387
        }
    }
}
