{
    "summary": {
        "stock_name": "光隆",
        "stock_id": "8916",
        "category": "其他",
        "main_business": "成衣<br>羽絨<br>寢具",
        "website_url": "http://www.klf-group.com/",
        "ceo": "詹賀博",
        "pe_ratio": 9,
        "report_year_from": 2001,
        "report_year_to": 2023,
        "age": 22,
        "eps_negative_percentage": 9,
        "eps_growth_avg": {
            "last_all": 0.25,
            "last_2y": 31.71,
            "last_4y": 17.19,
            "last_8y": -3.5,
            "last_12y": 8.89,
            "last_16y": 12.07,
            "last_20y": 0.25,
            "at_2006_last_3y": -31.67,
            "at_2007_last_3y": -60.02,
            "at_2008_last_3y": -32.69,
            "at_2009_last_3y": 24.79,
            "at_2010_last_3y": 28.59,
            "at_2011_last_3y": 19.02,
            "at_2012_last_3y": 32.98,
            "at_2013_last_3y": 33.69,
            "at_2014_last_3y": 23.81,
            "at_2015_last_3y": 29.83,
            "at_2016_last_3y": 19.6,
            "at_2017_last_3y": -24.2,
            "at_2018_last_3y": -32.43,
            "at_2019_last_3y": -41.47,
            "at_2020_last_3y": -57.19,
            "at_2021_last_3y": -5,
            "at_2022_last_3y": 17.19,
            "at_2023_last_3y": 17.19,
            "at_2006_last_all": -44.06,
            "at_2007_last_all": -32.26,
            "at_2008_last_all": -29.05,
            "at_2009_last_all": -14.56,
            "at_2010_last_all": -7.74,
            "at_2011_last_all": -9.47,
            "at_2012_last_all": -4.24,
            "at_2013_last_all": 2.99,
            "at_2014_last_all": 2.78,
            "at_2015_last_all": 2.62,
            "at_2016_last_all": 2.57,
            "at_2017_last_all": -4.26,
            "at_2018_last_all": -4.26,
            "at_2019_last_all": -5.65,
            "at_2020_last_all": -7.97,
            "at_2021_last_all": -4.39,
            "at_2022_last_all": 0.25,
            "at_2023_last_all": 0.25
        },
        "latest_eps": 6.1,
        "latest_price": 52.4,
        "latest_roe": 16.78,
        "latest_gross_margin": 16.95,
        "latest_equity": 5141909,
        "latest_revenue": 1746053,
        "latest_gross_profit": 296021,
        "latest_net_income": 95145,
        "latest_debt_ratio": 41.25,
        "latest_current_ratio": 172.31,
        "latest_account_receivable_turnover_ratio": 1.81,
        "latest_inventory_turnover_ratio": 0.64,
        "latest_reinvestment_rate": 16.37,
        "latest_research_to_sale_ratio": 0.72
    },
    "eps_dividends": {
        "1996": {
            "cash": 1,
            "stock": 2,
            "eps": 0
        },
        "1997": {
            "cash": 1,
            "stock": 2,
            "eps": 0
        },
        "1999": {
            "cash": 1,
            "stock": 2,
            "eps": 0
        },
        "2000": {
            "cash": 1,
            "stock": 1,
            "eps": 0
        },
        "2001": {
            "cash": 1,
            "stock": 0,
            "eps": 2.08
        },
        "2002": {
            "cash": 1,
            "stock": 0,
            "eps": 0.39
        },
        "2003": {
            "cash": 0,
            "stock": 0,
            "eps": 0.8
        },
        "2004": {
            "cash": 1,
            "stock": 0,
            "eps": 0.04
        },
        "2005": {
            "cash": 0,
            "stock": 0,
            "eps": -0.86
        },
        "2006": {
            "cash": 0,
            "stock": 0,
            "eps": 0.87
        },
        "2007": {
            "cash": 0,
            "stock": 0,
            "eps": 1
        },
        "2008": {
            "cash": 1,
            "stock": 0,
            "eps": 0.87
        },
        "2009": {
            "cash": 1,
            "stock": 0,
            "eps": 1.5
        },
        "2010": {
            "cash": 1,
            "stock": 0,
            "eps": 2.1
        },
        "2011": {
            "cash": 1,
            "stock": 0,
            "eps": 1.61
        },
        "2012": {
            "cash": 1,
            "stock": 0,
            "eps": 2.3
        },
        "2013": {
            "cash": 1,
            "stock": 0,
            "eps": 4.03
        },
        "2014": {
            "cash": 3,
            "stock": 0,
            "eps": 4.05
        },
        "2015": {
            "cash": 3,
            "stock": 0,
            "eps": 4.08
        },
        "2016": {
            "cash": 3,
            "stock": 0,
            "eps": 4.16
        },
        "2017": {
            "cash": 4,
            "stock": 0,
            "eps": -1.12
        },
        "2018": {
            "cash": 3,
            "stock": 0,
            "eps": 5.65
        },
        "2019": {
            "cash": 4,
            "stock": 0,
            "eps": 4.16
        },
        "2020": {
            "cash": 3,
            "stock": 0,
            "eps": 2.28
        },
        "2021": {
            "cash": 3,
            "stock": 0,
            "eps": 3.57
        },
        "2022": {
            "cash": 3,
            "stock": 0,
            "eps": 6.56
        },
        "2023": {
            "cash": 4,
            "stock": 0,
            "eps": 0.53
        }
    },
    "dividends": {
        "1996-06-22": {
            "cash": 1,
            "stock": 2
        },
        "1997-06-15": {
            "cash": 1,
            "stock": 2
        },
        "1999-06-16": {
            "cash": 1,
            "stock": 1.5
        },
        "2000-04-15": {
            "cash": 0.7,
            "stock": 0.5
        },
        "2001-05-17": {
            "cash": 0.5,
            "stock": 0
        },
        "2002-05-17": {
            "cash": 1.2,
            "stock": 0
        },
        "2003-06-27": {
            "cash": 0.4,
            "stock": 0
        },
        "2004-03-22": {
            "cash": 0.5,
            "stock": 0
        },
        "2005-04-01": {
            "cash": 0.2,
            "stock": 0
        },
        "2007-03-20": {
            "cash": 0.4,
            "stock": 0
        },
        "2008-03-07": {
            "cash": 0.5,
            "stock": 0
        },
        "2009-03-25": {
            "cash": 0.51,
            "stock": 0
        },
        "2010-03-23": {
            "cash": 0.64,
            "stock": 0
        },
        "2011-03-24": {
            "cash": 1.1,
            "stock": 0
        },
        "2012-06-28": {
            "cash": 1,
            "stock": 0
        },
        "2013-06-20": {
            "cash": 1.3,
            "stock": 0
        },
        "2014-10-28": {
            "cash": 3,
            "stock": 0
        },
        "2015-09-15": {
            "cash": 3,
            "stock": 0
        },
        "2016-08-12": {
            "cash": 3,
            "stock": 0
        },
        "2017-09-15": {
            "cash": 3.6,
            "stock": 0
        },
        "2018-09-14": {
            "cash": 3,
            "stock": 0
        },
        "2019-08-02": {
            "cash": 3.5,
            "stock": 0
        },
        "2020-09-24": {
            "cash": 3,
            "stock": 0
        },
        "2021-09-01": {
            "cash": 3,
            "stock": 0
        },
        "2022-08-19": {
            "cash": 3,
            "stock": 0
        },
        "2023-03-14": {
            "cash": 4,
            "stock": 0
        }
    },
    "prices": {
        "200101": "14.26",
        "200102": "14.50",
        "200103": "14.64",
        "200104": "15.76",
        "200105": "15.17",
        "200106": "15.55",
        "200107": "15.21",
        "200108": "14.69",
        "200109": "14.51",
        "200110": "14.63",
        "200111": "14.99",
        "200112": "16.93",
        "200201": "16.67",
        "200202": "17.11",
        "200203": "16.94",
        "200204": "18.67",
        "200205": "23.34",
        "200206": "25.30",
        "200207": "16.87",
        "200208": "16.41",
        "200209": "15.33",
        "200210": "15.83",
        "200211": "15.39",
        "200212": "14.78",
        "200301": "15.09",
        "200302": "14.86",
        "200303": "14.30",
        "200304": "12.81",
        "200305": "11.11",
        "200306": "11.24",
        "200307": "11.10",
        "200308": "10.59",
        "200309": "10.00",
        "200310": "10.15",
        "200311": "11.99",
        "200312": "11.22",
        "200401": "11.39",
        "200402": "12.54",
        "200403": "12.13",
        "200404": "11.38",
        "200405": "9.80",
        "200406": "9.51",
        "200407": "9.61",
        "200408": "9.27",
        "200409": "9.14",
        "200410": "8.98",
        "200411": "8.90",
        "200412": "8.43",
        "200501": "8.43",
        "200502": "8.28",
        "200503": "7.85",
        "200504": "7.25",
        "200505": "6.94",
        "200506": "7.26",
        "200507": "8.05",
        "200508": "8.03",
        "200509": "7.37",
        "200510": "7.29",
        "200511": "7.89",
        "200512": "8.26",
        "200601": "8.11",
        "200602": "8.45",
        "200603": "8.14",
        "200604": "8.61",
        "200605": "7.94",
        "200606": "7.97",
        "200607": "7.77",
        "200608": "7.66",
        "200609": "7.37",
        "200610": "7.48",
        "200611": "8.22",
        "200612": "9.75",
        "200701": "8.73",
        "200702": "8.90",
        "200703": "10.05",
        "200704": "12.68",
        "200705": "11.05",
        "200706": "11.46",
        "200707": "13.29",
        "200708": "11.92",
        "200709": "10.56",
        "200710": "10.78",
        "200711": "11.35",
        "200712": "11.37",
        "200801": "10.92",
        "200802": "11.32",
        "200803": "11.74",
        "200804": "11.65",
        "200805": "11.45",
        "200806": "10.71",
        "200807": "9.08",
        "200808": "8.76",
        "200809": "8.99",
        "200810": "8.94",
        "200811": "9.30",
        "200812": "9.45",
        "200901": "9.59",
        "200902": "9.35",
        "200903": "9.79",
        "200904": "10.70",
        "200905": "10.05",
        "200906": "9.92",
        "200907": "11.56",
        "200908": "11.60",
        "200909": "12.10",
        "200910": "13.26",
        "200911": "14.76",
        "200912": "14.73",
        "201001": "16.48",
        "201002": "14.92",
        "201003": "15.59",
        "201004": "15.84",
        "201005": "14.34",
        "201006": "13.95",
        "201007": "14.75",
        "201008": "18.38",
        "201009": "24.77",
        "201010": "28.25",
        "201011": "26.01",
        "201012": "27.30",
        "201101": "26.14",
        "201102": "23.10",
        "201103": "20.42",
        "201104": "20.72",
        "201105": "19.91",
        "201106": "20.11",
        "201107": "21.99",
        "201108": "22.29",
        "201109": "19.83",
        "201110": "21.59",
        "201111": "20.74",
        "201112": "19.35",
        "201201": "18.27",
        "201202": "19.64",
        "201203": "20.32",
        "201204": "19.30",
        "201205": "18.53",
        "201206": "17.60",
        "201207": "18.26",
        "201208": "19.05",
        "201209": "21.07",
        "201210": "21.97",
        "201211": "20.04",
        "201212": "21.02",
        "201301": "20.79",
        "201302": "20.31",
        "201303": "20.92",
        "201304": "21.48",
        "201305": "21.40",
        "201306": "20.88",
        "201307": "26.76",
        "201308": "35.18",
        "201309": "38.95",
        "201310": "44.83",
        "201311": "48.75",
        "201312": "46.85",
        "201401": "42.81",
        "201402": "45.77",
        "201403": "48.15",
        "201404": "52.64",
        "201405": "49.13",
        "201406": "49.50",
        "201407": "54.17",
        "201408": "47.75",
        "201409": "45.52",
        "201410": "39.89",
        "201411": "40.19",
        "201412": "41.88",
        "201501": "39.83",
        "201502": "39.37",
        "201503": "41.08",
        "201504": "40.98",
        "201505": "39.72",
        "201506": "38.29",
        "201507": "37.41",
        "201508": "31.66",
        "201509": "38.92",
        "201510": "48.97",
        "201511": "52.01",
        "201512": "61.77",
        "201601": "54.59",
        "201602": "55.32",
        "201603": "51.73",
        "201604": "53.26",
        "201605": "46.35",
        "201606": "44.81",
        "201607": "48.36",
        "201608": "49.08",
        "201609": "49.30",
        "201610": "47.40",
        "201611": "46.22",
        "201612": "47.29",
        "201701": "45.92",
        "201702": "46.32",
        "201703": "50.35",
        "201704": "45.46",
        "201705": "44.60",
        "201706": "44.63",
        "201707": "45.00",
        "201708": "46.34",
        "201709": "45.31",
        "201710": "43.79",
        "201711": "43.42",
        "201712": "43.98",
        "201801": "47.56",
        "201802": "47.47",
        "201803": "49.28",
        "201804": "48.26",
        "201805": "48.43",
        "201806": "50.29",
        "201807": "50.27",
        "201808": "50.75",
        "201809": "47.86",
        "201810": "43.00",
        "201811": "43.10",
        "201812": "44.69",
        "201901": "44.87",
        "201902": "46.05",
        "201903": "47.53",
        "201904": "48.08",
        "201905": "47.53",
        "201906": "47.98",
        "201907": "47.14",
        "201908": "44.91",
        "201909": "46.53",
        "201910": "44.75",
        "201911": "45.39",
        "201912": "45.31",
        "202001": "45.13",
        "202002": "43.84",
        "202003": "40.26",
        "202004": "39.81",
        "202005": "41.11",
        "202006": "42.79",
        "202007": "43.64",
        "202008": "43.54",
        "202009": "40.93",
        "202010": "40.28",
        "202011": "39.95",
        "202012": "39.21",
        "202101": "39.14",
        "202102": "38.90",
        "202103": "41.09",
        "202104": "42.60",
        "202105": "43.07",
        "202106": "43.50",
        "202107": "43.87",
        "202108": "42.03",
        "202109": "40.50",
        "202110": "41.06",
        "202111": "41.41",
        "202112": "40.52",
        "202201": "40.82",
        "202202": "41.71",
        "202203": "42.43",
        "202204": "43.13",
        "202205": "43.26",
        "202206": "43.80",
        "202207": "43.51",
        "202208": "47.04",
        "202209": "56.57",
        "202210": "55.42",
        "202211": "58.34",
        "202212": "55.45",
        "202301": "51.92",
        "202302": "52.86",
        "202303": "55.33",
        "202304": "54.06",
        "202305": "52.82"
    },
    "quarters": {
        "20011": {
            "year_quarter": 20011,
            "year": 2001,
            "quarter": 1,
            "eps": 0.7,
            "eps_growth_year": 6900,
            "eps_4q": 0.81,
            "eps_4q_growth_year": 11.09,
            "roe": 3.8,
            "roe_4q": 3.8,
            "gross_profit": 64520,
            "gross_margin": 6.95,
            "gross_margin_4q_avg": 6.95,
            "net_income": 57984,
            "revenue": 928760,
            "common_shares": 825930,
            "book_valuer_per_share": 18.78,
            "book_valuer_per_share_4q_avg": 18.78,
            "equity": 1551453,
            "current_ratio": 171.83,
            "debt_ratio": 48.67,
            "inventory_turnover_ratio": 0.98,
            "account_receivable_turnover_ratio": null,
            "reinvestment_rate": null,
            "research_to_sale_ratio": null,
            "price_fair": 0,
            "eps_avg_yearly": 0,
            "eps_latest_yearly": 0,
            "eps_growth_yearly": 0
        },
        "20012": {
            "year_quarter": 20012,
            "year": 2001,
            "quarter": 2,
            "eps": 0.28,
            "eps_growth_year": -49.09,
            "eps_4q": 0.55,
            "eps_4q_growth_year": -48.85,
            "roe": 1.49,
            "roe_4q": 5.29,
            "gross_profit": 133210,
            "gross_margin": 11.85,
            "gross_margin_4q_avg": 9.4,
            "net_income": 23128,
            "revenue": 1124554,
            "common_shares": 825930,
            "book_valuer_per_share": 18.8,
            "book_valuer_per_share_4q_avg": 18.79,
            "equity": 1552446,
            "current_ratio": 161.98,
            "debt_ratio": 51.76,
            "inventory_turnover_ratio": 1.38,
            "account_receivable_turnover_ratio": null,
            "reinvestment_rate": null,
            "research_to_sale_ratio": null,
            "price_fair": 0,
            "eps_avg_yearly": 0,
            "eps_latest_yearly": 0,
            "eps_growth_yearly": 0
        },
        "20013": {
            "year_quarter": 20013,
            "year": 2001,
            "quarter": 3,
            "eps": 0.98,
            "eps_growth_year": 133.33,
            "eps_4q": 1.1,
            "eps_4q_growth_year": -23.87,
            "roe": 5.09,
            "roe_4q": 10.379999999999999,
            "gross_profit": 243150,
            "gross_margin": 18.59,
            "gross_margin_4q_avg": 12.46,
            "net_income": 81260,
            "revenue": 1308060,
            "common_shares": 825930,
            "book_valuer_per_share": 19.85,
            "book_valuer_per_share_4q_avg": 19.14,
            "equity": 1639854,
            "current_ratio": 174.84,
            "debt_ratio": 49.37,
            "inventory_turnover_ratio": 1.51,
            "account_receivable_turnover_ratio": null,
            "reinvestment_rate": null,
            "research_to_sale_ratio": null,
            "price_fair": 0,
            "eps_avg_yearly": 0,
            "eps_latest_yearly": 0,
            "eps_growth_yearly": 0
        },
        "20014": {
            "year_quarter": 20014,
            "year": 2001,
            "quarter": 4,
            "eps": 0.12,
            "eps_growth_year": null,
            "eps_4q": 2.02,
            "eps_4q_growth_year": 1315.95,
            "roe": 0.62,
            "roe_4q": 11,
            "gross_profit": 37856,
            "gross_margin": 4.97,
            "gross_margin_4q_avg": 10.59,
            "net_income": 10238,
            "revenue": 761917,
            "common_shares": 825930,
            "book_valuer_per_share": 20.05,
            "book_valuer_per_share_4q_avg": 19.37,
            "equity": 1679298,
            "current_ratio": 154.41,
            "debt_ratio": 57.39,
            "inventory_turnover_ratio": 0.87,
            "account_receivable_turnover_ratio": null,
            "reinvestment_rate": null,
            "research_to_sale_ratio": null,
            "price_fair": 0,
            "eps_avg_yearly": 0,
            "eps_latest_yearly": 0,
            "eps_growth_yearly": 0
        },
        "20021": {
            "year_quarter": 20021,
            "year": 2002,
            "quarter": 1,
            "eps": 0.95,
            "eps_growth_year": 35.71,
            "eps_4q": 2.34,
            "eps_4q_growth_year": 187.83,
            "roe": 4.61,
            "roe_4q": 11.81,
            "gross_profit": 73012,
            "gross_margin": 7.75,
            "gross_margin_4q_avg": 10.79,
            "net_income": 78619,
            "revenue": 942471,
            "common_shares": 825930,
            "book_valuer_per_share": 21,
            "book_valuer_per_share_4q_avg": 19.93,
            "equity": 1734227,
            "current_ratio": 190.4,
            "debt_ratio": 50.35,
            "inventory_turnover_ratio": 1.04,
            "account_receivable_turnover_ratio": null,
            "reinvestment_rate": null,
            "research_to_sale_ratio": null,
            "price_fair": 133,
            "eps_avg_yearly": 3.8,
            "eps_latest_yearly": 3.8,
            "eps_growth_yearly": 2766.67
        },
        "20022": {
            "year_quarter": 20022,
            "year": 2002,
            "quarter": 2,
            "eps": -0.92,
            "eps_growth_year": -428.57,
            "eps_4q": 1.14,
            "eps_4q_growth_year": 108.48,
            "roe": -4.64,
            "roe_4q": 5.680000000000001,
            "gross_profit": 122132,
            "gross_margin": 10.92,
            "gross_margin_4q_avg": 10.56,
            "net_income": -75657,
            "revenue": 1117975,
            "common_shares": 825930,
            "book_valuer_per_share": 18.52,
            "book_valuer_per_share_4q_avg": 19.86,
            "equity": 1529641,
            "current_ratio": 172.6,
            "debt_ratio": 56.01,
            "inventory_turnover_ratio": 1.64,
            "account_receivable_turnover_ratio": null,
            "reinvestment_rate": null,
            "research_to_sale_ratio": null,
            "price_fair": 133,
            "eps_avg_yearly": 3.8,
            "eps_latest_yearly": 3.8,
            "eps_growth_yearly": 2766.67
        },
        "20023": {
            "year_quarter": 20023,
            "year": 2002,
            "quarter": 3,
            "eps": 0.46,
            "eps_growth_year": -53.06,
            "eps_4q": 0.62,
            "eps_4q_growth_year": -43.7,
            "roe": 2.42,
            "roe_4q": 3.0100000000000007,
            "gross_profit": 158521,
            "gross_margin": 13.14,
            "gross_margin_4q_avg": 9.2,
            "net_income": 37654,
            "revenue": 1206812,
            "common_shares": 825930,
            "book_valuer_per_share": 19.12,
            "book_valuer_per_share_4q_avg": 19.67,
            "equity": 1579310,
            "current_ratio": 169.15,
            "debt_ratio": 55.12,
            "inventory_turnover_ratio": 1.93,
            "account_receivable_turnover_ratio": null,
            "reinvestment_rate": null,
            "research_to_sale_ratio": null,
            "price_fair": 133,
            "eps_avg_yearly": 3.8,
            "eps_latest_yearly": 3.8,
            "eps_growth_yearly": 2766.67
        },
        "20024": {
            "year_quarter": 20024,
            "year": 2002,
            "quarter": 4,
            "eps": -0.1,
            "eps_growth_year": -183.33,
            "eps_4q": 0.39,
            "eps_4q_growth_year": -80.91,
            "roe": -0.5,
            "roe_4q": 1.8900000000000006,
            "gross_profit": 99522,
            "gross_margin": 10.74,
            "gross_margin_4q_avg": 10.64,
            "net_income": -7990,
            "revenue": 926864,
            "common_shares": 825930,
            "book_valuer_per_share": 18.95,
            "book_valuer_per_share_4q_avg": 19.4,
            "equity": 1589286,
            "current_ratio": 144.45,
            "debt_ratio": 63.29,
            "inventory_turnover_ratio": 1.03,
            "account_receivable_turnover_ratio": null,
            "reinvestment_rate": -53.79,
            "research_to_sale_ratio": null,
            "price_fair": 133,
            "eps_avg_yearly": 3.8,
            "eps_latest_yearly": 3.8,
            "eps_growth_yearly": 2766.67
        },
        "20031": {
            "year_quarter": 20031,
            "year": 2003,
            "quarter": 1,
            "eps": 0,
            "eps_growth_year": -100,
            "eps_4q": -0.55,
            "eps_4q_growth_year": -123.74,
            "roe": 0.01,
            "roe_4q": -2.71,
            "gross_profit": 65752,
            "gross_margin": 8.51,
            "gross_margin_4q_avg": 10.83,
            "net_income": 214,
            "revenue": 772594,
            "common_shares": 825930,
            "book_valuer_per_share": 18.96,
            "book_valuer_per_share_4q_avg": 18.89,
            "equity": 1566000,
            "current_ratio": 164.56,
            "debt_ratio": 52.84,
            "inventory_turnover_ratio": 0.78,
            "account_receivable_turnover_ratio": null,
            "reinvestment_rate": -31.56,
            "research_to_sale_ratio": null,
            "price_fair": 133,
            "eps_avg_yearly": 3.8,
            "eps_latest_yearly": 3.8,
            "eps_growth_yearly": 2766.67
        },
        "20032": {
            "year_quarter": 20032,
            "year": 2003,
            "quarter": 2,
            "eps": 0.21,
            "eps_growth_year": null,
            "eps_4q": 0.57,
            "eps_4q_growth_year": -50.53,
            "roe": 1.13,
            "roe_4q": 3.0599999999999996,
            "gross_profit": 117142,
            "gross_margin": 12.76,
            "gross_margin_4q_avg": 11.29,
            "net_income": 17634,
            "revenue": 918257,
            "common_shares": 825930,
            "book_valuer_per_share": 18.72,
            "book_valuer_per_share_4q_avg": 18.94,
            "equity": 1546280,
            "current_ratio": 147.32,
            "debt_ratio": 57.14,
            "inventory_turnover_ratio": 0.91,
            "account_receivable_turnover_ratio": null,
            "reinvestment_rate": -35.19,
            "research_to_sale_ratio": null,
            "price_fair": 133,
            "eps_avg_yearly": 3.8,
            "eps_latest_yearly": 3.8,
            "eps_growth_yearly": 2766.67
        },
        "20033": {
            "year_quarter": 20033,
            "year": 2003,
            "quarter": 3,
            "eps": 0.64,
            "eps_growth_year": 39.13,
            "eps_4q": 0.76,
            "eps_4q_growth_year": 22.25,
            "roe": 3.36,
            "roe_4q": 4,
            "gross_profit": 161550,
            "gross_margin": 12.5,
            "gross_margin_4q_avg": 11.13,
            "net_income": 52800,
            "revenue": 1292458,
            "common_shares": 825930,
            "book_valuer_per_share": 19.31,
            "book_valuer_per_share_4q_avg": 18.99,
            "equity": 1595109,
            "current_ratio": 148.66,
            "debt_ratio": 57.3,
            "inventory_turnover_ratio": 1.21,
            "account_receivable_turnover_ratio": null,
            "reinvestment_rate": -29.16,
            "research_to_sale_ratio": null,
            "price_fair": 111.3,
            "eps_avg_yearly": 3.18,
            "eps_latest_yearly": 2.56,
            "eps_growth_yearly": 1792.86
        },
        "20034": {
            "year_quarter": 20034,
            "year": 2003,
            "quarter": 4,
            "eps": -0.05,
            "eps_growth_year": null,
            "eps_4q": 0.77,
            "eps_4q_growth_year": 100.4,
            "roe": -0.26,
            "roe_4q": 4.239999999999999,
            "gross_profit": 77567,
            "gross_margin": 7.67,
            "gross_margin_4q_avg": 10.36,
            "net_income": -4170,
            "revenue": 1011322,
            "common_shares": 825930,
            "book_valuer_per_share": 19.3,
            "book_valuer_per_share_4q_avg": 19.07,
            "equity": 1619661,
            "current_ratio": 152.88,
            "debt_ratio": 60.7,
            "inventory_turnover_ratio": 0.92,
            "account_receivable_turnover_ratio": null,
            "reinvestment_rate": -52.56,
            "research_to_sale_ratio": null,
            "price_fair": 111.3,
            "eps_avg_yearly": 3.18,
            "eps_latest_yearly": 2.56,
            "eps_growth_yearly": 1792.86
        },
        "20041": {
            "year_quarter": 20041,
            "year": 2004,
            "quarter": 1,
            "eps": -0.3,
            "eps_growth_year": null,
            "eps_4q": 0.51,
            "eps_4q_growth_year": null,
            "roe": -1.55,
            "roe_4q": 2.6799999999999997,
            "gross_profit": 39027,
            "gross_margin": 4.88,
            "gross_margin_4q_avg": 9.45,
            "net_income": -24517,
            "revenue": 799948,
            "common_shares": 825930,
            "book_valuer_per_share": 18.8,
            "book_valuer_per_share_4q_avg": 19.03,
            "equity": 1552923,
            "current_ratio": 159.03,
            "debt_ratio": 52.6,
            "inventory_turnover_ratio": 0.78,
            "account_receivable_turnover_ratio": null,
            "reinvestment_rate": -36.72,
            "research_to_sale_ratio": null,
            "price_fair": 111.3,
            "eps_avg_yearly": 3.18,
            "eps_latest_yearly": 2.56,
            "eps_growth_yearly": 1792.86
        },
        "20042": {
            "year_quarter": 20042,
            "year": 2004,
            "quarter": 2,
            "eps": -0.08,
            "eps_growth_year": -138.1,
            "eps_4q": 0.21,
            "eps_4q_growth_year": -63.34,
            "roe": -0.46,
            "roe_4q": 1.0899999999999994,
            "gross_profit": 81595,
            "gross_margin": 8.57,
            "gross_margin_4q_avg": 8.41,
            "net_income": -6979,
            "revenue": 951930,
            "common_shares": 825930,
            "book_valuer_per_share": 18.3,
            "book_valuer_per_share_4q_avg": 18.93,
            "equity": 1511363,
            "current_ratio": 124.21,
            "debt_ratio": 57.77,
            "inventory_turnover_ratio": 0.93,
            "account_receivable_turnover_ratio": null,
            "reinvestment_rate": -52.86,
            "research_to_sale_ratio": null,
            "price_fair": 111.3,
            "eps_avg_yearly": 3.18,
            "eps_latest_yearly": 2.56,
            "eps_growth_yearly": 1792.86
        },
        "20043": {
            "year_quarter": 20043,
            "year": 2004,
            "quarter": 3,
            "eps": 0.41,
            "eps_growth_year": -35.94,
            "eps_4q": -0.02,
            "eps_4q_growth_year": -102.55,
            "roe": 2.23,
            "roe_4q": -0.040000000000000036,
            "gross_profit": 157631,
            "gross_margin": 11.26,
            "gross_margin_4q_avg": 8.1,
            "net_income": 34056,
            "revenue": 1400289,
            "common_shares": 825930,
            "book_valuer_per_share": 18.73,
            "book_valuer_per_share_4q_avg": 18.78,
            "equity": 1546824,
            "current_ratio": 116.04,
            "debt_ratio": 58.79,
            "inventory_turnover_ratio": 1.3,
            "account_receivable_turnover_ratio": null,
            "reinvestment_rate": -51.17,
            "research_to_sale_ratio": null,
            "price_fair": 111.3,
            "eps_avg_yearly": 3.18,
            "eps_latest_yearly": 2.56,
            "eps_growth_yearly": 1792.86
        },
        "20044": {
            "year_quarter": 20044,
            "year": 2004,
            "quarter": 4,
            "eps": 0.01,
            "eps_growth_year": null,
            "eps_4q": 0.04,
            "eps_4q_growth_year": -94.83,
            "roe": 0.04,
            "roe_4q": 0.26,
            "gross_profit": 10606,
            "gross_margin": 1.3,
            "gross_margin_4q_avg": 6.5,
            "net_income": 615,
            "revenue": 816651,
            "common_shares": 825930,
            "book_valuer_per_share": 18.25,
            "book_valuer_per_share_4q_avg": 18.52,
            "equity": 1506980,
            "current_ratio": 134.47,
            "debt_ratio": 64.1,
            "inventory_turnover_ratio": 0.73,
            "account_receivable_turnover_ratio": null,
            "reinvestment_rate": -20.33,
            "research_to_sale_ratio": null,
            "price_fair": 74.67,
            "eps_avg_yearly": 2.13,
            "eps_latest_yearly": 0.04,
            "eps_growth_yearly": 1065.16
        },
        "20051": {
            "year_quarter": 20051,
            "year": 2005,
            "quarter": 1,
            "eps": -0.44,
            "eps_growth_year": null,
            "eps_4q": -0.11,
            "eps_4q_growth_year": -121.12,
            "roe": -2.47,
            "roe_4q": -0.6600000000000001,
            "gross_profit": 34597,
            "gross_margin": 5.32,
            "gross_margin_4q_avg": 6.61,
            "net_income": -36688,
            "revenue": 650830,
            "common_shares": 825930,
            "book_valuer_per_share": 17.78,
            "book_valuer_per_share_4q_avg": 18.27,
            "equity": 1468108,
            "current_ratio": 156.26,
            "debt_ratio": 52.35,
            "inventory_turnover_ratio": 0.55,
            "account_receivable_turnover_ratio": null,
            "reinvestment_rate": -53.83,
            "research_to_sale_ratio": null,
            "price_fair": 74.67,
            "eps_avg_yearly": 2.13,
            "eps_latest_yearly": 0.04,
            "eps_growth_yearly": 1065.16
        },
        "20052": {
            "year_quarter": 20052,
            "year": 2005,
            "quarter": 2,
            "eps": -0.15,
            "eps_growth_year": null,
            "eps_4q": -0.18,
            "eps_4q_growth_year": -185.98,
            "roe": -0.87,
            "roe_4q": -1.0700000000000003,
            "gross_profit": 68234,
            "gross_margin": 7.6,
            "gross_margin_4q_avg": 6.37,
            "net_income": -12715,
            "revenue": 898410,
            "common_shares": 825930,
            "book_valuer_per_share": 17.44,
            "book_valuer_per_share_4q_avg": 18.05,
            "equity": 1440410,
            "current_ratio": 150.68,
            "debt_ratio": 54.3,
            "inventory_turnover_ratio": 0.9,
            "account_receivable_turnover_ratio": null,
            "reinvestment_rate": -64.91,
            "research_to_sale_ratio": null,
            "price_fair": 74.67,
            "eps_avg_yearly": 2.13,
            "eps_latest_yearly": 0.04,
            "eps_growth_yearly": 1065.16
        },
        "20053": {
            "year_quarter": 20053,
            "year": 2005,
            "quarter": 3,
            "eps": 0.14,
            "eps_growth_year": -65.85,
            "eps_4q": -0.45,
            "eps_4q_growth_year": null,
            "roe": 0.79,
            "roe_4q": -2.5100000000000002,
            "gross_profit": 124035,
            "gross_margin": 11.31,
            "gross_margin_4q_avg": 6.38,
            "net_income": 11634,
            "revenue": 1096935,
            "common_shares": 825930,
            "book_valuer_per_share": 18.09,
            "book_valuer_per_share_4q_avg": 17.89,
            "equity": 1494098,
            "current_ratio": 157.4,
            "debt_ratio": 50.14,
            "inventory_turnover_ratio": 1.15,
            "account_receivable_turnover_ratio": null,
            "reinvestment_rate": -123.44,
            "research_to_sale_ratio": null,
            "price_fair": 74.67,
            "eps_avg_yearly": 2.13,
            "eps_latest_yearly": 0.04,
            "eps_growth_yearly": 1065.16
        },
        "20054": {
            "year_quarter": 20054,
            "year": 2005,
            "quarter": 4,
            "eps": -0.41,
            "eps_growth_year": -4200,
            "eps_4q": -0.87,
            "eps_4q_growth_year": -2275,
            "roe": -2.28,
            "roe_4q": -4.83,
            "gross_profit": 30241,
            "gross_margin": 3.8,
            "gross_margin_4q_avg": 7.01,
            "net_income": -33716,
            "revenue": 796285,
            "common_shares": 825930,
            "book_valuer_per_share": 17.68,
            "book_valuer_per_share_4q_avg": 17.75,
            "equity": 1460058,
            "current_ratio": 137.68,
            "debt_ratio": 58.54,
            "inventory_turnover_ratio": 0.8,
            "account_receivable_turnover_ratio": null,
            "reinvestment_rate": -64.37,
            "research_to_sale_ratio": null,
            "price_fair": 74.67,
            "eps_avg_yearly": 2.13,
            "eps_latest_yearly": 0.04,
            "eps_growth_yearly": 1065.16
        },
        "20061": {
            "year_quarter": 20061,
            "year": 2006,
            "quarter": 1,
            "eps": -0.35,
            "eps_growth_year": null,
            "eps_4q": -0.77,
            "eps_4q_growth_year": null,
            "roe": -2.01,
            "roe_4q": -4.369999999999999,
            "gross_profit": 14645,
            "gross_margin": 2.34,
            "gross_margin_4q_avg": 6.26,
            "net_income": -28938,
            "revenue": 626462,
            "common_shares": 825930,
            "book_valuer_per_share": 17.26,
            "book_valuer_per_share_4q_avg": 17.62,
            "equity": 1425641,
            "current_ratio": 140.45,
            "debt_ratio": 48.8,
            "inventory_turnover_ratio": 0.62,
            "account_receivable_turnover_ratio": null,
            "reinvestment_rate": null,
            "research_to_sale_ratio": null,
            "price_fair": 45.5,
            "eps_avg_yearly": 1.3,
            "eps_latest_yearly": 0.04,
            "eps_growth_yearly": 214.4
        },
        "20062": {
            "year_quarter": 20062,
            "year": 2006,
            "quarter": 2,
            "eps": 0.37,
            "eps_growth_year": null,
            "eps_4q": -0.24,
            "eps_4q_growth_year": null,
            "roe": 2.13,
            "roe_4q": -1.3699999999999997,
            "gross_profit": 96031,
            "gross_margin": 9.69,
            "gross_margin_4q_avg": 6.79,
            "net_income": 30711,
            "revenue": 991075,
            "common_shares": 825930,
            "book_valuer_per_share": 17.64,
            "book_valuer_per_share_4q_avg": 17.67,
            "equity": 1457145,
            "current_ratio": 138.41,
            "debt_ratio": 50.35,
            "inventory_turnover_ratio": 1.21,
            "account_receivable_turnover_ratio": null,
            "reinvestment_rate": -275.11,
            "research_to_sale_ratio": null,
            "price_fair": 45.5,
            "eps_avg_yearly": 1.3,
            "eps_latest_yearly": 0.04,
            "eps_growth_yearly": 214.4
        },
        "20063": {
            "year_quarter": 20063,
            "year": 2006,
            "quarter": 3,
            "eps": 0.39,
            "eps_growth_year": 178.57,
            "eps_4q": 0.01,
            "eps_4q_growth_year": null,
            "roe": 2.19,
            "roe_4q": 0.030000000000000693,
            "gross_profit": 147435,
            "gross_margin": 14.28,
            "gross_margin_4q_avg": 7.53,
            "net_income": 32396,
            "revenue": 1032248,
            "common_shares": 825930,
            "book_valuer_per_share": 18.25,
            "book_valuer_per_share_4q_avg": 17.71,
            "equity": 1507534,
            "current_ratio": 159.15,
            "debt_ratio": 40.26,
            "inventory_turnover_ratio": 1.47,
            "account_receivable_turnover_ratio": null,
            "reinvestment_rate": -318.66,
            "research_to_sale_ratio": null,
            "price_fair": 48.53,
            "eps_avg_yearly": 1.39,
            "eps_latest_yearly": 1.56,
            "eps_growth_yearly": 150.14
        },
        "20064": {
            "year_quarter": 20064,
            "year": 2006,
            "quarter": 4,
            "eps": 0.46,
            "eps_growth_year": null,
            "eps_4q": 0.88,
            "eps_4q_growth_year": null,
            "roe": 2.48,
            "roe_4q": 4.79,
            "gross_profit": 42347,
            "gross_margin": 5.86,
            "gross_margin_4q_avg": 8.04,
            "net_income": 37818,
            "revenue": 722565,
            "common_shares": 825930,
            "book_valuer_per_share": 18.69,
            "book_valuer_per_share_4q_avg": 17.96,
            "equity": 1543274,
            "current_ratio": 161.27,
            "debt_ratio": 42.83,
            "inventory_turnover_ratio": 1.06,
            "account_receivable_turnover_ratio": null,
            "reinvestment_rate": -14.65,
            "research_to_sale_ratio": null,
            "price_fair": 52.5,
            "eps_avg_yearly": 1.5,
            "eps_latest_yearly": 1.84,
            "eps_growth_yearly": 130.56
        },
        "20071": {
            "year_quarter": 20071,
            "year": 2007,
            "quarter": 1,
            "eps": -0.27,
            "eps_growth_year": null,
            "eps_4q": 0.97,
            "eps_4q_growth_year": null,
            "roe": -1.43,
            "roe_4q": 5.37,
            "gross_profit": 45329,
            "gross_margin": 8.63,
            "gross_margin_4q_avg": 9.62,
            "net_income": -22047,
            "revenue": 525456,
            "common_shares": 825930,
            "book_valuer_per_share": 18.58,
            "book_valuer_per_share_4q_avg": 18.29,
            "equity": 1534637,
            "current_ratio": 177.83,
            "debt_ratio": 32.9,
            "inventory_turnover_ratio": 0.71,
            "account_receivable_turnover_ratio": null,
            "reinvestment_rate": -283.48,
            "research_to_sale_ratio": null,
            "price_fair": 52.5,
            "eps_avg_yearly": 1.5,
            "eps_latest_yearly": 1.84,
            "eps_growth_yearly": 130.56
        },
        "20072": {
            "year_quarter": 20072,
            "year": 2007,
            "quarter": 2,
            "eps": 0.23,
            "eps_growth_year": -37.84,
            "eps_4q": 0.81,
            "eps_4q_growth_year": null,
            "roe": 1.26,
            "roe_4q": 4.5,
            "gross_profit": 96283,
            "gross_margin": 8.46,
            "gross_margin_4q_avg": 9.31,
            "net_income": 19249,
            "revenue": 1137428,
            "common_shares": 825930,
            "book_valuer_per_share": 18.44,
            "book_valuer_per_share_4q_avg": 18.49,
            "equity": 1523047,
            "current_ratio": 142.86,
            "debt_ratio": 43.91,
            "inventory_turnover_ratio": 1.79,
            "account_receivable_turnover_ratio": null,
            "reinvestment_rate": -270.3,
            "research_to_sale_ratio": null,
            "price_fair": 52.5,
            "eps_avg_yearly": 1.5,
            "eps_latest_yearly": 1.84,
            "eps_growth_yearly": 130.56
        },
        "20073": {
            "year_quarter": 20073,
            "year": 2007,
            "quarter": 3,
            "eps": 0.71,
            "eps_growth_year": 82.05,
            "eps_4q": 1.13,
            "eps_4q_growth_year": 20649.5,
            "roe": 3.8,
            "roe_4q": 6.109999999999999,
            "gross_profit": 135126,
            "gross_margin": 11.34,
            "gross_margin_4q_avg": 8.57,
            "net_income": 58994,
            "revenue": 1191892,
            "common_shares": 825930,
            "book_valuer_per_share": 19.18,
            "book_valuer_per_share_4q_avg": 18.72,
            "equity": 1584506,
            "current_ratio": 169.99,
            "debt_ratio": 30.15,
            "inventory_turnover_ratio": 2.14,
            "account_receivable_turnover_ratio": null,
            "reinvestment_rate": -234.22,
            "research_to_sale_ratio": null,
            "price_fair": 54.95,
            "eps_avg_yearly": 1.57,
            "eps_latest_yearly": 2.84,
            "eps_growth_yearly": 134.49
        },
        "20074": {
            "year_quarter": 20074,
            "year": 2007,
            "quarter": 4,
            "eps": 0.33,
            "eps_growth_year": -28.26,
            "eps_4q": 1.01,
            "eps_4q_growth_year": 15.66,
            "roe": 1.69,
            "roe_4q": 5.32,
            "gross_profit": 21820,
            "gross_margin": 2.7,
            "gross_margin_4q_avg": 7.78,
            "net_income": 27163,
            "revenue": 809281,
            "common_shares": 825930,
            "book_valuer_per_share": 19.68,
            "book_valuer_per_share_4q_avg": 18.97,
            "equity": 1625797,
            "current_ratio": 157.58,
            "debt_ratio": 45.09,
            "inventory_turnover_ratio": 1.19,
            "account_receivable_turnover_ratio": null,
            "reinvestment_rate": 35.62,
            "research_to_sale_ratio": null,
            "price_fair": 53.2,
            "eps_avg_yearly": 1.52,
            "eps_latest_yearly": 1.32,
            "eps_growth_yearly": 64.77
        },
        "20081": {
            "year_quarter": 20081,
            "year": 2008,
            "quarter": 1,
            "eps": -0.28,
            "eps_growth_year": null,
            "eps_4q": 0.99,
            "eps_4q_growth_year": 2.88,
            "roe": -1.45,
            "roe_4q": 5.3,
            "gross_profit": 72148,
            "gross_margin": 11.83,
            "gross_margin_4q_avg": 8.58,
            "net_income": -23170,
            "revenue": 610065,
            "common_shares": 825930,
            "book_valuer_per_share": 19,
            "book_valuer_per_share_4q_avg": 19.08,
            "equity": 1569606,
            "current_ratio": 144.59,
            "debt_ratio": 49.94,
            "inventory_turnover_ratio": 0.5,
            "account_receivable_turnover_ratio": null,
            "reinvestment_rate": 436.82,
            "research_to_sale_ratio": null,
            "price_fair": 53.2,
            "eps_avg_yearly": 1.52,
            "eps_latest_yearly": 1.32,
            "eps_growth_yearly": 64.77
        },
        "20082": {
            "year_quarter": 20082,
            "year": 2008,
            "quarter": 2,
            "eps": 0.34,
            "eps_growth_year": 47.83,
            "eps_4q": 1.11,
            "eps_4q_growth_year": 37.48,
            "roe": 1.78,
            "roe_4q": 5.82,
            "gross_profit": 161718,
            "gross_margin": 17,
            "gross_margin_4q_avg": 10.72,
            "net_income": 27905,
            "revenue": 951105,
            "common_shares": 825930,
            "book_valuer_per_share": 18.88,
            "book_valuer_per_share_4q_avg": 19.19,
            "equity": 1559721,
            "current_ratio": 131.17,
            "debt_ratio": 58.76,
            "inventory_turnover_ratio": 0.53,
            "account_receivable_turnover_ratio": null,
            "reinvestment_rate": 357.14,
            "research_to_sale_ratio": null,
            "price_fair": 53.2,
            "eps_avg_yearly": 1.52,
            "eps_latest_yearly": 1.32,
            "eps_growth_yearly": 64.77
        },
        "20083": {
            "year_quarter": 20083,
            "year": 2008,
            "quarter": 3,
            "eps": 1.14,
            "eps_growth_year": 60.56,
            "eps_4q": 1.53,
            "eps_4q_growth_year": 34.8,
            "roe": 5.77,
            "roe_4q": 7.789999999999999,
            "gross_profit": 283188,
            "gross_margin": 21.65,
            "gross_margin_4q_avg": 13.3,
            "net_income": 94389,
            "revenue": 1308016,
            "common_shares": 827040,
            "book_valuer_per_share": 20.72,
            "book_valuer_per_share_4q_avg": 19.57,
            "equity": 1713350,
            "current_ratio": 140.75,
            "debt_ratio": 52.43,
            "inventory_turnover_ratio": 0.63,
            "account_receivable_turnover_ratio": null,
            "reinvestment_rate": 269.58,
            "research_to_sale_ratio": null,
            "price_fair": 70.93,
            "eps_avg_yearly": 2.03,
            "eps_latest_yearly": 4.56,
            "eps_growth_yearly": 210.84
        },
        "20084": {
            "year_quarter": 20084,
            "year": 2008,
            "quarter": 4,
            "eps": -0.33,
            "eps_growth_year": -200,
            "eps_4q": 0.88,
            "eps_4q_growth_year": -13.11,
            "roe": -1.58,
            "roe_4q": 4.52,
            "gross_profit": 56878,
            "gross_margin": 5.07,
            "gross_margin_4q_avg": 13.89,
            "net_income": -26923,
            "revenue": 1121803,
            "common_shares": 827040,
            "book_valuer_per_share": 20.49,
            "book_valuer_per_share_4q_avg": 19.77,
            "equity": 1694329,
            "current_ratio": 144.49,
            "debt_ratio": 50.3,
            "inventory_turnover_ratio": 0.79,
            "account_receivable_turnover_ratio": 5.09,
            "reinvestment_rate": 68.37,
            "research_to_sale_ratio": null,
            "price_fair": 84.84,
            "eps_avg_yearly": 2.42,
            "eps_latest_yearly": 4.56,
            "eps_growth_yearly": 331.06
        },
        "20091": {
            "year_quarter": 20091,
            "year": 2009,
            "quarter": 1,
            "eps": -0.63,
            "eps_growth_year": null,
            "eps_4q": 0.53,
            "eps_4q_growth_year": -46.71,
            "roe": -3.06,
            "roe_4q": 2.9099999999999993,
            "gross_profit": 55158,
            "gross_margin": 7.59,
            "gross_margin_4q_avg": 12.83,
            "net_income": -51568,
            "revenue": 726553,
            "common_shares": 827040,
            "book_valuer_per_share": 20.25,
            "book_valuer_per_share_4q_avg": 20.09,
            "equity": 1675102,
            "current_ratio": 128.05,
            "debt_ratio": 54.63,
            "inventory_turnover_ratio": 0.56,
            "account_receivable_turnover_ratio": 1.75,
            "reinvestment_rate": 501.88,
            "research_to_sale_ratio": null,
            "price_fair": 84.84,
            "eps_avg_yearly": 2.42,
            "eps_latest_yearly": 4.56,
            "eps_growth_yearly": 331.06
        },
        "20092": {
            "year_quarter": 20092,
            "year": 2009,
            "quarter": 2,
            "eps": 0.7,
            "eps_growth_year": 105.88,
            "eps_4q": 0.89,
            "eps_4q_growth_year": -19.21,
            "roe": 3.45,
            "roe_4q": 4.58,
            "gross_profit": 188360,
            "gross_margin": 18.28,
            "gross_margin_4q_avg": 13.15,
            "net_income": 57161,
            "revenue": 1030238,
            "common_shares": 827040,
            "book_valuer_per_share": 19.83,
            "book_valuer_per_share_4q_avg": 20.32,
            "equity": 1639745,
            "current_ratio": 126.61,
            "debt_ratio": 56.7,
            "inventory_turnover_ratio": 0.66,
            "account_receivable_turnover_ratio": 2.27,
            "reinvestment_rate": 340.3,
            "research_to_sale_ratio": null,
            "price_fair": 84.84,
            "eps_avg_yearly": 2.42,
            "eps_latest_yearly": 4.56,
            "eps_growth_yearly": 331.06
        },
        "20093": {
            "year_quarter": 20093,
            "year": 2009,
            "quarter": 3,
            "eps": 1.22,
            "eps_growth_year": 7.02,
            "eps_4q": 0.96,
            "eps_4q_growth_year": -37.17,
            "roe": 5.94,
            "roe_4q": 4.75,
            "gross_profit": 266998,
            "gross_margin": 17.44,
            "gross_margin_4q_avg": 12.1,
            "net_income": 99442,
            "revenue": 1530593,
            "common_shares": 832725,
            "book_valuer_per_share": 20.52,
            "book_valuer_per_share_4q_avg": 20.27,
            "equity": 1708510,
            "current_ratio": 134.78,
            "debt_ratio": 51.87,
            "inventory_turnover_ratio": 1.08,
            "account_receivable_turnover_ratio": 2.78,
            "reinvestment_rate": 251.08,
            "research_to_sale_ratio": null,
            "price_fair": 99.17,
            "eps_avg_yearly": 2.83,
            "eps_latest_yearly": 4.88,
            "eps_growth_yearly": 325.41
        },
        "20094": {
            "year_quarter": 20094,
            "year": 2009,
            "quarter": 4,
            "eps": 0.21,
            "eps_growth_year": null,
            "eps_4q": 1.45,
            "eps_4q_growth_year": 65.32,
            "roe": 0.99,
            "roe_4q": 7.32,
            "gross_profit": 227684,
            "gross_margin": 20.36,
            "gross_margin_4q_avg": 15.92,
            "net_income": 17033,
            "revenue": 1118062,
            "common_shares": 859075,
            "book_valuer_per_share": 20.63,
            "book_valuer_per_share_4q_avg": 20.31,
            "equity": 1730848,
            "current_ratio": 131.56,
            "debt_ratio": 55.11,
            "inventory_turnover_ratio": 0.82,
            "account_receivable_turnover_ratio": 2.55,
            "reinvestment_rate": 110.48,
            "research_to_sale_ratio": null,
            "price_fair": 89.2,
            "eps_avg_yearly": 2.55,
            "eps_latest_yearly": 0.84,
            "eps_growth_yearly": 231.61
        },
        "20101": {
            "year_quarter": 20101,
            "year": 2010,
            "quarter": 1,
            "eps": -0.18,
            "eps_growth_year": null,
            "eps_4q": 1.87,
            "eps_4q_growth_year": 252.41,
            "roe": -0.89,
            "roe_4q": 9.49,
            "gross_profit": 103358,
            "gross_margin": 12.16,
            "gross_margin_4q_avg": 17.06,
            "net_income": -15167,
            "revenue": 850299,
            "common_shares": 869020,
            "book_valuer_per_share": 19.95,
            "book_valuer_per_share_4q_avg": 20.23,
            "equity": 1693537,
            "current_ratio": 122.19,
            "debt_ratio": 59.8,
            "inventory_turnover_ratio": 0.56,
            "account_receivable_turnover_ratio": 1.14,
            "reinvestment_rate": 656.01,
            "research_to_sale_ratio": 1.14,
            "price_fair": 89.2,
            "eps_avg_yearly": 2.55,
            "eps_latest_yearly": 0.84,
            "eps_growth_yearly": 231.61
        },
        "20102": {
            "year_quarter": 20102,
            "year": 2010,
            "quarter": 2,
            "eps": 0.72,
            "eps_growth_year": 3.44,
            "eps_4q": 1.91,
            "eps_4q_growth_year": 113.91,
            "roe": 3.61,
            "roe_4q": 9.65,
            "gross_profit": 217517,
            "gross_margin": 18.87,
            "gross_margin_4q_avg": 17.21,
            "net_income": 61656,
            "revenue": 1152592,
            "common_shares": 871520,
            "book_valuer_per_share": 20.26,
            "book_valuer_per_share_4q_avg": 20.34,
            "equity": 1725383,
            "current_ratio": 118.29,
            "debt_ratio": 63.96,
            "inventory_turnover_ratio": 0.52,
            "account_receivable_turnover_ratio": 1.76,
            "reinvestment_rate": 233.91,
            "research_to_sale_ratio": 0.92,
            "price_fair": 89.2,
            "eps_avg_yearly": 2.55,
            "eps_latest_yearly": 0.84,
            "eps_growth_yearly": 231.61
        },
        "20103": {
            "year_quarter": 20103,
            "year": 2010,
            "quarter": 3,
            "eps": 1.63,
            "eps_growth_year": 33.36,
            "eps_4q": 2.36,
            "eps_4q_growth_year": 146.59,
            "roe": 7.74,
            "roe_4q": 11.45,
            "gross_profit": 329050,
            "gross_margin": 17.21,
            "gross_margin_4q_avg": 17.15,
            "net_income": 140384,
            "revenue": 1911492,
            "common_shares": 882870,
            "book_valuer_per_share": 22.03,
            "book_valuer_per_share_4q_avg": 20.72,
            "equity": 1901315,
            "current_ratio": 122.76,
            "debt_ratio": 61.3,
            "inventory_turnover_ratio": 0.8,
            "account_receivable_turnover_ratio": 2.07,
            "reinvestment_rate": 208.3,
            "research_to_sale_ratio": 0.59,
            "price_fair": 114,
            "eps_avg_yearly": 3.26,
            "eps_latest_yearly": 6.52,
            "eps_growth_yearly": 300.75
        },
        "20104": {
            "year_quarter": 20104,
            "year": 2010,
            "quarter": 4,
            "eps": -0.07,
            "eps_growth_year": -131.21,
            "eps_4q": 2.07,
            "eps_4q_growth_year": 42.02,
            "roe": -0.31,
            "roe_4q": 10.15,
            "gross_profit": 202330,
            "gross_margin": 11.53,
            "gross_margin_4q_avg": 14.94,
            "net_income": -5746,
            "revenue": 1755009,
            "common_shares": 886670,
            "book_valuer_per_share": 20.8,
            "book_valuer_per_share_4q_avg": 20.76,
            "equity": 1823824,
            "current_ratio": 123,
            "debt_ratio": 59.01,
            "inventory_turnover_ratio": 0.91,
            "account_receivable_turnover_ratio": 1.54,
            "reinvestment_rate": 127.55,
            "research_to_sale_ratio": 0.67,
            "price_fair": 122.27,
            "eps_avg_yearly": 3.49,
            "eps_latest_yearly": 6.52,
            "eps_growth_yearly": 338.9
        },
        "20111": {
            "year_quarter": 20111,
            "year": 2011,
            "quarter": 1,
            "eps": -0.48,
            "eps_growth_year": null,
            "eps_4q": 1.75,
            "eps_4q_growth_year": -6.04,
            "roe": -2.33,
            "roe_4q": 8.709999999999999,
            "gross_profit": 84110,
            "gross_margin": 8.21,
            "gross_margin_4q_avg": 13.96,
            "net_income": -42020,
            "revenue": 1024749,
            "common_shares": 889685,
            "book_valuer_per_share": 20.19,
            "book_valuer_per_share_4q_avg": 20.82,
            "equity": 1776008,
            "current_ratio": 115.4,
            "debt_ratio": 65.33,
            "inventory_turnover_ratio": 0.51,
            "account_receivable_turnover_ratio": 1.02,
            "reinvestment_rate": 252.03,
            "research_to_sale_ratio": 1.13,
            "price_fair": 122.27,
            "eps_avg_yearly": 3.49,
            "eps_latest_yearly": 6.52,
            "eps_growth_yearly": 338.9
        },
        "20112": {
            "year_quarter": 20112,
            "year": 2011,
            "quarter": 2,
            "eps": 0.5,
            "eps_growth_year": -30.48,
            "eps_4q": 1.55,
            "eps_4q_growth_year": -18.79,
            "roe": 2.57,
            "roe_4q": 7.67,
            "gross_profit": 230001,
            "gross_margin": 12.57,
            "gross_margin_4q_avg": 12.38,
            "net_income": 44371,
            "revenue": 1829979,
            "common_shares": 891425,
            "book_valuer_per_share": 18.96,
            "book_valuer_per_share_4q_avg": 20.5,
            "equity": 1671413,
            "current_ratio": 126.13,
            "debt_ratio": 68.76,
            "inventory_turnover_ratio": 0.77,
            "account_receivable_turnover_ratio": 1.79,
            "reinvestment_rate": 225.29,
            "research_to_sale_ratio": 0.65,
            "price_fair": 122.27,
            "eps_avg_yearly": 3.49,
            "eps_latest_yearly": 6.52,
            "eps_growth_yearly": 338.9
        },
        "20113": {
            "year_quarter": 20113,
            "year": 2011,
            "quarter": 3,
            "eps": 1.57,
            "eps_growth_year": -3.69,
            "eps_4q": 1.53,
            "eps_4q_growth_year": -35.32,
            "roe": 7.75,
            "roe_4q": 7.680000000000001,
            "gross_profit": 363932,
            "gross_margin": 13.13,
            "gross_margin_4q_avg": 11.36,
            "net_income": 138193,
            "revenue": 2770749,
            "common_shares": 891980,
            "book_valuer_per_share": 21.49,
            "book_valuer_per_share_4q_avg": 20.36,
            "equity": 1895348,
            "current_ratio": 139.09,
            "debt_ratio": 67.23,
            "inventory_turnover_ratio": 1.25,
            "account_receivable_turnover_ratio": 1.81,
            "reinvestment_rate": 196.26,
            "research_to_sale_ratio": 0.43,
            "price_fair": 142.33,
            "eps_avg_yearly": 4.07,
            "eps_latest_yearly": 6.28,
            "eps_growth_yearly": 342.44
        },
        "20114": {
            "year_quarter": 20114,
            "year": 2011,
            "quarter": 4,
            "eps": 0.02,
            "eps_growth_year": null,
            "eps_4q": 1.61,
            "eps_4q_growth_year": -21.98,
            "roe": 0.09,
            "roe_4q": 8.08,
            "gross_profit": 196248,
            "gross_margin": 10.45,
            "gross_margin_4q_avg": 11.09,
            "net_income": 1779,
            "revenue": 1878777,
            "common_shares": 892930,
            "book_valuer_per_share": 21.19,
            "book_valuer_per_share_4q_avg": 20.46,
            "equity": 1871094,
            "current_ratio": 138.65,
            "debt_ratio": 66.02,
            "inventory_turnover_ratio": 0.87,
            "account_receivable_turnover_ratio": 1.15,
            "reinvestment_rate": 103.23,
            "research_to_sale_ratio": 0.95,
            "price_fair": 135.1,
            "eps_avg_yearly": 3.86,
            "eps_latest_yearly": 0.08,
            "eps_growth_yearly": 312.3
        },
        "20121": {
            "year_quarter": 20121,
            "year": 2012,
            "quarter": 1,
            "eps": -0.23,
            "eps_growth_year": null,
            "eps_4q": 1.83,
            "eps_4q_growth_year": 4.39,
            "roe": -1.11,
            "roe_4q": 9.3,
            "gross_profit": 141721,
            "gross_margin": 8.62,
            "gross_margin_4q_avg": 11.19,
            "net_income": -20592,
            "revenue": 1643925,
            "common_shares": 894480,
            "book_valuer_per_share": 20.57,
            "book_valuer_per_share_4q_avg": 20.55,
            "equity": 1839699,
            "current_ratio": 132.65,
            "debt_ratio": 67.87,
            "inventory_turnover_ratio": 0.7,
            "account_receivable_turnover_ratio": 1.27,
            "reinvestment_rate": 104,
            "research_to_sale_ratio": 0.86,
            "price_fair": 135.1,
            "eps_avg_yearly": 3.86,
            "eps_latest_yearly": 0.08,
            "eps_growth_yearly": 312.3
        },
        "20122": {
            "year_quarter": 20122,
            "year": 2012,
            "quarter": 2,
            "eps": 1.21,
            "eps_growth_year": 140.15,
            "eps_4q": 2.54,
            "eps_4q_growth_year": 63.66,
            "roe": 5.84,
            "roe_4q": 12.57,
            "gross_profit": 327926,
            "gross_margin": 18.07,
            "gross_margin_4q_avg": 12.57,
            "net_income": 108135,
            "revenue": 1814926,
            "common_shares": 894480,
            "book_valuer_per_share": 20.85,
            "book_valuer_per_share_4q_avg": 21.03,
            "equity": 1865289,
            "current_ratio": 132.07,
            "debt_ratio": 68.71,
            "inventory_turnover_ratio": 0.64,
            "account_receivable_turnover_ratio": 1.33,
            "reinvestment_rate": 78.43,
            "research_to_sale_ratio": 0.95,
            "price_fair": 135.1,
            "eps_avg_yearly": 3.86,
            "eps_latest_yearly": 0.08,
            "eps_growth_yearly": 312.3
        },
        "20123": {
            "year_quarter": 20123,
            "year": 2012,
            "quarter": 3,
            "eps": 0.92,
            "eps_growth_year": -41.27,
            "eps_4q": 1.92,
            "eps_4q_growth_year": 25.45,
            "roe": 4.36,
            "roe_4q": 9.18,
            "gross_profit": 318963,
            "gross_margin": 12.56,
            "gross_margin_4q_avg": 12.43,
            "net_income": 82436,
            "revenue": 2539672,
            "common_shares": 895800,
            "book_valuer_per_share": 21.39,
            "book_valuer_per_share_4q_avg": 21,
            "equity": 1915687,
            "current_ratio": 135.73,
            "debt_ratio": 65.48,
            "inventory_turnover_ratio": 0.99,
            "account_receivable_turnover_ratio": 1.77,
            "reinvestment_rate": 68.64,
            "research_to_sale_ratio": 0.74,
            "price_fair": 129.97,
            "eps_avg_yearly": 3.71,
            "eps_latest_yearly": 3.68,
            "eps_growth_yearly": 139.46
        },
        "20124": {
            "year_quarter": 20124,
            "year": 2012,
            "quarter": 4,
            "eps": 0.4,
            "eps_growth_year": 1893.85,
            "eps_4q": 2.3,
            "eps_4q_growth_year": 42.64,
            "roe": 1.87,
            "roe_4q": 10.96,
            "gross_profit": 250844,
            "gross_margin": 12.11,
            "gross_margin_4q_avg": 12.84,
            "net_income": 35988,
            "revenue": 2071250,
            "common_shares": 895800,
            "book_valuer_per_share": 21.54,
            "book_valuer_per_share_4q_avg": 21.09,
            "equity": 1929257,
            "current_ratio": 151.83,
            "debt_ratio": 58.88,
            "inventory_turnover_ratio": 0.93,
            "account_receivable_turnover_ratio": 1.54,
            "reinvestment_rate": 46.6,
            "research_to_sale_ratio": 0.7,
            "price_fair": 119.4,
            "eps_avg_yearly": 3.41,
            "eps_latest_yearly": 1.6,
            "eps_growth_yearly": 87.24
        },
        "20131": {
            "year_quarter": 20131,
            "year": 2013,
            "quarter": 1,
            "eps": -0.5,
            "eps_growth_year": null,
            "eps_4q": 2.03,
            "eps_4q_growth_year": 11.08,
            "roe": -2.32,
            "roe_4q": 9.75,
            "gross_profit": 162782,
            "gross_margin": 10.25,
            "gross_margin_4q_avg": 13.25,
            "net_income": -44390,
            "revenue": 1587564,
            "common_shares": 895800,
            "book_valuer_per_share": 21.21,
            "book_valuer_per_share_4q_avg": 21.25,
            "equity": 1899722,
            "current_ratio": 148.44,
            "debt_ratio": 62.71,
            "inventory_turnover_ratio": 0.76,
            "account_receivable_turnover_ratio": 1.46,
            "reinvestment_rate": 28.59,
            "research_to_sale_ratio": 1.93,
            "price_fair": 119.4,
            "eps_avg_yearly": 3.41,
            "eps_latest_yearly": 1.6,
            "eps_growth_yearly": 87.24
        },
        "20132": {
            "year_quarter": 20132,
            "year": 2013,
            "quarter": 2,
            "eps": 1.28,
            "eps_growth_year": 5.88,
            "eps_4q": 2.11,
            "eps_4q_growth_year": -17.12,
            "roe": 6.03,
            "roe_4q": 9.940000000000001,
            "gross_profit": 297347,
            "gross_margin": 13,
            "gross_margin_4q_avg": 11.98,
            "net_income": 114820,
            "revenue": 2287823,
            "common_shares": 895800,
            "book_valuer_per_share": 21.3,
            "book_valuer_per_share_4q_avg": 21.36,
            "equity": 1908427,
            "current_ratio": 135.32,
            "debt_ratio": 68.53,
            "inventory_turnover_ratio": 0.89,
            "account_receivable_turnover_ratio": 2.07,
            "reinvestment_rate": 25.95,
            "research_to_sale_ratio": 0.83,
            "price_fair": 119.4,
            "eps_avg_yearly": 3.41,
            "eps_latest_yearly": 1.6,
            "eps_growth_yearly": 87.24
        },
        "20133": {
            "year_quarter": 20133,
            "year": 2013,
            "quarter": 3,
            "eps": 2.74,
            "eps_growth_year": 197.75,
            "eps_4q": 3.92,
            "eps_4q_growth_year": 104.49,
            "roe": 12.14,
            "roe_4q": 17.720000000000002,
            "gross_profit": 489379,
            "gross_margin": 14.83,
            "gross_margin_4q_avg": 12.55,
            "net_income": 245146,
            "revenue": 3300172,
            "common_shares": 896670,
            "book_valuer_per_share": 23.76,
            "book_valuer_per_share_4q_avg": 21.95,
            "equity": 2130225,
            "current_ratio": 161.86,
            "debt_ratio": 63.37,
            "inventory_turnover_ratio": 1.23,
            "account_receivable_turnover_ratio": 2.3,
            "reinvestment_rate": 15.62,
            "research_to_sale_ratio": 0.6,
            "price_fair": 149.8,
            "eps_avg_yearly": 4.28,
            "eps_latest_yearly": 10.96,
            "eps_growth_yearly": 109.97
        },
        "20134": {
            "year_quarter": 20134,
            "year": 2013,
            "quarter": 4,
            "eps": 0.51,
            "eps_growth_year": 26.23,
            "eps_4q": 4.03,
            "eps_4q_growth_year": 75.12,
            "roe": 2.1,
            "roe_4q": 17.95,
            "gross_profit": 279580,
            "gross_margin": 14.58,
            "gross_margin_4q_avg": 13.17,
            "net_income": 45439,
            "revenue": 1917814,
            "common_shares": 896670,
            "book_valuer_per_share": 24.48,
            "book_valuer_per_share_4q_avg": 22.69,
            "equity": 2196407,
            "current_ratio": 194.11,
            "debt_ratio": 56.15,
            "inventory_turnover_ratio": 0.77,
            "account_receivable_turnover_ratio": 1.76,
            "reinvestment_rate": 0.7,
            "research_to_sale_ratio": 1.16,
            "price_fair": 155.8,
            "eps_avg_yearly": 4.45,
            "eps_latest_yearly": 2.04,
            "eps_growth_yearly": 110.77
        },
        "20141": {
            "year_quarter": 20141,
            "year": 2014,
            "quarter": 1,
            "eps": -0.21,
            "eps_growth_year": null,
            "eps_4q": 4.31,
            "eps_4q_growth_year": 111.81,
            "roe": -0.87,
            "roe_4q": 19.400000000000002,
            "gross_profit": 200640,
            "gross_margin": 11.05,
            "gross_margin_4q_avg": 13.37,
            "net_income": -19270,
            "revenue": 1815678,
            "common_shares": 896670,
            "book_valuer_per_share": 24.7,
            "book_valuer_per_share_4q_avg": 23.56,
            "equity": 2216138,
            "current_ratio": 159.28,
            "debt_ratio": 65.22,
            "inventory_turnover_ratio": 0.6,
            "account_receivable_turnover_ratio": 2.2,
            "reinvestment_rate": -171.3,
            "research_to_sale_ratio": 1.38,
            "price_fair": 155.8,
            "eps_avg_yearly": 4.45,
            "eps_latest_yearly": 2.04,
            "eps_growth_yearly": 110.77
        },
        "20142": {
            "year_quarter": 20142,
            "year": 2014,
            "quarter": 2,
            "eps": 2.02,
            "eps_growth_year": 57.81,
            "eps_4q": 5.04,
            "eps_4q_growth_year": 139.21,
            "roe": 8.38,
            "roe_4q": 21.75,
            "gross_profit": 453824,
            "gross_margin": 16.31,
            "gross_margin_4q_avg": 14.19,
            "net_income": 180649,
            "revenue": 2782253,
            "common_shares": 896670,
            "book_valuer_per_share": 23.37,
            "book_valuer_per_share_4q_avg": 24.08,
            "equity": 2096462,
            "current_ratio": 149.31,
            "debt_ratio": 68.8,
            "inventory_turnover_ratio": 0.76,
            "account_receivable_turnover_ratio": 2.17,
            "reinvestment_rate": -7.94,
            "research_to_sale_ratio": 1,
            "price_fair": 155.8,
            "eps_avg_yearly": 4.45,
            "eps_latest_yearly": 2.04,
            "eps_growth_yearly": 110.77
        },
        "20143": {
            "year_quarter": 20143,
            "year": 2014,
            "quarter": 3,
            "eps": 2.06,
            "eps_growth_year": -24.82,
            "eps_4q": 3.9,
            "eps_4q_growth_year": -0.48,
            "roe": 7.89,
            "roe_4q": 17.5,
            "gross_profit": 459735,
            "gross_margin": 17.09,
            "gross_margin_4q_avg": 14.76,
            "net_income": 201269,
            "revenue": 2690770,
            "common_shares": 1046670,
            "book_valuer_per_share": 28.69,
            "book_valuer_per_share_4q_avg": 25.31,
            "equity": 3004444,
            "current_ratio": 185.56,
            "debt_ratio": 52.5,
            "inventory_turnover_ratio": 0.78,
            "account_receivable_turnover_ratio": 1.98,
            "reinvestment_rate": -17.27,
            "research_to_sale_ratio": 0.99,
            "price_fair": 164.4,
            "eps_avg_yearly": 4.7,
            "eps_latest_yearly": 8.24,
            "eps_growth_yearly": 39.68
        },
        "20144": {
            "year_quarter": 20144,
            "year": 2014,
            "quarter": 4,
            "eps": 0.18,
            "eps_growth_year": -63.75,
            "eps_4q": 3.65,
            "eps_4q_growth_year": -9.32,
            "roe": 0.62,
            "roe_4q": 16.02,
            "gross_profit": 253295,
            "gross_margin": 14.73,
            "gross_margin_4q_avg": 14.8,
            "net_income": 19092,
            "revenue": 1719471,
            "common_shares": 1046670,
            "book_valuer_per_share": 29.68,
            "book_valuer_per_share_4q_avg": 26.61,
            "equity": 3107268,
            "current_ratio": 222.33,
            "debt_ratio": 46.49,
            "inventory_turnover_ratio": 0.5,
            "account_receivable_turnover_ratio": 1.83,
            "reinvestment_rate": -12.56,
            "research_to_sale_ratio": 1.2,
            "price_fair": 12.6,
            "eps_avg_yearly": 4.2,
            "eps_latest_yearly": 0.72,
            "eps_growth_yearly": -10.91
        },
        "20151": {
            "year_quarter": 20151,
            "year": 2015,
            "quarter": 1,
            "eps": -0.23,
            "eps_growth_year": null,
            "eps_4q": 3.61,
            "eps_4q_growth_year": -16.29,
            "roe": -0.78,
            "roe_4q": 16.11,
            "gross_profit": 168563,
            "gross_margin": 10.92,
            "gross_margin_4q_avg": 14.76,
            "net_income": -24061,
            "revenue": 1543985,
            "common_shares": 1046670,
            "book_valuer_per_share": 29.26,
            "book_valuer_per_share_4q_avg": 27.75,
            "equity": 3066115,
            "current_ratio": 197.64,
            "debt_ratio": 51.97,
            "inventory_turnover_ratio": 0.43,
            "account_receivable_turnover_ratio": 2.11,
            "reinvestment_rate": 0.18,
            "research_to_sale_ratio": 1.61,
            "price_fair": 12.6,
            "eps_avg_yearly": 4.2,
            "eps_latest_yearly": 0.72,
            "eps_growth_yearly": -10.91
        },
        "20152": {
            "year_quarter": 20152,
            "year": 2015,
            "quarter": 2,
            "eps": 1.24,
            "eps_growth_year": -38.61,
            "eps_4q": 3.09,
            "eps_4q_growth_year": -38.71,
            "roe": 4.35,
            "roe_4q": 12.079999999999998,
            "gross_profit": 368107,
            "gross_margin": 15.13,
            "gross_margin_4q_avg": 14.47,
            "net_income": 129070,
            "revenue": 2432815,
            "common_shares": 1055910,
            "book_valuer_per_share": 27.08,
            "book_valuer_per_share_4q_avg": 28.68,
            "equity": 2862315,
            "current_ratio": 154.06,
            "debt_ratio": 59,
            "inventory_turnover_ratio": 0.65,
            "account_receivable_turnover_ratio": 2.3,
            "reinvestment_rate": 2.2,
            "research_to_sale_ratio": 0.88,
            "price_fair": 12.6,
            "eps_avg_yearly": 4.2,
            "eps_latest_yearly": 0.72,
            "eps_growth_yearly": -10.91
        },
        "20153": {
            "year_quarter": 20153,
            "year": 2015,
            "quarter": 3,
            "eps": 2.41,
            "eps_growth_year": 16.99,
            "eps_4q": 3.58,
            "eps_4q_growth_year": -8.27,
            "roe": 8.33,
            "roe_4q": 12.52,
            "gross_profit": 531912,
            "gross_margin": 18.06,
            "gross_margin_4q_avg": 14.71,
            "net_income": 255169,
            "revenue": 2944650,
            "common_shares": 1062935,
            "book_valuer_per_share": 30.7,
            "book_valuer_per_share_4q_avg": 29.18,
            "equity": 3265614,
            "current_ratio": 184.19,
            "debt_ratio": 52.66,
            "inventory_turnover_ratio": 0.83,
            "account_receivable_turnover_ratio": 2,
            "reinvestment_rate": 5.8,
            "research_to_sale_ratio": 0.67,
            "price_fair": 13.86,
            "eps_avg_yearly": 4.62,
            "eps_latest_yearly": 9.64,
            "eps_growth_yearly": -70.73
        },
        "20154": {
            "year_quarter": 20154,
            "year": 2015,
            "quarter": 4,
            "eps": 0.66,
            "eps_growth_year": 258.22,
            "eps_4q": 4.05,
            "eps_4q_growth_year": 10.95,
            "roe": 2.13,
            "roe_4q": 14.030000000000001,
            "gross_profit": 335761,
            "gross_margin": 16.8,
            "gross_margin_4q_avg": 15.23,
            "net_income": 69839,
            "revenue": 1999041,
            "common_shares": 1064690,
            "book_valuer_per_share": 30.99,
            "book_valuer_per_share_4q_avg": 29.51,
            "equity": 3302128,
            "current_ratio": 213.36,
            "debt_ratio": 45.42,
            "inventory_turnover_ratio": 0.63,
            "account_receivable_turnover_ratio": 1.59,
            "reinvestment_rate": 6.99,
            "research_to_sale_ratio": 0.96,
            "price_fair": 14.82,
            "eps_avg_yearly": 4.94,
            "eps_latest_yearly": 2.64,
            "eps_growth_yearly": -57.68
        },
        "20161": {
            "year_quarter": 20161,
            "year": 2016,
            "quarter": 1,
            "eps": -0.13,
            "eps_growth_year": null,
            "eps_4q": 4.15,
            "eps_4q_growth_year": 15.07,
            "roe": -0.43,
            "roe_4q": 14.379999999999999,
            "gross_profit": 197642,
            "gross_margin": 11.88,
            "gross_margin_4q_avg": 15.47,
            "net_income": -13992,
            "revenue": 1664208,
            "common_shares": 1064690,
            "book_valuer_per_share": 30.6,
            "book_valuer_per_share_4q_avg": 29.84,
            "equity": 3260335,
            "current_ratio": 202.58,
            "debt_ratio": 46.83,
            "inventory_turnover_ratio": 0.58,
            "account_receivable_turnover_ratio": 1.91,
            "reinvestment_rate": 5.98,
            "research_to_sale_ratio": 1.18,
            "price_fair": 14.82,
            "eps_avg_yearly": 4.94,
            "eps_latest_yearly": 2.64,
            "eps_growth_yearly": -57.68
        },
        "20162": {
            "year_quarter": 20162,
            "year": 2016,
            "quarter": 2,
            "eps": 1.31,
            "eps_growth_year": 5.65,
            "eps_4q": 4.23,
            "eps_4q_growth_year": 36.91,
            "roe": 4.36,
            "roe_4q": 14.39,
            "gross_profit": 363368,
            "gross_margin": 16.06,
            "gross_margin_4q_avg": 15.7,
            "net_income": 139002,
            "revenue": 2262755,
            "common_shares": 1066825,
            "book_valuer_per_share": 29.23,
            "book_valuer_per_share_4q_avg": 30.38,
            "equity": 3120010,
            "current_ratio": 184.82,
            "debt_ratio": 52.2,
            "inventory_turnover_ratio": 0.75,
            "account_receivable_turnover_ratio": 2.18,
            "reinvestment_rate": 13.19,
            "research_to_sale_ratio": 0.92,
            "price_fair": 14.82,
            "eps_avg_yearly": 4.94,
            "eps_latest_yearly": 2.64,
            "eps_growth_yearly": -57.68
        },
        "20163": {
            "year_quarter": 20163,
            "year": 2016,
            "quarter": 3,
            "eps": 2.11,
            "eps_growth_year": -12.45,
            "eps_4q": 3.92,
            "eps_4q_growth_year": 9.4,
            "roe": 7,
            "roe_4q": 13.059999999999999,
            "gross_profit": 482933,
            "gross_margin": 17.85,
            "gross_margin_4q_avg": 15.65,
            "net_income": 227128,
            "revenue": 2705780,
            "common_shares": 1081475,
            "book_valuer_per_share": 31.14,
            "book_valuer_per_share_4q_avg": 30.49,
            "equity": 3368570,
            "current_ratio": 256.56,
            "debt_ratio": 46.88,
            "inventory_turnover_ratio": 0.95,
            "account_receivable_turnover_ratio": 2.15,
            "reinvestment_rate": 14.53,
            "research_to_sale_ratio": 0.71,
            "price_fair": 16.61,
            "eps_avg_yearly": 5.54,
            "eps_latest_yearly": 8.44,
            "eps_growth_yearly": -15.16
        },
        "20164": {
            "year_quarter": 20164,
            "year": 2016,
            "quarter": 4,
            "eps": 0.87,
            "eps_growth_year": 31.77,
            "eps_4q": 4.13,
            "eps_4q_growth_year": 1.94,
            "roe": 2.73,
            "roe_4q": 13.66,
            "gross_profit": 341074,
            "gross_margin": 17.35,
            "gross_margin_4q_avg": 15.79,
            "net_income": 93707,
            "revenue": 1965954,
            "common_shares": 1083250,
            "book_valuer_per_share": 32.36,
            "book_valuer_per_share_4q_avg": 30.83,
            "equity": 3506670,
            "current_ratio": 271.5,
            "debt_ratio": 43.55,
            "inventory_turnover_ratio": 0.74,
            "account_receivable_turnover_ratio": 1.81,
            "reinvestment_rate": 21.37,
            "research_to_sale_ratio": 0.92,
            "price_fair": 17.31,
            "eps_avg_yearly": 5.77,
            "eps_latest_yearly": 3.48,
            "eps_growth_yearly": -16.28
        },
        "20171": {
            "year_quarter": 20171,
            "year": 2017,
            "quarter": 1,
            "eps": -6.59,
            "eps_growth_year": null,
            "eps_4q": -2.34,
            "eps_4q_growth_year": -156.3,
            "roe": -22.96,
            "roe_4q": -8.870000000000001,
            "gross_profit": 228532,
            "gross_margin": 14.94,
            "gross_margin_4q_avg": 16.55,
            "net_income": -714936,
            "revenue": 1529283,
            "common_shares": 1085995,
            "book_valuer_per_share": 25.05,
            "book_valuer_per_share_4q_avg": 29.45,
            "equity": 2720822,
            "current_ratio": 207.44,
            "debt_ratio": 53.5,
            "inventory_turnover_ratio": 0.61,
            "account_receivable_turnover_ratio": 1.86,
            "reinvestment_rate": 43.53,
            "research_to_sale_ratio": 1.12,
            "price_fair": 17.31,
            "eps_avg_yearly": 5.77,
            "eps_latest_yearly": 3.48,
            "eps_growth_yearly": -16.28
        },
        "20172": {
            "year_quarter": 20172,
            "year": 2017,
            "quarter": 2,
            "eps": 1.65,
            "eps_growth_year": 25.95,
            "eps_4q": -1.96,
            "eps_4q_growth_year": -146.38,
            "roe": 7.02,
            "roe_4q": -6.210000000000001,
            "gross_profit": 294384,
            "gross_margin": 13.42,
            "gross_margin_4q_avg": 15.89,
            "net_income": 182605,
            "revenue": 2194328,
            "common_shares": 1087413,
            "book_valuer_per_share": 22.6,
            "book_valuer_per_share_4q_avg": 27.79,
            "equity": 2480181,
            "current_ratio": 167.82,
            "debt_ratio": 63.57,
            "inventory_turnover_ratio": 0.86,
            "account_receivable_turnover_ratio": 2.41,
            "reinvestment_rate": 38.39,
            "research_to_sale_ratio": 0.76,
            "price_fair": 17.31,
            "eps_avg_yearly": 5.77,
            "eps_latest_yearly": 3.48,
            "eps_growth_yearly": -16.28
        },
        "20173": {
            "year_quarter": 20173,
            "year": 2017,
            "quarter": 3,
            "eps": 2.1,
            "eps_growth_year": -0.47,
            "eps_4q": -1.95,
            "eps_4q_growth_year": -149.79,
            "roe": 9,
            "roe_4q": -4.210000000000001,
            "gross_profit": 347063,
            "gross_margin": 13.92,
            "gross_margin_4q_avg": 14.91,
            "net_income": 233126,
            "revenue": 2492787,
            "common_shares": 1089343,
            "book_valuer_per_share": 24.55,
            "book_valuer_per_share_4q_avg": 26.14,
            "equity": 2701752,
            "current_ratio": 174.36,
            "debt_ratio": 61.46,
            "inventory_turnover_ratio": 0.91,
            "account_receivable_turnover_ratio": 2.14,
            "reinvestment_rate": 70.93,
            "research_to_sale_ratio": 0.68,
            "price_fair": 16.35,
            "eps_avg_yearly": 5.45,
            "eps_latest_yearly": 8.4,
            "eps_growth_yearly": -59.68
        },
        "20174": {
            "year_quarter": 20174,
            "year": 2017,
            "quarter": 4,
            "eps": 1.72,
            "eps_growth_year": 98.8,
            "eps_4q": -1.09,
            "eps_4q_growth_year": -126.28,
            "roe": 6.81,
            "roe_4q": -0.13000000000000256,
            "gross_profit": 366697,
            "gross_margin": 15.97,
            "gross_margin_4q_avg": 14.56,
            "net_income": 189342,
            "revenue": 2296529,
            "common_shares": 1090130,
            "book_valuer_per_share": 25.8,
            "book_valuer_per_share_4q_avg": 24.5,
            "equity": 2857036,
            "current_ratio": 219.1,
            "debt_ratio": 56.81,
            "inventory_turnover_ratio": 0.84,
            "account_receivable_turnover_ratio": 2.05,
            "reinvestment_rate": 65.42,
            "research_to_sale_ratio": 0.72,
            "price_fair": 18.17,
            "eps_avg_yearly": 6.06,
            "eps_latest_yearly": 6.88,
            "eps_growth_yearly": -28.03
        },
        "20181": {
            "year_quarter": 20181,
            "year": 2018,
            "quarter": 1,
            "eps": 0.66,
            "eps_growth_year": null,
            "eps_4q": 6.11,
            "eps_4q_growth_year": null,
            "roe": 2.6,
            "roe_4q": 25.43,
            "gross_profit": 190026,
            "gross_margin": 11.22,
            "gross_margin_4q_avg": 13.63,
            "net_income": 75469,
            "revenue": 1693280,
            "common_shares": 1093703,
            "book_valuer_per_share": 26.57,
            "book_valuer_per_share_4q_avg": 24.88,
            "equity": 2953987,
            "current_ratio": 234.86,
            "debt_ratio": 56.65,
            "inventory_turnover_ratio": 0.62,
            "account_receivable_turnover_ratio": 1.8,
            "reinvestment_rate": 37.03,
            "research_to_sale_ratio": 0.95,
            "price_fair": 17.03,
            "eps_avg_yearly": 5.68,
            "eps_latest_yearly": 2.64,
            "eps_growth_yearly": -52.31
        },
        "20182": {
            "year_quarter": 20182,
            "year": 2018,
            "quarter": 2,
            "eps": 1.41,
            "eps_growth_year": -14.55,
            "eps_4q": 5.85,
            "eps_4q_growth_year": null,
            "roe": 5.46,
            "roe_4q": 23.87,
            "gross_profit": 374826,
            "gross_margin": 13.47,
            "gross_margin_4q_avg": 13.65,
            "net_income": 157478,
            "revenue": 2781839,
            "common_shares": 1094708,
            "book_valuer_per_share": 25.27,
            "book_valuer_per_share_4q_avg": 25.55,
            "equity": 2814445,
            "current_ratio": 186.7,
            "debt_ratio": 62.95,
            "inventory_turnover_ratio": 0.9,
            "account_receivable_turnover_ratio": 2.49,
            "reinvestment_rate": 42.79,
            "research_to_sale_ratio": 0.6,
            "price_fair": 17.02,
            "eps_avg_yearly": 5.67,
            "eps_latest_yearly": 5.64,
            "eps_growth_yearly": -1.62
        },
        "20183": {
            "year_quarter": 20183,
            "year": 2018,
            "quarter": 3,
            "eps": 2.11,
            "eps_growth_year": 0.48,
            "eps_4q": 5.86,
            "eps_4q_growth_year": null,
            "roe": 8.05,
            "roe_4q": 22.92,
            "gross_profit": 492876,
            "gross_margin": 15.07,
            "gross_margin_4q_avg": 13.93,
            "net_income": 233672,
            "revenue": 3269856,
            "common_shares": 1098745,
            "book_valuer_per_share": 26.8,
            "book_valuer_per_share_4q_avg": 26.11,
            "equity": 2994516,
            "current_ratio": 164.95,
            "debt_ratio": 59.84,
            "inventory_turnover_ratio": 1.03,
            "account_receivable_turnover_ratio": 2.33,
            "reinvestment_rate": 41.7,
            "research_to_sale_ratio": 0.56,
            "price_fair": 156.21,
            "eps_avg_yearly": 5.69,
            "eps_latest_yearly": 8.44,
            "eps_growth_yearly": 17.44
        },
        "20184": {
            "year_quarter": 20184,
            "year": 2018,
            "quarter": 4,
            "eps": 1.47,
            "eps_growth_year": -14.49,
            "eps_4q": 5.6,
            "eps_4q_growth_year": null,
            "roe": 4.65,
            "roe_4q": 20.76,
            "gross_profit": 294482,
            "gross_margin": 12.22,
            "gross_margin_4q_avg": 13,
            "net_income": 165013,
            "revenue": 2409337,
            "common_shares": 1103540,
            "book_valuer_per_share": 31.48,
            "book_valuer_per_share_4q_avg": 27.53,
            "equity": 4099956,
            "current_ratio": 189.47,
            "debt_ratio": 41.69,
            "inventory_turnover_ratio": 0.8,
            "account_receivable_turnover_ratio": 1.95,
            "reinvestment_rate": 35.82,
            "research_to_sale_ratio": 1.19,
            "price_fair": 217.28,
            "eps_avg_yearly": 6.21,
            "eps_latest_yearly": 5.88,
            "eps_growth_yearly": 41.82
        },
        "20191": {
            "year_quarter": 20191,
            "year": 2019,
            "quarter": 1,
            "eps": 0.1,
            "eps_growth_year": -84.85,
            "eps_4q": 5.03,
            "eps_4q_growth_year": -17.74,
            "roe": 0.32,
            "roe_4q": 18.48,
            "gross_profit": 206424,
            "gross_margin": 9.81,
            "gross_margin_4q_avg": 12.64,
            "net_income": 13103,
            "revenue": 2104968,
            "common_shares": 1106967,
            "book_valuer_per_share": 31.94,
            "book_valuer_per_share_4q_avg": 28.87,
            "equity": 4172281,
            "current_ratio": 161.18,
            "debt_ratio": 47.89,
            "inventory_turnover_ratio": 0.65,
            "account_receivable_turnover_ratio": 2,
            "reinvestment_rate": 23.01,
            "research_to_sale_ratio": 0.56,
            "price_fair": 80.23,
            "eps_avg_yearly": 5.68,
            "eps_latest_yearly": 0.4,
            "eps_growth_yearly": 4.13
        },
        "20192": {
            "year_quarter": 20192,
            "year": 2019,
            "quarter": 2,
            "eps": 2.04,
            "eps_growth_year": 44.68,
            "eps_4q": 5.53,
            "eps_4q_growth_year": -5.42,
            "roe": 5.54,
            "roe_4q": 18.560000000000002,
            "gross_profit": 479803,
            "gross_margin": 15.57,
            "gross_margin_4q_avg": 13.17,
            "net_income": 233897,
            "revenue": 3082283,
            "common_shares": 1148019,
            "book_valuer_per_share": 31.7,
            "book_valuer_per_share_4q_avg": 30.48,
            "equity": 4272424,
            "current_ratio": 195.86,
            "debt_ratio": 53.02,
            "inventory_turnover_ratio": 0.79,
            "account_receivable_turnover_ratio": 2.38,
            "reinvestment_rate": 23.8,
            "research_to_sale_ratio": 0.4,
            "price_fair": 206.03,
            "eps_avg_yearly": 5.89,
            "eps_latest_yearly": 8.16,
            "eps_growth_yearly": 650.45
        },
        "20193": {
            "year_quarter": 20193,
            "year": 2019,
            "quarter": 3,
            "eps": 1.9,
            "eps_growth_year": -9.95,
            "eps_4q": 4.87,
            "eps_4q_growth_year": -16.79,
            "roe": 4.96,
            "roe_4q": 15.47,
            "gross_profit": 502206,
            "gross_margin": 15.78,
            "gross_margin_4q_avg": 13.35,
            "net_income": 233389,
            "revenue": 3183501,
            "common_shares": 1301100,
            "book_valuer_per_share": 34.25,
            "book_valuer_per_share_4q_avg": 32.34,
            "equity": 5138066,
            "current_ratio": 318.68,
            "debt_ratio": 40.14,
            "inventory_turnover_ratio": 0.87,
            "account_receivable_turnover_ratio": 2.09,
            "reinvestment_rate": 19.45,
            "research_to_sale_ratio": 0.47,
            "price_fair": 200.08,
            "eps_avg_yearly": 5.72,
            "eps_latest_yearly": 7.6,
            "eps_growth_yearly": 616.71
        },
        "20194": {
            "year_quarter": 20194,
            "year": 2019,
            "quarter": 4,
            "eps": 0.12,
            "eps_growth_year": -91.59,
            "eps_4q": 3.74,
            "eps_4q_growth_year": -33.22,
            "roe": 0.35,
            "roe_4q": 11.17,
            "gross_profit": 249984,
            "gross_margin": 11.24,
            "gross_margin_4q_avg": 13.1,
            "net_income": 18088,
            "revenue": 2223117,
            "common_shares": 1303075,
            "book_valuer_per_share": 33.88,
            "book_valuer_per_share_4q_avg": 32.94,
            "equity": 5092368,
            "current_ratio": 350.4,
            "debt_ratio": 32.74,
            "inventory_turnover_ratio": 0.76,
            "account_receivable_turnover_ratio": 1.79,
            "reinvestment_rate": 18.79,
            "research_to_sale_ratio": 0.56,
            "price_fair": 193.78,
            "eps_avg_yearly": 5.54,
            "eps_latest_yearly": 0.48,
            "eps_growth_yearly": 609.69
        },
        "20201": {
            "year_quarter": 20201,
            "year": 2020,
            "quarter": 1,
            "eps": 0.17,
            "eps_growth_year": 70,
            "eps_4q": 3.82,
            "eps_4q_growth_year": -24.02,
            "roe": 0.51,
            "roe_4q": 11.36,
            "gross_profit": 207214,
            "gross_margin": 10.22,
            "gross_margin_4q_avg": 13.2,
            "net_income": 25817,
            "revenue": 2027513,
            "common_shares": 1308071,
            "book_valuer_per_share": 33.4,
            "book_valuer_per_share_4q_avg": 33.31,
            "equity": 5031933,
            "current_ratio": 255.41,
            "debt_ratio": 40.93,
            "inventory_turnover_ratio": 0.71,
            "account_receivable_turnover_ratio": 1.88,
            "reinvestment_rate": 20.77,
            "research_to_sale_ratio": 0.63,
            "price_fair": 180.71,
            "eps_avg_yearly": 5.16,
            "eps_latest_yearly": 0.68,
            "eps_growth_yearly": 575.61
        },
        "20202": {
            "year_quarter": 20202,
            "year": 2020,
            "quarter": 2,
            "eps": 1.03,
            "eps_growth_year": -49.51,
            "eps_4q": 3.44,
            "eps_4q_growth_year": -37.81,
            "roe": 3.72,
            "roe_4q": 9.54,
            "gross_profit": 429696,
            "gross_margin": 16.3,
            "gross_margin_4q_avg": 13.39,
            "net_income": 183178,
            "revenue": 2636355,
            "common_shares": 1310163,
            "book_valuer_per_share": 31.89,
            "book_valuer_per_share_4q_avg": 33.36,
            "equity": 4815111,
            "current_ratio": 204.77,
            "debt_ratio": 42.57,
            "inventory_turnover_ratio": 0.84,
            "account_receivable_turnover_ratio": 1.86,
            "reinvestment_rate": 15.97,
            "research_to_sale_ratio": 0.54,
            "price_fair": 178.1,
            "eps_avg_yearly": 5.09,
            "eps_latest_yearly": 4.12,
            "eps_growth_yearly": 679.03
        },
        "20203": {
            "year_quarter": 20203,
            "year": 2020,
            "quarter": 3,
            "eps": 0.98,
            "eps_growth_year": -48.42,
            "eps_4q": 2.66,
            "eps_4q_growth_year": -45.51,
            "roe": 2.77,
            "roe_4q": 7.35,
            "gross_profit": 353249,
            "gross_margin": 13.85,
            "gross_margin_4q_avg": 12.9,
            "net_income": 134860,
            "revenue": 2551207,
            "common_shares": 1310523,
            "book_valuer_per_share": 32.47,
            "book_valuer_per_share_4q_avg": 32.91,
            "equity": 4909473,
            "current_ratio": 233.31,
            "debt_ratio": 35.24,
            "inventory_turnover_ratio": 0.98,
            "account_receivable_turnover_ratio": 1.68,
            "reinvestment_rate": 14.25,
            "research_to_sale_ratio": 0.51,
            "price_fair": 166.8,
            "eps_avg_yearly": 4.77,
            "eps_latest_yearly": 3.92,
            "eps_growth_yearly": 660.19
        },
        "20204": {
            "year_quarter": 20204,
            "year": 2020,
            "quarter": 4,
            "eps": 0.1,
            "eps_growth_year": -22.9,
            "eps_4q": 2.63,
            "eps_4q_growth_year": -29.77,
            "roe": -0.61,
            "roe_4q": 6.390000000000001,
            "gross_profit": 181419,
            "gross_margin": 14.13,
            "gross_margin_4q_avg": 13.63,
            "net_income": -29808,
            "revenue": 1283622,
            "common_shares": 1310623,
            "book_valuer_per_share": 32.93,
            "book_valuer_per_share_4q_avg": 32.67,
            "equity": 4937796,
            "current_ratio": 190.78,
            "debt_ratio": 34.27,
            "inventory_turnover_ratio": 0.59,
            "account_receivable_turnover_ratio": 1.12,
            "reinvestment_rate": 36.44,
            "research_to_sale_ratio": 1.06,
            "price_fair": 159.1,
            "eps_avg_yearly": 4.55,
            "eps_latest_yearly": 0.4,
            "eps_growth_yearly": 651.33
        },
        "20211": {
            "year_quarter": 20211,
            "year": 2021,
            "quarter": 1,
            "eps": 0.98,
            "eps_growth_year": 476.47,
            "eps_4q": 3.43,
            "eps_4q_growth_year": -10.24,
            "roe": 2.64,
            "roe_4q": 8.520000000000001,
            "gross_profit": 207752,
            "gross_margin": 12.29,
            "gross_margin_4q_avg": 14.14,
            "net_income": 133528,
            "revenue": 1690320,
            "common_shares": 1312308,
            "book_valuer_per_share": 34.45,
            "book_valuer_per_share_4q_avg": 32.94,
            "equity": 5178742,
            "current_ratio": 179.8,
            "debt_ratio": 35.13,
            "inventory_turnover_ratio": 0.77,
            "account_receivable_turnover_ratio": 2.02,
            "reinvestment_rate": 23.15,
            "research_to_sale_ratio": 0.71,
            "price_fair": 157.64,
            "eps_avg_yearly": 4.5,
            "eps_latest_yearly": 3.92,
            "eps_growth_yearly": 842.57
        },
        "20212": {
            "year_quarter": 20212,
            "year": 2021,
            "quarter": 2,
            "eps": 1,
            "eps_growth_year": -2.91,
            "eps_4q": 3.05,
            "eps_4q_growth_year": -11.23,
            "roe": 1.94,
            "roe_4q": 6.74,
            "gross_profit": 377640,
            "gross_margin": 15.76,
            "gross_margin_4q_avg": 14.01,
            "net_income": 101028,
            "revenue": 2395457,
            "common_shares": 1312308,
            "book_valuer_per_share": 34.84,
            "book_valuer_per_share_4q_avg": 33.67,
            "equity": 5229858,
            "current_ratio": 201.41,
            "debt_ratio": 38.5,
            "inventory_turnover_ratio": 0.9,
            "account_receivable_turnover_ratio": 2.33,
            "reinvestment_rate": 25.58,
            "research_to_sale_ratio": 0.53,
            "price_fair": 156.54,
            "eps_avg_yearly": 4.47,
            "eps_latest_yearly": 4,
            "eps_growth_yearly": 790.42
        },
        "20213": {
            "year_quarter": 20213,
            "year": 2021,
            "quarter": 3,
            "eps": -0.26,
            "eps_growth_year": -126.53,
            "eps_4q": 2.16,
            "eps_4q_growth_year": -18.54,
            "roe": 0.23,
            "roe_4q": 4.2,
            "gross_profit": 214621,
            "gross_margin": 11.95,
            "gross_margin_4q_avg": 13.53,
            "net_income": 11651,
            "revenue": 1796238,
            "common_shares": 1312738,
            "book_valuer_per_share": 31.88,
            "book_valuer_per_share_4q_avg": 33.53,
            "equity": 4789259,
            "current_ratio": 182.79,
            "debt_ratio": 45.23,
            "inventory_turnover_ratio": 0.65,
            "account_receivable_turnover_ratio": 1.6,
            "reinvestment_rate": 4.67,
            "research_to_sale_ratio": 0.63,
            "price_fair": 147.37,
            "eps_avg_yearly": 4.21,
            "eps_latest_yearly": 4,
            "eps_growth_yearly": 835.85
        },
        "20214": {
            "year_quarter": 20214,
            "year": 2021,
            "quarter": 4,
            "eps": 1.85,
            "eps_growth_year": 1834.42,
            "eps_4q": 3.91,
            "eps_4q_growth_year": 48.83,
            "roe": 4.98,
            "roe_4q": 9.790000000000001,
            "gross_profit": 188651,
            "gross_margin": 8.66,
            "gross_margin_4q_avg": 12.17,
            "net_income": 243543,
            "revenue": 2178545,
            "common_shares": 1313228,
            "book_valuer_per_share": 33.14,
            "book_valuer_per_share_4q_avg": 33.58,
            "equity": 4982264,
            "current_ratio": 213.71,
            "debt_ratio": 39.93,
            "inventory_turnover_ratio": 0.8,
            "account_receivable_turnover_ratio": 2.29,
            "reinvestment_rate": -4.98,
            "research_to_sale_ratio": 0.59,
            "price_fair": 140.7,
            "eps_avg_yearly": 4.02,
            "eps_latest_yearly": 4,
            "eps_growth_yearly": 900.72
        },
        "20221": {
            "year_quarter": 20221,
            "year": 2022,
            "quarter": 1,
            "eps": 1.11,
            "eps_growth_year": 13.27,
            "eps_4q": 4.05,
            "eps_4q_growth_year": 18.03,
            "roe": 2.86,
            "roe_4q": 10.01,
            "gross_profit": 280246,
            "gross_margin": 13.28,
            "gross_margin_4q_avg": 12.41,
            "net_income": 145349,
            "revenue": 2109941,
            "common_shares": 1315023,
            "book_valuer_per_share": 34.56,
            "book_valuer_per_share_4q_avg": 33.61,
            "equity": 5198122,
            "current_ratio": 213,
            "debt_ratio": 41.64,
            "inventory_turnover_ratio": 0.72,
            "account_receivable_turnover_ratio": 2.08,
            "reinvestment_rate": 9.59,
            "research_to_sale_ratio": 0.51,
            "price_fair": 145.2,
            "eps_avg_yearly": 4.15,
            "eps_latest_yearly": 4.44,
            "eps_growth_yearly": 906.9
        },
        "20222": {
            "year_quarter": 20222,
            "year": 2022,
            "quarter": 2,
            "eps": 1.89,
            "eps_growth_year": 89,
            "eps_4q": 5.28,
            "eps_4q_growth_year": 72.84,
            "roe": 5.77,
            "roe_4q": 13.84,
            "gross_profit": 518878,
            "gross_margin": 18.32,
            "gross_margin_4q_avg": 13.05,
            "net_income": 294173,
            "revenue": 2832456,
            "common_shares": 1315753,
            "book_valuer_per_share": 33.24,
            "book_valuer_per_share_4q_avg": 33.21,
            "equity": 5002118,
            "current_ratio": 170.21,
            "debt_ratio": 43.64,
            "inventory_turnover_ratio": 0.9,
            "account_receivable_turnover_ratio": 2.3,
            "reinvestment_rate": 8.34,
            "research_to_sale_ratio": 0.45,
            "price_fair": 150,
            "eps_avg_yearly": 4.29,
            "eps_latest_yearly": 7.56,
            "eps_growth_yearly": 894.51
        },
        "20223": {
            "year_quarter": 20223,
            "year": 2022,
            "quarter": 3,
            "eps": 2.78,
            "eps_growth_year": null,
            "eps_4q": 7.57,
            "eps_4q_growth_year": 250.13,
            "roe": 7.03,
            "roe_4q": 20.64,
            "gross_profit": 576714,
            "gross_margin": 17.96,
            "gross_margin_4q_avg": 14.56,
            "net_income": 368671,
            "revenue": 3210400,
            "common_shares": 1390327,
            "book_valuer_per_share": 36.4,
            "book_valuer_per_share_4q_avg": 34.34,
            "equity": 5489576,
            "current_ratio": 204.36,
            "debt_ratio": 39.21,
            "inventory_turnover_ratio": 1.13,
            "account_receivable_turnover_ratio": 2.26,
            "reinvestment_rate": 8.01,
            "research_to_sale_ratio": 0.42,
            "price_fair": 156.7,
            "eps_avg_yearly": 4.48,
            "eps_latest_yearly": 11.12,
            "eps_growth_yearly": 893.78
        },
        "20224": {
            "year_quarter": 20224,
            "year": 2022,
            "quarter": 4,
            "eps": 0.78,
            "eps_growth_year": -57.91,
            "eps_4q": 6.52,
            "eps_4q_growth_year": 66.83,
            "roe": 1.98,
            "roe_4q": 17.64,
            "gross_profit": 387363,
            "gross_margin": 18.01,
            "gross_margin_4q_avg": 16.89,
            "net_income": 109292,
            "revenue": 2151412,
            "common_shares": 1408331,
            "book_valuer_per_share": 37.01,
            "book_valuer_per_share_4q_avg": 35.3,
            "equity": 5572328,
            "current_ratio": 214.79,
            "debt_ratio": 34.96,
            "inventory_turnover_ratio": 0.82,
            "account_receivable_turnover_ratio": 1.77,
            "reinvestment_rate": 11.19,
            "research_to_sale_ratio": 0.65,
            "price_fair": 149.8,
            "eps_avg_yearly": 4.28,
            "eps_latest_yearly": 3.12,
            "eps_growth_yearly": 881.89
        },
        "20231": {
            "year_quarter": 20231,
            "year": 2023,
            "quarter": 1,
            "eps": 0.53,
            "eps_growth_year": -52.25,
            "eps_4q": 6.1,
            "eps_4q_growth_year": 50.65,
            "roe": 1.78,
            "roe_4q": 16.56,
            "gross_profit": 296021,
            "gross_margin": 16.95,
            "gross_margin_4q_avg": 17.81,
            "net_income": 95145,
            "revenue": 1746053,
            "common_shares": 1425003,
            "book_valuer_per_share": 34.11,
            "book_valuer_per_share_4q_avg": 35.19,
            "equity": 5141909,
            "current_ratio": 172.31,
            "debt_ratio": 41.25,
            "inventory_turnover_ratio": 0.64,
            "account_receivable_turnover_ratio": 1.81,
            "reinvestment_rate": 16.37,
            "research_to_sale_ratio": 0.72,
            "price_fair": 154.1,
            "eps_avg_yearly": 4.4,
            "eps_latest_yearly": 2.12,
            "eps_growth_yearly": 899.36
        }
    },
    "months": {
        "2001-06": {
            "month": "2001-06",
            "price": "15.55",
            "revenue": 438713
        },
        "2001-07": {
            "month": "2001-07",
            "price": "15.21",
            "revenue": 486516
        },
        "2001-08": {
            "month": "2001-08",
            "price": "14.69",
            "revenue": 445739
        },
        "2001-09": {
            "month": "2001-09",
            "price": "14.51",
            "revenue": 353805
        },
        "2001-10": {
            "month": "2001-10",
            "price": "14.63",
            "revenue": 264944
        },
        "2001-11": {
            "month": "2001-11",
            "price": "14.99",
            "revenue": 260513
        },
        "2001-12": {
            "month": "2001-12",
            "price": "16.93",
            "revenue": 236458
        },
        "2002-01": {
            "month": "2002-01",
            "price": "16.67",
            "revenue": 340195
        },
        "2002-02": {
            "month": "2002-02",
            "price": "17.11",
            "revenue": 275808
        },
        "2002-03": {
            "month": "2002-03",
            "price": "16.94",
            "revenue": 336033
        },
        "2002-04": {
            "month": "2002-04",
            "price": "18.67",
            "revenue": 372847
        },
        "2002-05": {
            "month": "2002-05",
            "price": "23.34",
            "revenue": 344075
        },
        "2002-06": {
            "month": "2002-06",
            "price": "25.30",
            "revenue": 401051
        },
        "2002-07": {
            "month": "2002-07",
            "price": "16.87",
            "revenue": 383631
        },
        "2002-08": {
            "month": "2002-08",
            "price": "16.41",
            "revenue": 423802
        },
        "2002-09": {
            "month": "2002-09",
            "price": "15.33",
            "revenue": 399379
        },
        "2002-10": {
            "month": "2002-10",
            "price": "15.83",
            "revenue": 372851
        },
        "2002-11": {
            "month": "2002-11",
            "price": "15.39",
            "revenue": 314778
        },
        "2002-12": {
            "month": "2002-12",
            "price": "14.78",
            "revenue": 226056
        },
        "2003-01": {
            "month": "2003-01",
            "price": "15.09",
            "revenue": 278054
        },
        "2003-02": {
            "month": "2003-02",
            "price": "14.86",
            "revenue": 232066
        },
        "2003-03": {
            "month": "2003-03",
            "price": "14.30",
            "revenue": 262474
        },
        "2003-04": {
            "month": "2003-04",
            "price": "12.81",
            "revenue": 294256
        },
        "2003-05": {
            "month": "2003-05",
            "price": "11.11",
            "revenue": 300803
        },
        "2003-06": {
            "month": "2003-06",
            "price": "11.24",
            "revenue": 322197
        },
        "2003-07": {
            "month": "2003-07",
            "price": "11.10",
            "revenue": 373841
        },
        "2003-08": {
            "month": "2003-08",
            "price": "10.59",
            "revenue": 473439
        },
        "2003-09": {
            "month": "2003-09",
            "price": "10.00",
            "revenue": 445178
        },
        "2003-10": {
            "month": "2003-10",
            "price": "10.15",
            "revenue": 366819
        },
        "2003-11": {
            "month": "2003-11",
            "price": "11.99",
            "revenue": 335938
        },
        "2003-12": {
            "month": "2003-12",
            "price": "11.22",
            "revenue": 308565
        },
        "2004-01": {
            "month": "2004-01",
            "price": "11.39",
            "revenue": 251718
        },
        "2004-02": {
            "month": "2004-02",
            "price": "12.54",
            "revenue": 254315
        },
        "2004-03": {
            "month": "2004-03",
            "price": "12.13",
            "revenue": 293915
        },
        "2004-04": {
            "month": "2004-04",
            "price": "11.38",
            "revenue": 285171
        },
        "2004-05": {
            "month": "2004-05",
            "price": "9.80",
            "revenue": 353159
        },
        "2004-06": {
            "month": "2004-06",
            "price": "9.51",
            "revenue": 313601
        },
        "2004-07": {
            "month": "2004-07",
            "price": "9.61",
            "revenue": 399736
        },
        "2004-08": {
            "month": "2004-08",
            "price": "9.27",
            "revenue": 525155
        },
        "2004-09": {
            "month": "2004-09",
            "price": "9.14",
            "revenue": 475404
        },
        "2004-10": {
            "month": "2004-10",
            "price": "8.98",
            "revenue": 285614
        },
        "2004-11": {
            "month": "2004-11",
            "price": "8.90",
            "revenue": 267225
        },
        "2004-12": {
            "month": "2004-12",
            "price": "8.43",
            "revenue": 259998
        },
        "2005-01": {
            "month": "2005-01",
            "price": "8.43",
            "revenue": 256670
        },
        "2005-02": {
            "month": "2005-02",
            "price": "8.28",
            "revenue": 177360
        },
        "2005-03": {
            "month": "2005-03",
            "price": "7.85",
            "revenue": 190207
        },
        "2005-04": {
            "month": "2005-04",
            "price": "7.25",
            "revenue": 221446
        },
        "2005-05": {
            "month": "2005-05",
            "price": "6.94",
            "revenue": 371036
        },
        "2005-06": {
            "month": "2005-06",
            "price": "7.26",
            "revenue": 296960
        },
        "2005-07": {
            "month": "2005-07",
            "price": "8.05",
            "revenue": 401793
        },
        "2005-08": {
            "month": "2005-08",
            "price": "8.03",
            "revenue": 368367
        },
        "2005-09": {
            "month": "2005-09",
            "price": "7.37",
            "revenue": 285202
        },
        "2005-10": {
            "month": "2005-10",
            "price": "7.29",
            "revenue": 243386
        },
        "2005-11": {
            "month": "2005-11",
            "price": "7.89",
            "revenue": 276842
        },
        "2005-12": {
            "month": "2005-12",
            "price": "8.26",
            "revenue": 326580
        },
        "2006-01": {
            "month": "2006-01",
            "price": "8.11",
            "revenue": 240771
        },
        "2006-02": {
            "month": "2006-02",
            "price": "8.45",
            "revenue": 131134
        },
        "2006-03": {
            "month": "2006-03",
            "price": "8.14",
            "revenue": 219242
        },
        "2006-04": {
            "month": "2006-04",
            "price": "8.61",
            "revenue": 349980
        },
        "2006-05": {
            "month": "2006-05",
            "price": "7.94",
            "revenue": 250670
        },
        "2006-06": {
            "month": "2006-06",
            "price": "7.97",
            "revenue": 380896
        },
        "2006-07": {
            "month": "2006-07",
            "price": "7.77",
            "revenue": 398919
        },
        "2006-08": {
            "month": "2006-08",
            "price": "7.66",
            "revenue": 357255
        },
        "2006-09": {
            "month": "2006-09",
            "price": "7.37",
            "revenue": 323114
        },
        "2006-10": {
            "month": "2006-10",
            "price": "7.48",
            "revenue": 243409
        },
        "2006-11": {
            "month": "2006-11",
            "price": "8.22",
            "revenue": 227938
        },
        "2006-12": {
            "month": "2006-12",
            "price": "9.75",
            "revenue": 251218
        },
        "2007-01": {
            "month": "2007-01",
            "price": "8.73",
            "revenue": 193412
        },
        "2007-02": {
            "month": "2007-02",
            "price": "8.90",
            "revenue": 120061
        },
        "2007-03": {
            "month": "2007-03",
            "price": "10.05",
            "revenue": 211983
        },
        "2007-04": {
            "month": "2007-04",
            "price": "12.68",
            "revenue": 215876
        },
        "2007-05": {
            "month": "2007-05",
            "price": "11.05",
            "revenue": 425102
        },
        "2007-06": {
            "month": "2007-06",
            "price": "11.46",
            "revenue": 496450
        },
        "2007-07": {
            "month": "2007-07",
            "price": "13.29",
            "revenue": 417928
        },
        "2007-08": {
            "month": "2007-08",
            "price": "11.92",
            "revenue": 459464
        },
        "2007-09": {
            "month": "2007-09",
            "price": "10.56",
            "revenue": 314499
        },
        "2007-10": {
            "month": "2007-10",
            "price": "10.78",
            "revenue": 319384
        },
        "2007-11": {
            "month": "2007-11",
            "price": "11.35",
            "revenue": 281068
        },
        "2007-12": {
            "month": "2007-12",
            "price": "11.37",
            "revenue": 208830
        },
        "2008-01": {
            "month": "2008-01",
            "price": "10.92",
            "revenue": 177007
        },
        "2008-02": {
            "month": "2008-02",
            "price": "11.32",
            "revenue": 134665
        },
        "2008-03": {
            "month": "2008-03",
            "price": "11.74",
            "revenue": 184227
        },
        "2008-04": {
            "month": "2008-04",
            "price": "11.65",
            "revenue": 236549
        },
        "2008-05": {
            "month": "2008-05",
            "price": "11.45",
            "revenue": 267929
        },
        "2008-06": {
            "month": "2008-06",
            "price": "10.71",
            "revenue": 334690
        },
        "2008-07": {
            "month": "2008-07",
            "price": "9.08",
            "revenue": 255393
        },
        "2008-08": {
            "month": "2008-08",
            "price": "8.76",
            "revenue": 447275
        },
        "2008-09": {
            "month": "2008-09",
            "price": "8.99",
            "revenue": 409203
        },
        "2008-10": {
            "month": "2008-10",
            "price": "8.94",
            "revenue": 363583
        },
        "2008-11": {
            "month": "2008-11",
            "price": "9.30",
            "revenue": 287109
        },
        "2008-12": {
            "month": "2008-12",
            "price": "9.45",
            "revenue": 315458
        },
        "2009-01": {
            "month": "2009-01",
            "price": "9.59",
            "revenue": 202629
        },
        "2009-02": {
            "month": "2009-02",
            "price": "9.35",
            "revenue": 150668
        },
        "2009-03": {
            "month": "2009-03",
            "price": "9.79",
            "revenue": 278072
        },
        "2009-04": {
            "month": "2009-04",
            "price": "10.70",
            "revenue": 290299
        },
        "2009-05": {
            "month": "2009-05",
            "price": "10.05",
            "revenue": 387220
        },
        "2009-06": {
            "month": "2009-06",
            "price": "9.92",
            "revenue": 382643
        },
        "2009-07": {
            "month": "2009-07",
            "price": "11.56",
            "revenue": 451370
        },
        "2009-08": {
            "month": "2009-08",
            "price": "11.60",
            "revenue": 429652
        },
        "2009-09": {
            "month": "2009-09",
            "price": "12.10",
            "revenue": 465310
        },
        "2009-10": {
            "month": "2009-10",
            "price": "13.26",
            "revenue": 318421
        },
        "2009-11": {
            "month": "2009-11",
            "price": "14.76",
            "revenue": 330894
        },
        "2009-12": {
            "month": "2009-12",
            "price": "14.73",
            "revenue": 240076
        },
        "2010-01": {
            "month": "2010-01",
            "price": "16.48",
            "revenue": 327162
        },
        "2010-02": {
            "month": "2010-02",
            "price": "14.92",
            "revenue": 189793
        },
        "2010-03": {
            "month": "2010-03",
            "price": "15.59",
            "revenue": 287830
        },
        "2010-04": {
            "month": "2010-04",
            "price": "15.84",
            "revenue": 313576
        },
        "2010-05": {
            "month": "2010-05",
            "price": "14.34",
            "revenue": 313915
        },
        "2010-06": {
            "month": "2010-06",
            "price": "13.95",
            "revenue": 396104
        },
        "2010-07": {
            "month": "2010-07",
            "price": "14.75",
            "revenue": 561437
        },
        "2010-08": {
            "month": "2010-08",
            "price": "18.38",
            "revenue": 667749
        },
        "2010-09": {
            "month": "2010-09",
            "price": "24.77",
            "revenue": 619125
        },
        "2010-10": {
            "month": "2010-10",
            "price": "28.25",
            "revenue": 523079
        },
        "2010-11": {
            "month": "2010-11",
            "price": "26.01",
            "revenue": 509242
        },
        "2010-12": {
            "month": "2010-12",
            "price": "27.30",
            "revenue": 455327
        },
        "2011-01": {
            "month": "2011-01",
            "price": "26.14",
            "revenue": 254157
        },
        "2011-02": {
            "month": "2011-02",
            "price": "23.10",
            "revenue": 216330
        },
        "2011-03": {
            "month": "2011-03",
            "price": "20.42",
            "revenue": 383498
        },
        "2011-04": {
            "month": "2011-04",
            "price": "20.72",
            "revenue": 479130
        },
        "2011-05": {
            "month": "2011-05",
            "price": "19.91",
            "revenue": 478965
        },
        "2011-06": {
            "month": "2011-06",
            "price": "20.11",
            "revenue": 601005
        },
        "2011-07": {
            "month": "2011-07",
            "price": "21.99",
            "revenue": 623645
        },
        "2011-08": {
            "month": "2011-08",
            "price": "22.29",
            "revenue": 843329
        },
        "2011-09": {
            "month": "2011-09",
            "price": "19.83",
            "revenue": 853845
        },
        "2011-10": {
            "month": "2011-10",
            "price": "21.59",
            "revenue": 641698
        },
        "2011-11": {
            "month": "2011-11",
            "price": "20.74",
            "revenue": 582525
        },
        "2011-12": {
            "month": "2011-12",
            "price": "19.35",
            "revenue": 514301
        },
        "2012-01": {
            "month": "2012-01",
            "price": "18.27",
            "revenue": 373414
        },
        "2012-02": {
            "month": "2012-02",
            "price": "19.64",
            "revenue": 448387
        },
        "2012-03": {
            "month": "2012-03",
            "price": "20.32",
            "revenue": 576205
        },
        "2012-04": {
            "month": "2012-04",
            "price": "19.30",
            "revenue": 389222
        },
        "2012-05": {
            "month": "2012-05",
            "price": "18.53",
            "revenue": 555095
        },
        "2012-06": {
            "month": "2012-06",
            "price": "17.60",
            "revenue": 571983
        },
        "2012-07": {
            "month": "2012-07",
            "price": "18.26",
            "revenue": 563019
        },
        "2012-08": {
            "month": "2012-08",
            "price": "19.05",
            "revenue": 794998
        },
        "2012-09": {
            "month": "2012-09",
            "price": "21.07",
            "revenue": 650282
        },
        "2012-10": {
            "month": "2012-10",
            "price": "21.97",
            "revenue": 733747
        },
        "2012-11": {
            "month": "2012-11",
            "price": "20.04",
            "revenue": 604881
        },
        "2012-12": {
            "month": "2012-12",
            "price": "21.02",
            "revenue": 442388
        },
        "2013-01": {
            "month": "2013-01",
            "price": "20.79",
            "revenue": 566415
        },
        "2013-02": {
            "month": "2013-02",
            "price": "20.31",
            "revenue": 302798
        },
        "2013-03": {
            "month": "2013-03",
            "price": "20.92",
            "revenue": 716088
        },
        "2013-04": {
            "month": "2013-04",
            "price": "21.48",
            "revenue": 656724
        },
        "2013-05": {
            "month": "2013-05",
            "price": "21.40",
            "revenue": 691144
        },
        "2013-06": {
            "month": "2013-06",
            "price": "20.88",
            "revenue": 942220
        },
        "2013-07": {
            "month": "2013-07",
            "price": "26.76",
            "revenue": 982211
        },
        "2013-08": {
            "month": "2013-08",
            "price": "35.18",
            "revenue": 1123355
        },
        "2013-09": {
            "month": "2013-09",
            "price": "38.95",
            "revenue": 1194606
        },
        "2013-10": {
            "month": "2013-10",
            "price": "44.83",
            "revenue": 745828
        },
        "2013-11": {
            "month": "2013-11",
            "price": "48.75",
            "revenue": 730752
        },
        "2013-12": {
            "month": "2013-12",
            "price": "46.85",
            "revenue": 438282
        },
        "2014-01": {
            "month": "2014-01",
            "price": "42.81",
            "revenue": 493654
        },
        "2014-02": {
            "month": "2014-02",
            "price": "45.77",
            "revenue": 470794
        },
        "2014-03": {
            "month": "2014-03",
            "price": "48.15",
            "revenue": 851231
        },
        "2014-04": {
            "month": "2014-04",
            "price": "52.64",
            "revenue": 819305
        },
        "2014-05": {
            "month": "2014-05",
            "price": "49.13",
            "revenue": 810203
        },
        "2014-06": {
            "month": "2014-06",
            "price": "49.50",
            "revenue": 1152745
        },
        "2014-07": {
            "month": "2014-07",
            "price": "54.17",
            "revenue": 865440
        },
        "2014-08": {
            "month": "2014-08",
            "price": "47.75",
            "revenue": 1015060
        },
        "2014-09": {
            "month": "2014-09",
            "price": "45.52",
            "revenue": 810270
        },
        "2014-10": {
            "month": "2014-10",
            "price": "39.89",
            "revenue": 767711
        },
        "2014-11": {
            "month": "2014-11",
            "price": "40.19",
            "revenue": 518366
        },
        "2014-12": {
            "month": "2014-12",
            "price": "41.88",
            "revenue": 433395
        },
        "2015-01": {
            "month": "2015-01",
            "price": "39.83",
            "revenue": 423532
        },
        "2015-02": {
            "month": "2015-02",
            "price": "39.37",
            "revenue": 458619
        },
        "2015-03": {
            "month": "2015-03",
            "price": "41.08",
            "revenue": 661834
        },
        "2015-04": {
            "month": "2015-04",
            "price": "40.98",
            "revenue": 690670
        },
        "2015-05": {
            "month": "2015-05",
            "price": "39.72",
            "revenue": 739388
        },
        "2015-06": {
            "month": "2015-06",
            "price": "38.29",
            "revenue": 1002757
        },
        "2015-07": {
            "month": "2015-07",
            "price": "37.41",
            "revenue": 861138
        },
        "2015-08": {
            "month": "2015-08",
            "price": "31.66",
            "revenue": 1088682
        },
        "2015-09": {
            "month": "2015-09",
            "price": "38.92",
            "revenue": 994831
        },
        "2015-10": {
            "month": "2015-10",
            "price": "48.97",
            "revenue": 818950
        },
        "2015-11": {
            "month": "2015-11",
            "price": "52.01",
            "revenue": 682629
        },
        "2015-12": {
            "month": "2015-12",
            "price": "61.77",
            "revenue": 497000
        },
        "2016-01": {
            "month": "2016-01",
            "price": "54.59",
            "revenue": 614902
        },
        "2016-02": {
            "month": "2016-02",
            "price": "55.32",
            "revenue": 374137
        },
        "2016-03": {
            "month": "2016-03",
            "price": "51.73",
            "revenue": 675168
        },
        "2016-04": {
            "month": "2016-04",
            "price": "53.26",
            "revenue": 701938
        },
        "2016-05": {
            "month": "2016-05",
            "price": "46.35",
            "revenue": 718175
        },
        "2016-06": {
            "month": "2016-06",
            "price": "44.81",
            "revenue": 842643
        },
        "2016-07": {
            "month": "2016-07",
            "price": "48.36",
            "revenue": 880370
        },
        "2016-08": {
            "month": "2016-08",
            "price": "49.08",
            "revenue": 1052268
        },
        "2016-09": {
            "month": "2016-09",
            "price": "49.30",
            "revenue": 773142
        },
        "2016-10": {
            "month": "2016-10",
            "price": "47.40",
            "revenue": 737909
        },
        "2016-11": {
            "month": "2016-11",
            "price": "46.22",
            "revenue": 741063
        },
        "2016-12": {
            "month": "2016-12",
            "price": "47.29",
            "revenue": 486982
        },
        "2017-01": {
            "month": "2017-01",
            "price": "45.92",
            "revenue": 508411
        },
        "2017-02": {
            "month": "2017-02",
            "price": "46.32",
            "revenue": 410622
        },
        "2017-03": {
            "month": "2017-03",
            "price": "50.35",
            "revenue": 610251
        },
        "2017-04": {
            "month": "2017-04",
            "price": "45.46",
            "revenue": 628967
        },
        "2017-05": {
            "month": "2017-05",
            "price": "44.60",
            "revenue": 734653
        },
        "2017-06": {
            "month": "2017-06",
            "price": "44.63",
            "revenue": 830707
        },
        "2017-07": {
            "month": "2017-07",
            "price": "45.00",
            "revenue": 738487
        },
        "2017-08": {
            "month": "2017-08",
            "price": "46.34",
            "revenue": 876300
        },
        "2017-09": {
            "month": "2017-09",
            "price": "45.31",
            "revenue": 878000
        },
        "2017-10": {
            "month": "2017-10",
            "price": "43.79",
            "revenue": 992371
        },
        "2017-11": {
            "month": "2017-11",
            "price": "43.42",
            "revenue": 759983
        },
        "2017-12": {
            "month": "2017-12",
            "price": "43.98",
            "revenue": 555606
        },
        "2018-01": {
            "month": "2018-01",
            "price": "47.56",
            "revenue": 588957
        },
        "2018-02": {
            "month": "2018-02",
            "price": "47.47",
            "revenue": 388849
        },
        "2018-03": {
            "month": "2018-03",
            "price": "49.28",
            "revenue": 715474
        },
        "2018-04": {
            "month": "2018-04",
            "price": "48.26",
            "revenue": 845714
        },
        "2018-05": {
            "month": "2018-05",
            "price": "48.43",
            "revenue": 843987
        },
        "2018-06": {
            "month": "2018-06",
            "price": "50.29",
            "revenue": 1092138
        },
        "2018-07": {
            "month": "2018-07",
            "price": "50.27",
            "revenue": 1137102
        },
        "2018-08": {
            "month": "2018-08",
            "price": "50.75",
            "revenue": 1136696
        },
        "2018-09": {
            "month": "2018-09",
            "price": "47.86",
            "revenue": 996058
        },
        "2018-10": {
            "month": "2018-10",
            "price": "43.00",
            "revenue": 897366
        },
        "2018-11": {
            "month": "2018-11",
            "price": "43.10",
            "revenue": 896510
        },
        "2018-12": {
            "month": "2018-12",
            "price": "44.69",
            "revenue": 615461
        },
        "2019-01": {
            "month": "2019-01",
            "price": "44.87",
            "revenue": 676963
        },
        "2019-02": {
            "month": "2019-02",
            "price": "46.05",
            "revenue": 538495
        },
        "2019-03": {
            "month": "2019-03",
            "price": "47.53",
            "revenue": 889510
        },
        "2019-04": {
            "month": "2019-04",
            "price": "48.08",
            "revenue": 710431
        },
        "2019-05": {
            "month": "2019-05",
            "price": "47.53",
            "revenue": 1141474
        },
        "2019-06": {
            "month": "2019-06",
            "price": "47.98",
            "revenue": 1230378
        },
        "2019-07": {
            "month": "2019-07",
            "price": "47.14",
            "revenue": 1143674
        },
        "2019-08": {
            "month": "2019-08",
            "price": "44.91",
            "revenue": 1152673
        },
        "2019-09": {
            "month": "2019-09",
            "price": "46.53",
            "revenue": 887154
        },
        "2019-10": {
            "month": "2019-10",
            "price": "44.75",
            "revenue": 863821
        },
        "2019-11": {
            "month": "2019-11",
            "price": "45.39",
            "revenue": 786532
        },
        "2019-12": {
            "month": "2019-12",
            "price": "45.31",
            "revenue": 572723
        },
        "2020-01": {
            "month": "2020-01",
            "price": "45.13",
            "revenue": 595616
        },
        "2020-02": {
            "month": "2020-02",
            "price": "43.84",
            "revenue": 488223
        },
        "2020-03": {
            "month": "2020-03",
            "price": "40.26",
            "revenue": 943674
        },
        "2020-04": {
            "month": "2020-04",
            "price": "39.81",
            "revenue": 706950
        },
        "2020-05": {
            "month": "2020-05",
            "price": "41.11",
            "revenue": 694734
        },
        "2020-06": {
            "month": "2020-06",
            "price": "42.79",
            "revenue": 1234671
        },
        "2020-07": {
            "month": "2020-07",
            "price": "43.64",
            "revenue": 916422
        },
        "2020-08": {
            "month": "2020-08",
            "price": "43.54",
            "revenue": 859378
        },
        "2020-09": {
            "month": "2020-09",
            "price": "40.93",
            "revenue": 775406
        },
        "2020-10": {
            "month": "2020-10",
            "price": "40.28",
            "revenue": 855161
        },
        "2020-11": {
            "month": "2020-11",
            "price": "39.95",
            "revenue": 644912
        },
        "2020-12": {
            "month": "2020-12",
            "price": "39.21",
            "revenue": 426400
        },
        "2021-01": {
            "month": "2021-01",
            "price": "39.14",
            "revenue": 637064
        },
        "2021-02": {
            "month": "2021-02",
            "price": "38.90",
            "revenue": 337039
        },
        "2021-03": {
            "month": "2021-03",
            "price": "41.09",
            "revenue": 716217
        },
        "2021-04": {
            "month": "2021-04",
            "price": "42.60",
            "revenue": 697036
        },
        "2021-05": {
            "month": "2021-05",
            "price": "43.07",
            "revenue": 667522
        },
        "2021-06": {
            "month": "2021-06",
            "price": "43.50",
            "revenue": 1030899
        },
        "2021-07": {
            "month": "2021-07",
            "price": "43.87",
            "revenue": 794286
        },
        "2021-08": {
            "month": "2021-08",
            "price": "42.03",
            "revenue": 482533
        },
        "2021-09": {
            "month": "2021-09",
            "price": "40.50",
            "revenue": 519419
        },
        "2021-10": {
            "month": "2021-10",
            "price": "41.06",
            "revenue": 654949
        },
        "2021-11": {
            "month": "2021-11",
            "price": "41.41",
            "revenue": 843054
        },
        "2021-12": {
            "month": "2021-12",
            "price": "40.52",
            "revenue": 681514
        },
        "2022-01": {
            "month": "2022-01",
            "price": "40.82",
            "revenue": 681760
        },
        "2022-02": {
            "month": "2022-02",
            "price": "41.71",
            "revenue": 549322
        },
        "2022-03": {
            "month": "2022-03",
            "price": "42.43",
            "revenue": 878859
        },
        "2022-04": {
            "month": "2022-04",
            "price": "43.13",
            "revenue": 830677
        },
        "2022-05": {
            "month": "2022-05",
            "price": "43.26",
            "revenue": 948205
        },
        "2022-06": {
            "month": "2022-06",
            "price": "43.80",
            "revenue": 1053574
        },
        "2022-07": {
            "month": "2022-07",
            "price": "43.51",
            "revenue": 1027147
        },
        "2022-08": {
            "month": "2022-08",
            "price": "47.04",
            "revenue": 1200871
        },
        "2022-09": {
            "month": "2022-09",
            "price": "56.57",
            "revenue": 982382
        },
        "2022-10": {
            "month": "2022-10",
            "price": "55.42",
            "revenue": 908367
        },
        "2022-11": {
            "month": "2022-11",
            "price": "58.34",
            "revenue": 753671
        },
        "2022-12": {
            "month": "2022-12",
            "price": "55.45",
            "revenue": 480241
        },
        "2023-01": {
            "month": "2023-01",
            "price": "51.92",
            "revenue": 517944
        },
        "2023-02": {
            "month": "2023-02",
            "price": "52.86",
            "revenue": 502994
        },
        "2023-03": {
            "month": "2023-03",
            "price": "55.33",
            "revenue": 725115
        },
        "2023-04": {
            "month": "2023-04",
            "price": "54.06",
            "revenue": 622510
        }
    }
}
