{
    "summary": {
        "stock_name": "欣泰",
        "stock_id": "8917",
        "category": "油電燃氣",
        "main_business": "公用煤氣業<br>燃料導管安裝工程業",
        "website_url": "http://www.htgas.com.tw/",
        "ceo": "侯榮芳",
        "pe_ratio": 30,
        "report_year_from": 2001,
        "report_year_to": 2023,
        "age": 22,
        "eps_negative_percentage": 0,
        "eps_growth_avg": {
            "last_all": 3.72,
            "last_2y": -6.92,
            "last_4y": 9,
            "last_8y": 9.11,
            "last_12y": 1.83,
            "last_16y": 3.19,
            "last_20y": 3.72,
            "at_2006_last_3y": 13.51,
            "at_2007_last_3y": 14.44,
            "at_2008_last_3y": 13.28,
            "at_2009_last_3y": 7.61,
            "at_2010_last_3y": 0.45,
            "at_2011_last_3y": -3.44,
            "at_2012_last_3y": -7.2,
            "at_2013_last_3y": -14.57,
            "at_2014_last_3y": -16.9,
            "at_2015_last_3y": -10.58,
            "at_2016_last_3y": -4.74,
            "at_2017_last_3y": 9.25,
            "at_2018_last_3y": 14.62,
            "at_2019_last_3y": 25.58,
            "at_2020_last_3y": 18.14,
            "at_2021_last_3y": 10.61,
            "at_2022_last_3y": 7.5,
            "at_2023_last_3y": 7.5,
            "at_2006_last_all": 11.08,
            "at_2007_last_all": 8.76,
            "at_2008_last_all": 8.04,
            "at_2009_last_all": 6.79,
            "at_2010_last_all": 6.35,
            "at_2011_last_all": 3.88,
            "at_2012_last_all": 2.5,
            "at_2013_last_all": -0.33,
            "at_2014_last_all": -0.8,
            "at_2015_last_all": -0.25,
            "at_2016_last_all": 0.57,
            "at_2017_last_all": 2.06,
            "at_2018_last_all": 2.83,
            "at_2019_last_all": 5.49,
            "at_2020_last_all": 4.27,
            "at_2021_last_all": 3.77,
            "at_2022_last_all": 3.72,
            "at_2023_last_all": 3.72
        },
        "latest_eps": 2.29,
        "latest_price": 69.1,
        "latest_roe": 14.01,
        "latest_gross_margin": 22.66,
        "latest_equity": 2761570,
        "latest_revenue": 716186,
        "latest_gross_profit": 162274,
        "latest_net_income": 110961,
        "latest_debt_ratio": 50.66,
        "latest_current_ratio": 228.63,
        "latest_account_receivable_turnover_ratio": 2.51,
        "latest_inventory_turnover_ratio": 9.01,
        "latest_reinvestment_rate": 53.02,
        "latest_research_to_sale_ratio": null
    },
    "eps_dividends": {
        "1999": {
            "cash": 0,
            "stock": 2,
            "eps": 0
        },
        "2000": {
            "cash": 2,
            "stock": 0,
            "eps": 0
        },
        "2001": {
            "cash": 1,
            "stock": 0,
            "eps": 1.51
        },
        "2002": {
            "cash": 1,
            "stock": 0,
            "eps": 1.53
        },
        "2003": {
            "cash": 1,
            "stock": 0,
            "eps": 1.43
        },
        "2004": {
            "cash": 1,
            "stock": 0,
            "eps": 1.55
        },
        "2005": {
            "cash": 1,
            "stock": 0,
            "eps": 1.87
        },
        "2006": {
            "cash": 1,
            "stock": 1,
            "eps": 2.46
        },
        "2007": {
            "cash": 2,
            "stock": 0,
            "eps": 2.39
        },
        "2008": {
            "cash": 1,
            "stock": 1,
            "eps": 2.48
        },
        "2009": {
            "cash": 1,
            "stock": 1,
            "eps": 2.43
        },
        "2010": {
            "cash": 2,
            "stock": 1,
            "eps": 2.5
        },
        "2011": {
            "cash": 2,
            "stock": 1,
            "eps": 2.04
        },
        "2012": {
            "cash": 1,
            "stock": 1,
            "eps": 1.81
        },
        "2013": {
            "cash": 2,
            "stock": 0,
            "eps": 1.24
        },
        "2014": {
            "cash": 1,
            "stock": 0,
            "eps": 1.16
        },
        "2015": {
            "cash": 1,
            "stock": 0,
            "eps": 1.24
        },
        "2016": {
            "cash": 1,
            "stock": 0,
            "eps": 1.39
        },
        "2017": {
            "cash": 1,
            "stock": 0,
            "eps": 1.73
        },
        "2018": {
            "cash": 2,
            "stock": 0,
            "eps": 1.99
        },
        "2019": {
            "cash": 2,
            "stock": 0,
            "eps": 3
        },
        "2020": {
            "cash": 1,
            "stock": 1,
            "eps": 2.47
        },
        "2021": {
            "cash": 2,
            "stock": 1,
            "eps": 2.33
        },
        "2022": {
            "cash": 1,
            "stock": 1,
            "eps": 2.39
        },
        "2023": {
            "cash": 2,
            "stock": 0,
            "eps": 0.68
        }
    },
    "dividends": {
        "1999-06-25": {
            "cash": 0,
            "stock": 1.89
        },
        "2000-06-30": {
            "cash": 1.5,
            "stock": 0
        },
        "2001-05-16": {
            "cash": 1.36,
            "stock": 0
        },
        "2002-06-28": {
            "cash": 1.34,
            "stock": 0
        },
        "2003-06-25": {
            "cash": 1.36,
            "stock": 0
        },
        "2004-03-23": {
            "cash": 1.36,
            "stock": 0
        },
        "2005-03-31": {
            "cash": 1.4,
            "stock": 0
        },
        "2006-03-23": {
            "cash": 0.5,
            "stock": 1.2
        },
        "2007-03-09": {
            "cash": 2,
            "stock": 0
        },
        "2008-03-12": {
            "cash": 0.9,
            "stock": 1.3
        },
        "2009-03-17": {
            "cash": 1,
            "stock": 1.1
        },
        "2010-03-09": {
            "cash": 1.5,
            "stock": 0.5
        },
        "2011-03-21": {
            "cash": 1.5,
            "stock": 0.7
        },
        "2012-06-15": {
            "cash": 1.3,
            "stock": 0.5
        },
        "2013-06-14": {
            "cash": 1.6,
            "stock": 0
        },
        "2014-09-17": {
            "cash": 1,
            "stock": 0.3
        },
        "2015-08-12": {
            "cash": 1,
            "stock": 0
        },
        "2016-08-18": {
            "cash": 1,
            "stock": 0
        },
        "2017-08-10": {
            "cash": 1.23,
            "stock": 0
        },
        "2018-08-15": {
            "cash": 1.5,
            "stock": 0
        },
        "2019-08-08": {
            "cash": 2.1,
            "stock": 0
        },
        "2020-08-18": {
            "cash": 1,
            "stock": 1
        },
        "2021-10-15": {
            "cash": 1.5,
            "stock": 1
        },
        "2022-09-07": {
            "cash": 1.1,
            "stock": 1
        },
        "2023-03-20": {
            "cash": 2,
            "stock": 0
        }
    },
    "prices": {
        "200101": "18.89",
        "200102": "19.13",
        "200103": "19.05",
        "200104": "19.99",
        "200105": "18.79",
        "200106": "19.29",
        "200107": "18.58",
        "200108": "19.19",
        "200109": "20.42",
        "200110": "20.15",
        "200111": "19.69",
        "200112": "19.81",
        "200201": "19.88",
        "200202": "19.82",
        "200203": "20.15",
        "200204": "20.21",
        "200205": "20.36",
        "200206": "20.28",
        "200207": "21.09",
        "200208": "20.23",
        "200209": "20.47",
        "200210": "20.25",
        "200211": "20.43",
        "200212": "20.94",
        "200301": "20.50",
        "200302": "20.72",
        "200303": "20.60",
        "200304": "20.89",
        "200305": "20.74",
        "200306": "21.55",
        "200307": "22.94",
        "200308": "23.32",
        "200309": "23.42",
        "200310": "23.25",
        "200311": "23.23",
        "200312": "23.37",
        "200401": "23.30",
        "200402": "24.07",
        "200403": "24.09",
        "200404": "24.70",
        "200405": "24.50",
        "200406": "無",
        "200407": "24.88",
        "200408": "無",
        "200409": "28.05",
        "200410": "26.15",
        "200411": "24.10",
        "200412": "26.14",
        "200501": "26.09",
        "200502": "27.15",
        "200503": "27.73",
        "200504": "27.65",
        "200505": "28.72",
        "200506": "28.71",
        "200507": "28.48",
        "200508": "28.98",
        "200509": "28.92",
        "200510": "33.90",
        "200511": "37.00",
        "200512": "36.17",
        "200601": "35.52",
        "200602": "30.86",
        "200603": "28.61",
        "200604": "35.26",
        "200605": "33.36",
        "200606": "37.22",
        "200607": "34.99",
        "200608": "35.37",
        "200609": "33.33",
        "200610": "32.53",
        "200611": "32.86",
        "200612": "33.85",
        "200701": "33.62",
        "200702": "35.05",
        "200703": "35.19",
        "200704": "35.30",
        "200705": "38.11",
        "200706": "39.06",
        "200707": "36.69",
        "200708": "35.39",
        "200709": "35.11",
        "200710": "36.01",
        "200711": "36.02",
        "200712": "35.20",
        "200801": "36.45",
        "200802": "37.10",
        "200803": "37.92",
        "200804": "38.84",
        "200805": "42.15",
        "200806": "41.66",
        "200807": "41.22",
        "200808": "39.19",
        "200809": "36.83",
        "200810": "38.14",
        "200811": "35.75",
        "200812": "37.07",
        "200901": "38.25",
        "200902": "38.40",
        "200903": "39.31",
        "200904": "39.20",
        "200905": "40.41",
        "200906": "41.10",
        "200907": "41.64",
        "200908": "42.72",
        "200909": "42.99",
        "200910": "43.01",
        "200911": "43.52",
        "200912": "44.12",
        "201001": "44.56",
        "201002": "44.46",
        "201003": "44.83",
        "201004": "45.86",
        "201005": "43.43",
        "201006": "40.95",
        "201007": "42.03",
        "201008": "41.82",
        "201009": "41.90",
        "201010": "41.47",
        "201011": "40.06",
        "201012": "40.29",
        "201101": "40.00",
        "201102": "40.38",
        "201103": "40.93",
        "201104": "43.06",
        "201105": "42.96",
        "201106": "43.46",
        "201107": "43.98",
        "201108": "43.72",
        "201109": "42.90",
        "201110": "43.00",
        "201111": "42.56",
        "201112": "42.39",
        "201201": "42.70",
        "201202": "42.60",
        "201203": "42.89",
        "201204": "43.02",
        "201205": "43.16",
        "201206": "43.26",
        "201207": "43.96",
        "201208": "44.45",
        "201209": "43.32",
        "201210": "44.51",
        "201211": "45.39",
        "201212": "47.60",
        "201301": "49.67",
        "201302": "51.12",
        "201303": "49.64",
        "201304": "50.42",
        "201305": "49.95",
        "201306": "48.09",
        "201307": "47.79",
        "201308": "46.22",
        "201309": "46.23",
        "201310": "46.30",
        "201311": "47.74",
        "201312": "47.12",
        "201401": "48.34",
        "201402": "50.12",
        "201403": "49.79",
        "201404": "49.75",
        "201405": "50.42",
        "201406": "51.95",
        "201407": "51.72",
        "201408": "50.88",
        "201409": "50.20",
        "201410": "50.75",
        "201411": "50.40",
        "201412": "50.53",
        "201501": "50.11",
        "201502": "50.69",
        "201503": "51.73",
        "201504": "50.58",
        "201505": "50.02",
        "201506": "50.50",
        "201507": "50.98",
        "201508": "51.59",
        "201509": "47.52",
        "201510": "49.49",
        "201511": "49.50",
        "201512": "49.20",
        "201601": "49.49",
        "201602": "50.38",
        "201603": "50.26",
        "201604": "50.12",
        "201605": "49.02",
        "201606": "48.59",
        "201607": "48.62",
        "201608": "48.64",
        "201609": "48.93",
        "201610": "48.65",
        "201611": "48.59",
        "201612": "48.37",
        "201701": "49.29",
        "201702": "47.84",
        "201703": "47.70",
        "201704": "48.07",
        "201705": "48.92",
        "201706": "49.81",
        "201707": "49.52",
        "201708": "48.98",
        "201709": "48.46",
        "201710": "48.20",
        "201711": "47.68",
        "201712": "47.00",
        "201801": "47.18",
        "201802": "47.51",
        "201803": "47.96",
        "201804": "48.12",
        "201805": "47.36",
        "201806": "48.31",
        "201807": "49.31",
        "201808": "48.51",
        "201809": "49.00",
        "201810": "47.35",
        "201811": "48.46",
        "201812": "46.88",
        "201901": "48.44",
        "201902": "48.25",
        "201903": "48.82",
        "201904": "49.84",
        "201905": "49.50",
        "201906": "49.70",
        "201907": "49.69",
        "201908": "49.69",
        "201909": "50.86",
        "201910": "51.11",
        "201911": "51.51",
        "201912": "52.00",
        "202001": "50.84",
        "202002": "50.89",
        "202003": "51.08",
        "202004": "54.13",
        "202005": "60.22",
        "202006": "61.97",
        "202007": "66.16",
        "202008": "63.06",
        "202009": "63.31",
        "202010": "64.64",
        "202011": "66.39",
        "202012": "68.23",
        "202101": "68.27",
        "202102": "69.83",
        "202103": "70.70",
        "202104": "83.35",
        "202105": "78.92",
        "202106": "76.98",
        "202107": "78.18",
        "202108": "84.91",
        "202109": "87.76",
        "202110": "88.53",
        "202111": "88.45",
        "202112": "89.18",
        "202201": "88.74",
        "202202": "89.95",
        "202203": "89.95",
        "202204": "91.93",
        "202205": "91.62",
        "202206": "91.46",
        "202207": "91.42",
        "202208": "91.99",
        "202209": "90.65",
        "202210": "90.26",
        "202211": "90.05",
        "202212": "89.75",
        "202301": "89.96",
        "202302": "89.71",
        "202303": "85.00",
        "202304": "74.19",
        "202305": "68.48"
    },
    "quarters": {
        "20011": {
            "year_quarter": 20011,
            "year": 2001,
            "quarter": 1,
            "eps": 0.48,
            "eps_growth_year": -14.29,
            "eps_4q": 1.26,
            "eps_4q_growth_year": -27.57,
            "roe": 3.25,
            "roe_4q": 3.25,
            "gross_profit": 50399,
            "gross_margin": 27.34,
            "gross_margin_4q_avg": 27.34,
            "net_income": 34068,
            "revenue": 184356,
            "common_shares": 715918,
            "book_valuer_per_share": 14.87,
            "book_valuer_per_share_4q_avg": 14.87,
            "equity": 1064454,
            "current_ratio": 234.94,
            "debt_ratio": 32.84,
            "inventory_turnover_ratio": 25.45,
            "account_receivable_turnover_ratio": null,
            "reinvestment_rate": null,
            "research_to_sale_ratio": null,
            "price_fair": 0,
            "eps_avg_yearly": 0,
            "eps_latest_yearly": 0,
            "eps_growth_yearly": 0
        },
        "20012": {
            "year_quarter": 20012,
            "year": 2001,
            "quarter": 2,
            "eps": 0.49,
            "eps_growth_year": -9.26,
            "eps_4q": 1.2,
            "eps_4q_growth_year": -23.82,
            "roe": 3.38,
            "roe_4q": 6.63,
            "gross_profit": 46109,
            "gross_margin": 27.97,
            "gross_margin_4q_avg": 27.66,
            "net_income": 34880,
            "revenue": 164846,
            "common_shares": 715918,
            "book_valuer_per_share": 13.98,
            "book_valuer_per_share_4q_avg": 14.43,
            "equity": 1001134,
            "current_ratio": 142.43,
            "debt_ratio": 38.52,
            "inventory_turnover_ratio": 24.16,
            "account_receivable_turnover_ratio": null,
            "reinvestment_rate": null,
            "research_to_sale_ratio": null,
            "price_fair": 0,
            "eps_avg_yearly": 0,
            "eps_latest_yearly": 0,
            "eps_growth_yearly": 0
        },
        "20013": {
            "year_quarter": 20013,
            "year": 2001,
            "quarter": 3,
            "eps": 0.38,
            "eps_growth_year": 192.31,
            "eps_4q": 1.44,
            "eps_4q_growth_year": -0.25,
            "roe": 2.69,
            "roe_4q": 9.32,
            "gross_profit": 39259,
            "gross_margin": 28.72,
            "gross_margin_4q_avg": 28.01,
            "net_income": 27300,
            "revenue": 136690,
            "common_shares": 715918,
            "book_valuer_per_share": 14.37,
            "book_valuer_per_share_4q_avg": 14.41,
            "equity": 1028433,
            "current_ratio": 165.06,
            "debt_ratio": 37.1,
            "inventory_turnover_ratio": 21.57,
            "account_receivable_turnover_ratio": null,
            "reinvestment_rate": null,
            "research_to_sale_ratio": null,
            "price_fair": 0,
            "eps_avg_yearly": 0,
            "eps_latest_yearly": 0,
            "eps_growth_yearly": 0
        },
        "20014": {
            "year_quarter": 20014,
            "year": 2001,
            "quarter": 4,
            "eps": 0.16,
            "eps_growth_year": 60,
            "eps_4q": 1.47,
            "eps_4q_growth_year": 10.95,
            "roe": 1.14,
            "roe_4q": 10.46,
            "gross_profit": 24175,
            "gross_margin": 14.12,
            "gross_margin_4q_avg": 24.54,
            "net_income": 11771,
            "revenue": 171231,
            "common_shares": 715918,
            "book_valuer_per_share": 14.53,
            "book_valuer_per_share_4q_avg": 14.44,
            "equity": 1040205,
            "current_ratio": 204.9,
            "debt_ratio": 34.71,
            "inventory_turnover_ratio": 35.8,
            "account_receivable_turnover_ratio": null,
            "reinvestment_rate": null,
            "research_to_sale_ratio": null,
            "price_fair": 0,
            "eps_avg_yearly": 0,
            "eps_latest_yearly": 0,
            "eps_growth_yearly": 0
        },
        "20021": {
            "year_quarter": 20021,
            "year": 2002,
            "quarter": 1,
            "eps": 0.44,
            "eps_growth_year": -8.33,
            "eps_4q": 1.48,
            "eps_4q_growth_year": 17.19,
            "roe": 2.98,
            "roe_4q": 10.190000000000001,
            "gross_profit": 46537,
            "gross_margin": 24.47,
            "gross_margin_4q_avg": 23.82,
            "net_income": 31433,
            "revenue": 190173,
            "common_shares": 715918,
            "book_valuer_per_share": 14.97,
            "book_valuer_per_share_4q_avg": 14.46,
            "equity": 1071638,
            "current_ratio": 225.31,
            "debt_ratio": 34.32,
            "inventory_turnover_ratio": 36.48,
            "account_receivable_turnover_ratio": null,
            "reinvestment_rate": null,
            "research_to_sale_ratio": null,
            "price_fair": 61.6,
            "eps_avg_yearly": 1.76,
            "eps_latest_yearly": 1.76,
            "eps_growth_yearly": 700
        },
        "20022": {
            "year_quarter": 20022,
            "year": 2002,
            "quarter": 2,
            "eps": 0.52,
            "eps_growth_year": 6.12,
            "eps_4q": 1.51,
            "eps_4q_growth_year": 25.32,
            "roe": 3.56,
            "roe_4q": 10.37,
            "gross_profit": 53978,
            "gross_margin": 32.85,
            "gross_margin_4q_avg": 25.04,
            "net_income": 37033,
            "revenue": 164304,
            "common_shares": 715918,
            "book_valuer_per_share": 14.12,
            "book_valuer_per_share_4q_avg": 14.5,
            "equity": 1011201,
            "current_ratio": 153.86,
            "debt_ratio": 38.99,
            "inventory_turnover_ratio": 23.89,
            "account_receivable_turnover_ratio": null,
            "reinvestment_rate": null,
            "research_to_sale_ratio": null,
            "price_fair": 67.2,
            "eps_avg_yearly": 1.92,
            "eps_latest_yearly": 2.08,
            "eps_growth_yearly": 386.36
        },
        "20023": {
            "year_quarter": 20023,
            "year": 2002,
            "quarter": 3,
            "eps": 0.23,
            "eps_growth_year": -39.47,
            "eps_4q": 1.34,
            "eps_4q_growth_year": -7,
            "roe": 1.63,
            "roe_4q": 9.31,
            "gross_profit": 24421,
            "gross_margin": 18.79,
            "gross_margin_4q_avg": 22.56,
            "net_income": 16642,
            "revenue": 130001,
            "common_shares": 715918,
            "book_valuer_per_share": 14.36,
            "book_valuer_per_share_4q_avg": 14.5,
            "equity": 1027842,
            "current_ratio": 161.92,
            "debt_ratio": 38.44,
            "inventory_turnover_ratio": 17.72,
            "account_receivable_turnover_ratio": null,
            "reinvestment_rate": null,
            "research_to_sale_ratio": null,
            "price_fair": 55.53,
            "eps_avg_yearly": 1.59,
            "eps_latest_yearly": 0.92,
            "eps_growth_yearly": 183.22
        },
        "20024": {
            "year_quarter": 20024,
            "year": 2002,
            "quarter": 4,
            "eps": 0.34,
            "eps_growth_year": 112.5,
            "eps_4q": 1.52,
            "eps_4q_growth_year": 3.47,
            "roe": 2.36,
            "roe_4q": 10.53,
            "gross_profit": 31417,
            "gross_margin": 18.27,
            "gross_margin_4q_avg": 23.6,
            "net_income": 24540,
            "revenue": 172006,
            "common_shares": 715918,
            "book_valuer_per_share": 14.7,
            "book_valuer_per_share_4q_avg": 14.54,
            "equity": 1052382,
            "current_ratio": 205.59,
            "debt_ratio": 36.16,
            "inventory_turnover_ratio": 20.52,
            "account_receivable_turnover_ratio": null,
            "reinvestment_rate": 2.94,
            "research_to_sale_ratio": null,
            "price_fair": 53.55,
            "eps_avg_yearly": 1.53,
            "eps_latest_yearly": 1.36,
            "eps_growth_yearly": 185.24
        },
        "20031": {
            "year_quarter": 20031,
            "year": 2003,
            "quarter": 1,
            "eps": 0.5,
            "eps_growth_year": 13.64,
            "eps_4q": 1.59,
            "eps_4q_growth_year": 8.06,
            "roe": 3.34,
            "roe_4q": 10.889999999999999,
            "gross_profit": 49310,
            "gross_margin": 24.07,
            "gross_margin_4q_avg": 23.5,
            "net_income": 35744,
            "revenue": 204851,
            "common_shares": 715918,
            "book_valuer_per_share": 15.2,
            "book_valuer_per_share_4q_avg": 14.6,
            "equity": 1088126,
            "current_ratio": 243.08,
            "debt_ratio": 35.28,
            "inventory_turnover_ratio": 23.73,
            "account_receivable_turnover_ratio": null,
            "reinvestment_rate": -1.1,
            "research_to_sale_ratio": null,
            "price_fair": 56.84,
            "eps_avg_yearly": 1.62,
            "eps_latest_yearly": 2,
            "eps_growth_yearly": 185.84
        },
        "20032": {
            "year_quarter": 20032,
            "year": 2003,
            "quarter": 2,
            "eps": 0.41,
            "eps_growth_year": -21.15,
            "eps_4q": 1.48,
            "eps_4q_growth_year": -2.21,
            "roe": 2.81,
            "roe_4q": 10.14,
            "gross_profit": 42622,
            "gross_margin": 24.55,
            "gross_margin_4q_avg": 21.42,
            "net_income": 29568,
            "revenue": 173648,
            "common_shares": 715918,
            "book_valuer_per_share": 14.23,
            "book_valuer_per_share_4q_avg": 14.62,
            "equity": 1018704,
            "current_ratio": 166.37,
            "debt_ratio": 39.9,
            "inventory_turnover_ratio": 18.83,
            "account_receivable_turnover_ratio": null,
            "reinvestment_rate": -3.62,
            "research_to_sale_ratio": null,
            "price_fair": 56.93,
            "eps_avg_yearly": 1.63,
            "eps_latest_yearly": 1.64,
            "eps_growth_yearly": 142.86
        },
        "20033": {
            "year_quarter": 20033,
            "year": 2003,
            "quarter": 3,
            "eps": 0.21,
            "eps_growth_year": -8.7,
            "eps_4q": 1.44,
            "eps_4q_growth_year": 7.87,
            "roe": 1.49,
            "roe_4q": 10,
            "gross_profit": 31261,
            "gross_margin": 21.17,
            "gross_margin_4q_avg": 22.02,
            "net_income": 15288,
            "revenue": 147632,
            "common_shares": 715918,
            "book_valuer_per_share": 14.44,
            "book_valuer_per_share_4q_avg": 14.64,
            "equity": 1033992,
            "current_ratio": 182.18,
            "debt_ratio": 39.08,
            "inventory_turnover_ratio": 14.69,
            "account_receivable_turnover_ratio": null,
            "reinvestment_rate": -5.26,
            "research_to_sale_ratio": null,
            "price_fair": 53,
            "eps_avg_yearly": 1.51,
            "eps_latest_yearly": 0.84,
            "eps_growth_yearly": 94.58
        },
        "20034": {
            "year_quarter": 20034,
            "year": 2003,
            "quarter": 4,
            "eps": 0.31,
            "eps_growth_year": -8.82,
            "eps_4q": 1.42,
            "eps_4q_growth_year": -6.4,
            "roe": 2.15,
            "roe_4q": 9.79,
            "gross_profit": 36467,
            "gross_margin": 18.73,
            "gross_margin_4q_avg": 22.13,
            "net_income": 22471,
            "revenue": 194715,
            "common_shares": 715918,
            "book_valuer_per_share": 14.76,
            "book_valuer_per_share_4q_avg": 14.66,
            "equity": 1056483,
            "current_ratio": 238.95,
            "debt_ratio": 36.3,
            "inventory_turnover_ratio": 19.14,
            "account_receivable_turnover_ratio": null,
            "reinvestment_rate": -6.09,
            "research_to_sale_ratio": null,
            "price_fair": 51.8,
            "eps_avg_yearly": 1.48,
            "eps_latest_yearly": 1.24,
            "eps_growth_yearly": 106.57
        },
        "20041": {
            "year_quarter": 20041,
            "year": 2004,
            "quarter": 1,
            "eps": 0.52,
            "eps_growth_year": 4,
            "eps_4q": 1.46,
            "eps_4q_growth_year": -8.32,
            "roe": 3.46,
            "roe_4q": 9.91,
            "gross_profit": 56795,
            "gross_margin": 23.93,
            "gross_margin_4q_avg": 22.1,
            "net_income": 37188,
            "revenue": 237338,
            "common_shares": 715918,
            "book_valuer_per_share": 15.28,
            "book_valuer_per_share_4q_avg": 14.68,
            "equity": 1093671,
            "current_ratio": 253.65,
            "debt_ratio": 36.22,
            "inventory_turnover_ratio": 20.27,
            "account_receivable_turnover_ratio": null,
            "reinvestment_rate": -7.72,
            "research_to_sale_ratio": null,
            "price_fair": 54.13,
            "eps_avg_yearly": 1.55,
            "eps_latest_yearly": 2.08,
            "eps_growth_yearly": 124.83
        },
        "20042": {
            "year_quarter": 20042,
            "year": 2004,
            "quarter": 2,
            "eps": 0.49,
            "eps_growth_year": 19.51,
            "eps_4q": 1.54,
            "eps_4q_growth_year": 4.54,
            "roe": 3.28,
            "roe_4q": 10.38,
            "gross_profit": 58036,
            "gross_margin": 28.24,
            "gross_margin_4q_avg": 23.02,
            "net_income": 34854,
            "revenue": 205529,
            "common_shares": 715918,
            "book_valuer_per_share": 14.39,
            "book_valuer_per_share_4q_avg": 14.72,
            "equity": 1029890,
            "current_ratio": 175.78,
            "debt_ratio": 41.55,
            "inventory_turnover_ratio": 15.58,
            "account_receivable_turnover_ratio": null,
            "reinvestment_rate": -7.08,
            "research_to_sale_ratio": null,
            "price_fair": 55.58,
            "eps_avg_yearly": 1.59,
            "eps_latest_yearly": 1.96,
            "eps_growth_yearly": 110.04
        },
        "20043": {
            "year_quarter": 20043,
            "year": 2004,
            "quarter": 3,
            "eps": 0.38,
            "eps_growth_year": 80.95,
            "eps_4q": 1.71,
            "eps_4q_growth_year": 18.62,
            "roe": 2.58,
            "roe_4q": 11.47,
            "gross_profit": 40714,
            "gross_margin": 23.32,
            "gross_margin_4q_avg": 23.56,
            "net_income": 26941,
            "revenue": 174613,
            "common_shares": 715918,
            "book_valuer_per_share": 14.76,
            "book_valuer_per_share_4q_avg": 14.8,
            "equity": 1056831,
            "current_ratio": 219.35,
            "debt_ratio": 38.64,
            "inventory_turnover_ratio": 15.42,
            "account_receivable_turnover_ratio": null,
            "reinvestment_rate": -6.61,
            "research_to_sale_ratio": null,
            "price_fair": 55.36,
            "eps_avg_yearly": 1.58,
            "eps_latest_yearly": 1.52,
            "eps_growth_yearly": 91.88
        },
        "20044": {
            "year_quarter": 20044,
            "year": 2004,
            "quarter": 4,
            "eps": 0.16,
            "eps_growth_year": -48.39,
            "eps_4q": 1.57,
            "eps_4q_growth_year": 10.11,
            "roe": 1.06,
            "roe_4q": 10.379999999999999,
            "gross_profit": 22725,
            "gross_margin": 10.61,
            "gross_margin_4q_avg": 21.53,
            "net_income": 11267,
            "revenue": 214208,
            "common_shares": 715918,
            "book_valuer_per_share": 14.92,
            "book_valuer_per_share_4q_avg": 14.84,
            "equity": 1068099,
            "current_ratio": 195.64,
            "debt_ratio": 40.7,
            "inventory_turnover_ratio": 21.27,
            "account_receivable_turnover_ratio": null,
            "reinvestment_rate": -8.43,
            "research_to_sale_ratio": null,
            "price_fair": 52.62,
            "eps_avg_yearly": 1.5,
            "eps_latest_yearly": 0.64,
            "eps_growth_yearly": 64.92
        },
        "20051": {
            "year_quarter": 20051,
            "year": 2005,
            "quarter": 1,
            "eps": 0.64,
            "eps_growth_year": 23.08,
            "eps_4q": 1.65,
            "eps_4q_growth_year": 13.1,
            "roe": 4.2,
            "roe_4q": 11.12,
            "gross_profit": 69110,
            "gross_margin": 23.94,
            "gross_margin_4q_avg": 21.53,
            "net_income": 46162,
            "revenue": 288653,
            "common_shares": 715918,
            "book_valuer_per_share": 15.78,
            "book_valuer_per_share_4q_avg": 14.96,
            "equity": 1129705,
            "current_ratio": 203.44,
            "debt_ratio": 37.21,
            "inventory_turnover_ratio": 22.34,
            "account_receivable_turnover_ratio": null,
            "reinvestment_rate": -19.31,
            "research_to_sale_ratio": null,
            "price_fair": 55.46,
            "eps_avg_yearly": 1.58,
            "eps_latest_yearly": 2.56,
            "eps_growth_yearly": 152.24
        },
        "20052": {
            "year_quarter": 20052,
            "year": 2005,
            "quarter": 2,
            "eps": 0.56,
            "eps_growth_year": 14.29,
            "eps_4q": 1.75,
            "eps_4q_growth_year": 13.07,
            "roe": 3.63,
            "roe_4q": 11.47,
            "gross_profit": 61840,
            "gross_margin": 26.39,
            "gross_margin_4q_avg": 21.07,
            "net_income": 39857,
            "revenue": 234315,
            "common_shares": 715918,
            "book_valuer_per_share": 14.91,
            "book_valuer_per_share_4q_avg": 15.09,
            "equity": 1067674,
            "current_ratio": 151.36,
            "debt_ratio": 42.07,
            "inventory_turnover_ratio": 14.82,
            "account_receivable_turnover_ratio": null,
            "reinvestment_rate": -17.29,
            "research_to_sale_ratio": null,
            "price_fair": 57.1,
            "eps_avg_yearly": 1.63,
            "eps_latest_yearly": 2.24,
            "eps_growth_yearly": 137.79
        },
        "20053": {
            "year_quarter": 20053,
            "year": 2005,
            "quarter": 3,
            "eps": 0.22,
            "eps_growth_year": -42.11,
            "eps_4q": 1.59,
            "eps_4q_growth_year": -6.95,
            "roe": 1.45,
            "roe_4q": 10.340000000000002,
            "gross_profit": 36670,
            "gross_margin": 18.7,
            "gross_margin_4q_avg": 19.91,
            "net_income": 15576,
            "revenue": 196131,
            "common_shares": 715918,
            "book_valuer_per_share": 15.13,
            "book_valuer_per_share_4q_avg": 15.19,
            "equity": 1083250,
            "current_ratio": 167.39,
            "debt_ratio": 39.25,
            "inventory_turnover_ratio": 12.12,
            "account_receivable_turnover_ratio": null,
            "reinvestment_rate": -15.26,
            "research_to_sale_ratio": null,
            "price_fair": 55.35,
            "eps_avg_yearly": 1.58,
            "eps_latest_yearly": 0.88,
            "eps_growth_yearly": 112.41
        },
        "20054": {
            "year_quarter": 20054,
            "year": 2005,
            "quarter": 4,
            "eps": 0.45,
            "eps_growth_year": 181.25,
            "eps_4q": 1.88,
            "eps_4q_growth_year": 19.78,
            "roe": 2.92,
            "roe_4q": 12.2,
            "gross_profit": 21489,
            "gross_margin": 8.88,
            "gross_margin_4q_avg": 19.48,
            "net_income": 32075,
            "revenue": 242114,
            "common_shares": 715918,
            "book_valuer_per_share": 15.58,
            "book_valuer_per_share_4q_avg": 15.35,
            "equity": 1115325,
            "current_ratio": 167.99,
            "debt_ratio": 41.04,
            "inventory_turnover_ratio": 12.99,
            "account_receivable_turnover_ratio": null,
            "reinvestment_rate": -14.11,
            "research_to_sale_ratio": null,
            "price_fair": 55.83,
            "eps_avg_yearly": 1.6,
            "eps_latest_yearly": 1.8,
            "eps_growth_yearly": 131.52
        },
        "20061": {
            "year_quarter": 20061,
            "year": 2006,
            "quarter": 1,
            "eps": 0.79,
            "eps_growth_year": 23.44,
            "eps_4q": 2.02,
            "eps_4q_growth_year": 22.11,
            "roe": 4.92,
            "roe_4q": 12.919999999999998,
            "gross_profit": 63064,
            "gross_margin": 20.5,
            "gross_margin_4q_avg": 18.62,
            "net_income": 56277,
            "revenue": 307650,
            "common_shares": 715919,
            "book_valuer_per_share": 16.37,
            "book_valuer_per_share_4q_avg": 15.5,
            "equity": 1171603,
            "current_ratio": 130.07,
            "debt_ratio": 38.68,
            "inventory_turnover_ratio": 11.72,
            "account_receivable_turnover_ratio": null,
            "reinvestment_rate": -8.46,
            "research_to_sale_ratio": null,
            "price_fair": 58.89,
            "eps_avg_yearly": 1.68,
            "eps_latest_yearly": 3.16,
            "eps_growth_yearly": 106.66
        },
        "20062": {
            "year_quarter": 20062,
            "year": 2006,
            "quarter": 2,
            "eps": 0.62,
            "eps_growth_year": 10.71,
            "eps_4q": 2.08,
            "eps_4q_growth_year": 18.9,
            "roe": 3.77,
            "roe_4q": 13.059999999999999,
            "gross_profit": 73108,
            "gross_margin": 28.53,
            "gross_margin_4q_avg": 19.15,
            "net_income": 44278,
            "revenue": 256278,
            "common_shares": 801829,
            "book_valuer_per_share": 14.68,
            "book_valuer_per_share_4q_avg": 15.44,
            "equity": 1177162,
            "current_ratio": 109.79,
            "debt_ratio": 40.43,
            "inventory_turnover_ratio": 7.97,
            "account_receivable_turnover_ratio": null,
            "reinvestment_rate": -1.81,
            "research_to_sale_ratio": null,
            "price_fair": 59.76,
            "eps_avg_yearly": 1.71,
            "eps_latest_yearly": 2.48,
            "eps_growth_yearly": 96.74
        },
        "20063": {
            "year_quarter": 20063,
            "year": 2006,
            "quarter": 3,
            "eps": 0.5,
            "eps_growth_year": 127.27,
            "eps_4q": 2.15,
            "eps_4q_growth_year": 34.82,
            "roe": 3.36,
            "roe_4q": 14.97,
            "gross_profit": 60519,
            "gross_margin": 25.63,
            "gross_margin_4q_avg": 20.89,
            "net_income": 40210,
            "revenue": 236137,
            "common_shares": 801829,
            "book_valuer_per_share": 15.18,
            "book_valuer_per_share_4q_avg": 15.45,
            "equity": 1217377,
            "current_ratio": 112.13,
            "debt_ratio": 40.78,
            "inventory_turnover_ratio": 6.4,
            "account_receivable_turnover_ratio": null,
            "reinvestment_rate": 2.78,
            "research_to_sale_ratio": null,
            "price_fair": 62.13,
            "eps_avg_yearly": 1.78,
            "eps_latest_yearly": 2,
            "eps_growth_yearly": 105.84
        },
        "20064": {
            "year_quarter": 20064,
            "year": 2006,
            "quarter": 4,
            "eps": 0.55,
            "eps_growth_year": 22.22,
            "eps_4q": 2.31,
            "eps_4q_growth_year": 23.19,
            "roe": 3.55,
            "roe_4q": 15.6,
            "gross_profit": 48294,
            "gross_margin": 16.04,
            "gross_margin_4q_avg": 22.68,
            "net_income": 43985,
            "revenue": 301082,
            "common_shares": 801829,
            "book_valuer_per_share": 15.73,
            "book_valuer_per_share_4q_avg": 15.49,
            "equity": 1261361,
            "current_ratio": 127.79,
            "debt_ratio": 43.27,
            "inventory_turnover_ratio": 8.08,
            "account_receivable_turnover_ratio": null,
            "reinvestment_rate": 7.85,
            "research_to_sale_ratio": null,
            "price_fair": 63.96,
            "eps_avg_yearly": 1.83,
            "eps_latest_yearly": 2.2,
            "eps_growth_yearly": 96.38
        },
        "20071": {
            "year_quarter": 20071,
            "year": 2007,
            "quarter": 1,
            "eps": 0.86,
            "eps_growth_year": 8.86,
            "eps_4q": 2.46,
            "eps_4q_growth_year": 21.8,
            "roe": 5.31,
            "roe_4q": 15.989999999999998,
            "gross_profit": 77145,
            "gross_margin": 21.77,
            "gross_margin_4q_avg": 22.99,
            "net_income": 69119,
            "revenue": 354373,
            "common_shares": 801829,
            "book_valuer_per_share": 16.73,
            "book_valuer_per_share_4q_avg": 15.58,
            "equity": 1341603,
            "current_ratio": 115.91,
            "debt_ratio": 42.94,
            "inventory_turnover_ratio": 8.48,
            "account_receivable_turnover_ratio": null,
            "reinvestment_rate": 16.68,
            "research_to_sale_ratio": null,
            "price_fair": 67.11,
            "eps_avg_yearly": 1.92,
            "eps_latest_yearly": 3.44,
            "eps_growth_yearly": 98.71
        },
        "20072": {
            "year_quarter": 20072,
            "year": 2007,
            "quarter": 2,
            "eps": 0.77,
            "eps_growth_year": 24.19,
            "eps_4q": 2.67,
            "eps_4q_growth_year": 28.79,
            "roe": 4.83,
            "roe_4q": 17.05,
            "gross_profit": 45700,
            "gross_margin": 15.2,
            "gross_margin_4q_avg": 19.66,
            "net_income": 62047,
            "revenue": 300636,
            "common_shares": 801829,
            "book_valuer_per_share": 15.32,
            "book_valuer_per_share_4q_avg": 15.74,
            "equity": 1228488,
            "current_ratio": 100.93,
            "debt_ratio": 49.32,
            "inventory_turnover_ratio": 7.55,
            "account_receivable_turnover_ratio": null,
            "reinvestment_rate": 19.81,
            "research_to_sale_ratio": null,
            "price_fair": 70.26,
            "eps_avg_yearly": 2.01,
            "eps_latest_yearly": 3.08,
            "eps_growth_yearly": 100.59
        },
        "20073": {
            "year_quarter": 20073,
            "year": 2007,
            "quarter": 3,
            "eps": 0.21,
            "eps_growth_year": -58,
            "eps_4q": 2.43,
            "eps_4q_growth_year": 12.98,
            "roe": 1.34,
            "roe_4q": 15.030000000000001,
            "gross_profit": 36493,
            "gross_margin": 15.1,
            "gross_margin_4q_avg": 17.03,
            "net_income": 16582,
            "revenue": 241612,
            "common_shares": 801829,
            "book_valuer_per_share": 15.61,
            "book_valuer_per_share_4q_avg": 15.85,
            "equity": 1251736,
            "current_ratio": 100.81,
            "debt_ratio": 48.2,
            "inventory_turnover_ratio": 5.4,
            "account_receivable_turnover_ratio": null,
            "reinvestment_rate": 24.48,
            "research_to_sale_ratio": null,
            "price_fair": 70.26,
            "eps_avg_yearly": 2.01,
            "eps_latest_yearly": 0.84,
            "eps_growth_yearly": 94.61
        },
        "20074": {
            "year_quarter": 20074,
            "year": 2007,
            "quarter": 4,
            "eps": 0.55,
            "eps_growth_year": 0,
            "eps_4q": 2.38,
            "eps_4q_growth_year": 3.11,
            "roe": 3.47,
            "roe_4q": 14.95,
            "gross_profit": 75694,
            "gross_margin": 19.78,
            "gross_margin_4q_avg": 17.96,
            "net_income": 44357,
            "revenue": 382750,
            "common_shares": 801829,
            "book_valuer_per_share": 16.24,
            "book_valuer_per_share_4q_avg": 15.98,
            "equity": 1302146,
            "current_ratio": 117.41,
            "debt_ratio": 47.72,
            "inventory_turnover_ratio": 6.85,
            "account_receivable_turnover_ratio": null,
            "reinvestment_rate": 21.92,
            "research_to_sale_ratio": null,
            "price_fair": 72.36,
            "eps_avg_yearly": 2.07,
            "eps_latest_yearly": 2.2,
            "eps_growth_yearly": 123.18
        },
        "20081": {
            "year_quarter": 20081,
            "year": 2008,
            "quarter": 1,
            "eps": 0.56,
            "eps_growth_year": -34.88,
            "eps_4q": 2.1,
            "eps_4q_growth_year": -14.73,
            "roe": 3.39,
            "roe_4q": 13.030000000000001,
            "gross_profit": 72095,
            "gross_margin": 18.1,
            "gross_margin_4q_avg": 17.05,
            "net_income": 44825,
            "revenue": 398213,
            "common_shares": 801829,
            "book_valuer_per_share": 16.73,
            "book_valuer_per_share_4q_avg": 15.98,
            "equity": 1341118,
            "current_ratio": 118.24,
            "debt_ratio": 45.7,
            "inventory_turnover_ratio": 6.76,
            "account_receivable_turnover_ratio": null,
            "reinvestment_rate": 25.42,
            "research_to_sale_ratio": null,
            "price_fair": 72.71,
            "eps_avg_yearly": 2.08,
            "eps_latest_yearly": 2.24,
            "eps_growth_yearly": 106.7
        },
        "20082": {
            "year_quarter": 20082,
            "year": 2008,
            "quarter": 2,
            "eps": 0.73,
            "eps_growth_year": -5.19,
            "eps_4q": 2.05,
            "eps_4q_growth_year": -23.47,
            "roe": 4.41,
            "roe_4q": 12.610000000000001,
            "gross_profit": 94088,
            "gross_margin": 24.41,
            "gross_margin_4q_avg": 19.35,
            "net_income": 58699,
            "revenue": 385428,
            "common_shares": 801829,
            "book_valuer_per_share": 16.48,
            "book_valuer_per_share_4q_avg": 16.27,
            "equity": 1321656,
            "current_ratio": 113.4,
            "debt_ratio": 48.93,
            "inventory_turnover_ratio": 4.63,
            "account_receivable_turnover_ratio": null,
            "reinvestment_rate": 26.14,
            "research_to_sale_ratio": null,
            "price_fair": 74.81,
            "eps_avg_yearly": 2.14,
            "eps_latest_yearly": 2.92,
            "eps_growth_yearly": 115.73
        },
        "20083": {
            "year_quarter": 20083,
            "year": 2008,
            "quarter": 3,
            "eps": 0.66,
            "eps_growth_year": 214.29,
            "eps_4q": 2.28,
            "eps_4q_growth_year": -6.09,
            "roe": 4.47,
            "roe_4q": 15.74,
            "gross_profit": 97283,
            "gross_margin": 23.56,
            "gross_margin_4q_avg": 21.46,
            "net_income": 60241,
            "revenue": 412977,
            "common_shares": 906066,
            "book_valuer_per_share": 15.15,
            "book_valuer_per_share_4q_avg": 16.15,
            "equity": 1372745,
            "current_ratio": 120.13,
            "debt_ratio": 46.14,
            "inventory_turnover_ratio": 3.84,
            "account_receivable_turnover_ratio": null,
            "reinvestment_rate": 26.36,
            "research_to_sale_ratio": null,
            "price_fair": 77.26,
            "eps_avg_yearly": 2.21,
            "eps_latest_yearly": 2.64,
            "eps_growth_yearly": 118.95
        },
        "20084": {
            "year_quarter": 20084,
            "year": 2008,
            "quarter": 4,
            "eps": 0.53,
            "eps_growth_year": -3.64,
            "eps_4q": 2.33,
            "eps_4q_growth_year": -2.12,
            "roe": 3.43,
            "roe_4q": 15.700000000000001,
            "gross_profit": 98409,
            "gross_margin": 19.35,
            "gross_margin_4q_avg": 21.36,
            "net_income": 48177,
            "revenue": 508606,
            "common_shares": 906066,
            "book_valuer_per_share": 15.86,
            "book_valuer_per_share_4q_avg": 16.06,
            "equity": 1437217,
            "current_ratio": 131.99,
            "debt_ratio": 44.29,
            "inventory_turnover_ratio": 5,
            "account_receivable_turnover_ratio": 5.62,
            "reinvestment_rate": 20.35,
            "research_to_sale_ratio": null,
            "price_fair": 80.5,
            "eps_avg_yearly": 2.3,
            "eps_latest_yearly": 2.12,
            "eps_growth_yearly": 128.49
        },
        "20091": {
            "year_quarter": 20091,
            "year": 2009,
            "quarter": 1,
            "eps": 0.55,
            "eps_growth_year": -1.79,
            "eps_4q": 2.38,
            "eps_4q_growth_year": 13.49,
            "roe": 3.44,
            "roe_4q": 15.75,
            "gross_profit": 78911,
            "gross_margin": 15.81,
            "gross_margin_4q_avg": 20.78,
            "net_income": 50249,
            "revenue": 499274,
            "common_shares": 906066,
            "book_valuer_per_share": 16.4,
            "book_valuer_per_share_4q_avg": 15.97,
            "equity": 1486301,
            "current_ratio": 150.73,
            "debt_ratio": 40.2,
            "inventory_turnover_ratio": 5.81,
            "account_receivable_turnover_ratio": 2.75,
            "reinvestment_rate": 20.85,
            "research_to_sale_ratio": null,
            "price_fair": 79.71,
            "eps_avg_yearly": 2.28,
            "eps_latest_yearly": 2.2,
            "eps_growth_yearly": 54.44
        },
        "20092": {
            "year_quarter": 20092,
            "year": 2009,
            "quarter": 2,
            "eps": 0.74,
            "eps_growth_year": 1.37,
            "eps_4q": 2.5,
            "eps_4q_growth_year": 22.32,
            "roe": 4.52,
            "roe_4q": 15.86,
            "gross_profit": 105660,
            "gross_margin": 27.21,
            "gross_margin_4q_avg": 21.48,
            "net_income": 66645,
            "revenue": 388361,
            "common_shares": 906066,
            "book_valuer_per_share": 16.15,
            "book_valuer_per_share_4q_avg": 15.89,
            "equity": 1463388,
            "current_ratio": 142.26,
            "debt_ratio": 43.18,
            "inventory_turnover_ratio": 4.47,
            "account_receivable_turnover_ratio": 2.18,
            "reinvestment_rate": 19.28,
            "research_to_sale_ratio": null,
            "price_fair": 81.29,
            "eps_avg_yearly": 2.32,
            "eps_latest_yearly": 2.96,
            "eps_growth_yearly": 66.2
        },
        "20093": {
            "year_quarter": 20093,
            "year": 2009,
            "quarter": 3,
            "eps": 0.74,
            "eps_growth_year": 12.12,
            "eps_4q": 2.38,
            "eps_4q_growth_year": 4.49,
            "roe": 4.95,
            "roe_4q": 16.34,
            "gross_profit": 117957,
            "gross_margin": 30.51,
            "gross_margin_4q_avg": 23.22,
            "net_income": 74365,
            "revenue": 386661,
            "common_shares": 1005734,
            "book_valuer_per_share": 15.3,
            "book_valuer_per_share_4q_avg": 15.93,
            "equity": 1538473,
            "current_ratio": 145.88,
            "debt_ratio": 38.34,
            "inventory_turnover_ratio": 4.55,
            "account_receivable_turnover_ratio": 2.34,
            "reinvestment_rate": 16.62,
            "research_to_sale_ratio": null,
            "price_fair": 85.84,
            "eps_avg_yearly": 2.45,
            "eps_latest_yearly": 2.96,
            "eps_growth_yearly": 81.38
        },
        "20094": {
            "year_quarter": 20094,
            "year": 2009,
            "quarter": 4,
            "eps": 0.4,
            "eps_growth_year": -24.53,
            "eps_4q": 2.3,
            "eps_4q_growth_year": -1.46,
            "roe": 2.55,
            "roe_4q": 15.459999999999999,
            "gross_profit": 72467,
            "gross_margin": 17.68,
            "gross_margin_4q_avg": 22.8,
            "net_income": 39812,
            "revenue": 409990,
            "common_shares": 1005734,
            "book_valuer_per_share": 15.7,
            "book_valuer_per_share_4q_avg": 15.89,
            "equity": 1579003,
            "current_ratio": 154.79,
            "debt_ratio": 40.48,
            "inventory_turnover_ratio": 5.85,
            "account_receivable_turnover_ratio": 4.9,
            "reinvestment_rate": 34.63,
            "research_to_sale_ratio": null,
            "price_fair": 85.4,
            "eps_avg_yearly": 2.44,
            "eps_latest_yearly": 1.6,
            "eps_growth_yearly": 43.76
        },
        "20101": {
            "year_quarter": 20101,
            "year": 2010,
            "quarter": 1,
            "eps": 0.41,
            "eps_growth_year": -25.45,
            "eps_4q": 2.21,
            "eps_4q_growth_year": -7.11,
            "roe": 2.6,
            "roe_4q": 14.620000000000001,
            "gross_profit": 55561,
            "gross_margin": 12.12,
            "gross_margin_4q_avg": 21.88,
            "net_income": 41458,
            "revenue": 458269,
            "common_shares": 1005734,
            "book_valuer_per_share": 16.07,
            "book_valuer_per_share_4q_avg": 15.81,
            "equity": 1616153,
            "current_ratio": 154.7,
            "debt_ratio": 39.65,
            "inventory_turnover_ratio": 6.66,
            "account_receivable_turnover_ratio": 2.54,
            "reinvestment_rate": 36.33,
            "research_to_sale_ratio": null,
            "price_fair": 82.08,
            "eps_avg_yearly": 2.35,
            "eps_latest_yearly": 1.64,
            "eps_growth_yearly": 25.49
        },
        "20102": {
            "year_quarter": 20102,
            "year": 2010,
            "quarter": 2,
            "eps": 0.72,
            "eps_growth_year": -3.28,
            "eps_4q": 2.19,
            "eps_4q_growth_year": -12.48,
            "roe": 4.79,
            "roe_4q": 14.89,
            "gross_profit": 114601,
            "gross_margin": 24.57,
            "gross_margin_4q_avg": 21.22,
            "net_income": 75581,
            "revenue": 466445,
            "common_shares": 1005734,
            "book_valuer_per_share": 15.32,
            "book_valuer_per_share_4q_avg": 15.6,
            "equity": 1540960,
            "current_ratio": 128,
            "debt_ratio": 42.15,
            "inventory_turnover_ratio": 5.63,
            "account_receivable_turnover_ratio": 2.62,
            "reinvestment_rate": 47.5,
            "research_to_sale_ratio": null,
            "price_fair": 82.95,
            "eps_avg_yearly": 2.37,
            "eps_latest_yearly": 2.88,
            "eps_growth_yearly": 49.77
        },
        "20103": {
            "year_quarter": 20103,
            "year": 2010,
            "quarter": 3,
            "eps": 0.57,
            "eps_growth_year": -22.69,
            "eps_4q": 2.06,
            "eps_4q_growth_year": -13.65,
            "roe": 3.84,
            "roe_4q": 13.779999999999998,
            "gross_profit": 93923,
            "gross_margin": 28.18,
            "gross_margin_4q_avg": 20.64,
            "net_income": 60416,
            "revenue": 333338,
            "common_shares": 1056021,
            "book_valuer_per_share": 15.18,
            "book_valuer_per_share_4q_avg": 15.57,
            "equity": 1602557,
            "current_ratio": 136.77,
            "debt_ratio": 34.61,
            "inventory_turnover_ratio": 3.91,
            "account_receivable_turnover_ratio": 2.33,
            "reinvestment_rate": 39.24,
            "research_to_sale_ratio": null,
            "price_fair": 83.56,
            "eps_avg_yearly": 2.39,
            "eps_latest_yearly": 2.28,
            "eps_growth_yearly": 49.4
        },
        "20104": {
            "year_quarter": 20104,
            "year": 2010,
            "quarter": 4,
            "eps": 0.8,
            "eps_growth_year": 99.83,
            "eps_4q": 2.48,
            "eps_4q_growth_year": 7.93,
            "roe": 5.14,
            "roe_4q": 16.37,
            "gross_profit": 127963,
            "gross_margin": 26.74,
            "gross_margin_4q_avg": 22.9,
            "net_income": 84408,
            "revenue": 478520,
            "common_shares": 1056021,
            "book_valuer_per_share": 15.95,
            "book_valuer_per_share_4q_avg": 15.63,
            "equity": 1684297,
            "current_ratio": 152.96,
            "debt_ratio": 33.22,
            "inventory_turnover_ratio": 6.25,
            "account_receivable_turnover_ratio": 3.25,
            "reinvestment_rate": 33.11,
            "research_to_sale_ratio": null,
            "price_fair": 85.75,
            "eps_avg_yearly": 2.45,
            "eps_latest_yearly": 3.2,
            "eps_growth_yearly": 56.99
        },
        "20111": {
            "year_quarter": 20111,
            "year": 2011,
            "quarter": 1,
            "eps": 0.47,
            "eps_growth_year": 14.63,
            "eps_4q": 2.56,
            "eps_4q_growth_year": 15.85,
            "roe": 2.92,
            "roe_4q": 16.689999999999998,
            "gross_profit": 81898,
            "gross_margin": 16.14,
            "gross_margin_4q_avg": 23.91,
            "net_income": 49987,
            "revenue": 507412,
            "common_shares": 1056021,
            "book_valuer_per_share": 16.43,
            "book_valuer_per_share_4q_avg": 15.72,
            "equity": 1734870,
            "current_ratio": 164.03,
            "debt_ratio": 32.52,
            "inventory_turnover_ratio": 8.38,
            "account_receivable_turnover_ratio": 2.53,
            "reinvestment_rate": 26.07,
            "research_to_sale_ratio": null,
            "price_fair": 82.34,
            "eps_avg_yearly": 2.35,
            "eps_latest_yearly": 1.88,
            "eps_growth_yearly": 32.59
        },
        "20112": {
            "year_quarter": 20112,
            "year": 2011,
            "quarter": 2,
            "eps": 0.56,
            "eps_growth_year": -21.58,
            "eps_4q": 2.29,
            "eps_4q_growth_year": 4.38,
            "roe": 3.76,
            "roe_4q": 15.66,
            "gross_profit": 92034,
            "gross_margin": 21.85,
            "gross_margin_4q_avg": 23.23,
            "net_income": 63420,
            "revenue": 421142,
            "common_shares": 1056021,
            "book_valuer_per_share": 15.54,
            "book_valuer_per_share_4q_avg": 15.78,
            "equity": 1640806,
            "current_ratio": 145.46,
            "debt_ratio": 36.78,
            "inventory_turnover_ratio": 6.53,
            "account_receivable_turnover_ratio": 2.09,
            "reinvestment_rate": 21.03,
            "research_to_sale_ratio": null,
            "price_fair": 80.5,
            "eps_avg_yearly": 2.3,
            "eps_latest_yearly": 2.24,
            "eps_growth_yearly": 39.99
        },
        "20113": {
            "year_quarter": 20113,
            "year": 2011,
            "quarter": 3,
            "eps": 0.39,
            "eps_growth_year": -31.33,
            "eps_4q": 2.14,
            "eps_4q_growth_year": 4.19,
            "roe": 2.67,
            "roe_4q": 14.489999999999998,
            "gross_profit": 68437,
            "gross_margin": 20,
            "gross_margin_4q_avg": 21.18,
            "net_income": 44395,
            "revenue": 342173,
            "common_shares": 1129942,
            "book_valuer_per_share": 14.91,
            "book_valuer_per_share_4q_avg": 15.71,
            "equity": 1684641,
            "current_ratio": 165.34,
            "debt_ratio": 31.98,
            "inventory_turnover_ratio": 5.37,
            "account_receivable_turnover_ratio": 2.05,
            "reinvestment_rate": 17.52,
            "research_to_sale_ratio": null,
            "price_fair": 82.08,
            "eps_avg_yearly": 2.35,
            "eps_latest_yearly": 1.56,
            "eps_growth_yearly": 50.58
        },
        "20114": {
            "year_quarter": 20114,
            "year": 2011,
            "quarter": 4,
            "eps": 0.62,
            "eps_growth_year": -22.62,
            "eps_4q": 2.02,
            "eps_4q_growth_year": -18.74,
            "roe": 4.06,
            "roe_4q": 13.409999999999998,
            "gross_profit": 95465,
            "gross_margin": 18.9,
            "gross_margin_4q_avg": 19.22,
            "net_income": 69891,
            "revenue": 505099,
            "common_shares": 1129942,
            "book_valuer_per_share": 15.59,
            "book_valuer_per_share_4q_avg": 15.62,
            "equity": 1761030,
            "current_ratio": 179.33,
            "debt_ratio": 31.35,
            "inventory_turnover_ratio": 9.32,
            "account_receivable_turnover_ratio": 2.58,
            "reinvestment_rate": 15.79,
            "research_to_sale_ratio": null,
            "price_fair": 82.34,
            "eps_avg_yearly": 2.36,
            "eps_latest_yearly": 2.48,
            "eps_growth_yearly": 24.85
        },
        "20121": {
            "year_quarter": 20121,
            "year": 2012,
            "quarter": 1,
            "eps": 0.49,
            "eps_growth_year": 4.26,
            "eps_4q": 2.06,
            "eps_4q_growth_year": -19.51,
            "roe": 3.08,
            "roe_4q": 13.569999999999999,
            "gross_profit": 82328,
            "gross_margin": 14.42,
            "gross_margin_4q_avg": 18.79,
            "net_income": 55169,
            "revenue": 570924,
            "common_shares": 1129942,
            "book_valuer_per_share": 16.08,
            "book_valuer_per_share_4q_avg": 15.53,
            "equity": 1816708,
            "current_ratio": 185.06,
            "debt_ratio": 31.58,
            "inventory_turnover_ratio": 12.95,
            "account_receivable_turnover_ratio": 2.28,
            "reinvestment_rate": 12.07,
            "research_to_sale_ratio": null,
            "price_fair": 68.37,
            "eps_avg_yearly": 2.35,
            "eps_latest_yearly": 1.96,
            "eps_growth_yearly": 19.15
        },
        "20122": {
            "year_quarter": 20122,
            "year": 2012,
            "quarter": 2,
            "eps": 0.47,
            "eps_growth_year": -15.62,
            "eps_4q": 1.9,
            "eps_4q_growth_year": -16.78,
            "roe": 3.17,
            "roe_4q": 12.979999999999999,
            "gross_profit": 81781,
            "gross_margin": 18.11,
            "gross_margin_4q_avg": 17.86,
            "net_income": 56191,
            "revenue": 451601,
            "common_shares": 1129942,
            "book_valuer_per_share": 15.27,
            "book_valuer_per_share_4q_avg": 15.46,
            "equity": 1725847,
            "current_ratio": 162.37,
            "debt_ratio": 35.17,
            "inventory_turnover_ratio": 10.45,
            "account_receivable_turnover_ratio": 1.98,
            "reinvestment_rate": 11.72,
            "research_to_sale_ratio": null,
            "price_fair": 46.84,
            "eps_avg_yearly": 2.28,
            "eps_latest_yearly": 1.88,
            "eps_growth_yearly": 10.55
        },
        "20123": {
            "year_quarter": 20123,
            "year": 2012,
            "quarter": 3,
            "eps": 0.45,
            "eps_growth_year": 15.04,
            "eps_4q": 1.98,
            "eps_4q_growth_year": -7.64,
            "roe": 3.06,
            "roe_4q": 13.370000000000001,
            "gross_profit": 81459,
            "gross_margin": 19.98,
            "gross_margin_4q_avg": 17.85,
            "net_income": 53627,
            "revenue": 407630,
            "common_shares": 1186439,
            "book_valuer_per_share": 15.02,
            "book_valuer_per_share_4q_avg": 15.49,
            "equity": 1782516,
            "current_ratio": 185.88,
            "debt_ratio": 30.92,
            "inventory_turnover_ratio": 10.23,
            "account_receivable_turnover_ratio": 2.26,
            "reinvestment_rate": 10.8,
            "research_to_sale_ratio": null,
            "price_fair": 48.73,
            "eps_avg_yearly": 2.23,
            "eps_latest_yearly": 1.8,
            "eps_growth_yearly": 11.88
        },
        "20124": {
            "year_quarter": 20124,
            "year": 2012,
            "quarter": 4,
            "eps": 0.4,
            "eps_growth_year": -35.96,
            "eps_4q": 1.79,
            "eps_4q_growth_year": -11.33,
            "roe": 2.61,
            "roe_4q": 11.92,
            "gross_profit": 73805,
            "gross_margin": 13.09,
            "gross_margin_4q_avg": 16.4,
            "net_income": 46995,
            "revenue": 563665,
            "common_shares": 1186439,
            "book_valuer_per_share": 15.34,
            "book_valuer_per_share_4q_avg": 15.43,
            "equity": 1819804,
            "current_ratio": 199.99,
            "debt_ratio": 30.6,
            "inventory_turnover_ratio": 14.87,
            "account_receivable_turnover_ratio": 2.67,
            "reinvestment_rate": 11.34,
            "research_to_sale_ratio": null,
            "price_fair": 52.74,
            "eps_avg_yearly": 2.2,
            "eps_latest_yearly": 1.6,
            "eps_growth_yearly": 14.03
        },
        "20131": {
            "year_quarter": 20131,
            "year": 2013,
            "quarter": 1,
            "eps": 0.24,
            "eps_growth_year": -51.02,
            "eps_4q": 1.56,
            "eps_4q_growth_year": -24.33,
            "roe": 1.55,
            "roe_4q": 10.39,
            "gross_profit": 50256,
            "gross_margin": 9.19,
            "gross_margin_4q_avg": 15.09,
            "net_income": 28205,
            "revenue": 546990,
            "common_shares": 1186439,
            "book_valuer_per_share": 15.34,
            "book_valuer_per_share_4q_avg": 15.24,
            "equity": 1819407,
            "current_ratio": 197.85,
            "debt_ratio": 33.29,
            "inventory_turnover_ratio": 14.87,
            "account_receivable_turnover_ratio": 2.11,
            "reinvestment_rate": 6.08,
            "research_to_sale_ratio": null,
            "price_fair": 27.7,
            "eps_avg_yearly": 2.12,
            "eps_latest_yearly": 0.96,
            "eps_growth_yearly": 3.08
        },
        "20132": {
            "year_quarter": 20132,
            "year": 2013,
            "quarter": 2,
            "eps": 0.41,
            "eps_growth_year": -13.43,
            "eps_4q": 1.49,
            "eps_4q_growth_year": -21.47,
            "roe": 2.77,
            "roe_4q": 9.99,
            "gross_profit": 74065,
            "gross_margin": 15.46,
            "gross_margin_4q_avg": 14.43,
            "net_income": 48362,
            "revenue": 479079,
            "common_shares": 1186439,
            "book_valuer_per_share": 14.14,
            "book_valuer_per_share_4q_avg": 14.96,
            "equity": 1677573,
            "current_ratio": 155.72,
            "debt_ratio": 39.47,
            "inventory_turnover_ratio": 13.32,
            "account_receivable_turnover_ratio": 2.11,
            "reinvestment_rate": 7,
            "research_to_sale_ratio": null,
            "price_fair": 45.08,
            "eps_avg_yearly": 2.04,
            "eps_latest_yearly": 1.64,
            "eps_growth_yearly": 12.15
        },
        "20133": {
            "year_quarter": 20133,
            "year": 2013,
            "quarter": 3,
            "eps": 0.3,
            "eps_growth_year": -33.63,
            "eps_4q": 1.35,
            "eps_4q_growth_year": -31.99,
            "roe": 2.13,
            "roe_4q": 9.06,
            "gross_profit": 64143,
            "gross_margin": 16.31,
            "gross_margin_4q_avg": 13.51,
            "net_income": 36187,
            "revenue": 393292,
            "common_shares": 1186439,
            "book_valuer_per_share": 14.45,
            "book_valuer_per_share_4q_avg": 14.82,
            "equity": 1714361,
            "current_ratio": 173.17,
            "debt_ratio": 35.4,
            "inventory_turnover_ratio": 11.77,
            "account_receivable_turnover_ratio": 2.22,
            "reinvestment_rate": 8.63,
            "research_to_sale_ratio": null,
            "price_fair": 29.73,
            "eps_avg_yearly": 1.93,
            "eps_latest_yearly": 1.2,
            "eps_growth_yearly": 5.45
        },
        "20134": {
            "year_quarter": 20134,
            "year": 2013,
            "quarter": 4,
            "eps": 0.29,
            "eps_growth_year": -25.97,
            "eps_4q": 1.24,
            "eps_4q_growth_year": -30.4,
            "roe": 2.01,
            "roe_4q": 8.46,
            "gross_profit": 60791,
            "gross_margin": 11.3,
            "gross_margin_4q_avg": 13.07,
            "net_income": 34788,
            "revenue": 537987,
            "common_shares": 1186439,
            "book_valuer_per_share": 14.76,
            "book_valuer_per_share_4q_avg": 14.67,
            "equity": 1751642,
            "current_ratio": 168.3,
            "debt_ratio": 37.73,
            "inventory_turnover_ratio": 18.76,
            "account_receivable_turnover_ratio": 2.64,
            "reinvestment_rate": -5.94,
            "research_to_sale_ratio": null,
            "price_fair": 49.52,
            "eps_avg_yearly": 1.9,
            "eps_latest_yearly": 1.16,
            "eps_growth_yearly": 16.1
        },
        "20141": {
            "year_quarter": 20141,
            "year": 2014,
            "quarter": 1,
            "eps": 0.28,
            "eps_growth_year": 16.67,
            "eps_4q": 1.29,
            "eps_4q_growth_year": -17.59,
            "roe": 1.87,
            "roe_4q": 8.78,
            "gross_profit": 58922,
            "gross_margin": 9.64,
            "gross_margin_4q_avg": 13.18,
            "net_income": 33141,
            "revenue": 611457,
            "common_shares": 1186439,
            "book_valuer_per_share": 15.05,
            "book_valuer_per_share_4q_avg": 14.6,
            "equity": 1785711,
            "current_ratio": 171.51,
            "debt_ratio": 38.95,
            "inventory_turnover_ratio": 21.87,
            "account_receivable_turnover_ratio": 2.35,
            "reinvestment_rate": -10.7,
            "research_to_sale_ratio": null,
            "price_fair": 45.9,
            "eps_avg_yearly": 1.87,
            "eps_latest_yearly": 1.12,
            "eps_growth_yearly": 14.61
        },
        "20142": {
            "year_quarter": 20142,
            "year": 2014,
            "quarter": 2,
            "eps": 0.35,
            "eps_growth_year": -14.63,
            "eps_4q": 1.19,
            "eps_4q_growth_year": -20.34,
            "roe": 2.36,
            "roe_4q": 8.370000000000001,
            "gross_profit": 65006,
            "gross_margin": 13.22,
            "gross_margin_4q_avg": 12.62,
            "net_income": 41267,
            "revenue": 491568,
            "common_shares": 1186439,
            "book_valuer_per_share": 14.41,
            "book_valuer_per_share_4q_avg": 14.67,
            "equity": 1709183,
            "current_ratio": 158.92,
            "debt_ratio": 42.12,
            "inventory_turnover_ratio": 15.57,
            "account_receivable_turnover_ratio": 2.06,
            "reinvestment_rate": -26.6,
            "research_to_sale_ratio": null,
            "price_fair": 21.2,
            "eps_avg_yearly": 1.77,
            "eps_latest_yearly": 1.4,
            "eps_growth_yearly": 1.96
        },
        "20143": {
            "year_quarter": 20143,
            "year": 2014,
            "quarter": 3,
            "eps": 0.31,
            "eps_growth_year": 3.33,
            "eps_4q": 1.2,
            "eps_4q_growth_year": -10.71,
            "roe": 2.18,
            "roe_4q": 8.42,
            "gross_profit": 64341,
            "gross_margin": 15.6,
            "gross_margin_4q_avg": 12.44,
            "net_income": 37730,
            "revenue": 412537,
            "common_shares": 1222032,
            "book_valuer_per_share": 14.31,
            "book_valuer_per_share_4q_avg": 14.63,
            "equity": 1748998,
            "current_ratio": 171.75,
            "debt_ratio": 40.1,
            "inventory_turnover_ratio": 12.74,
            "account_receivable_turnover_ratio": 2.29,
            "reinvestment_rate": -20.31,
            "research_to_sale_ratio": null,
            "price_fair": 24.44,
            "eps_avg_yearly": 1.71,
            "eps_latest_yearly": 1.24,
            "eps_growth_yearly": 4.31
        },
        "20144": {
            "year_quarter": 20144,
            "year": 2014,
            "quarter": 4,
            "eps": 0.22,
            "eps_growth_year": -25.39,
            "eps_4q": 1.14,
            "eps_4q_growth_year": -8.62,
            "roe": 1.52,
            "roe_4q": 7.930000000000001,
            "gross_profit": 48656,
            "gross_margin": 9.09,
            "gross_margin_4q_avg": 11.89,
            "net_income": 26733,
            "revenue": 535561,
            "common_shares": 1222032,
            "book_valuer_per_share": 14.48,
            "book_valuer_per_share_4q_avg": 14.56,
            "equity": 1769799,
            "current_ratio": 168.45,
            "debt_ratio": 41.66,
            "inventory_turnover_ratio": 18.69,
            "account_receivable_turnover_ratio": 2.88,
            "reinvestment_rate": -17.64,
            "research_to_sale_ratio": null,
            "price_fair": 4.69,
            "eps_avg_yearly": 1.56,
            "eps_latest_yearly": 0.88,
            "eps_growth_yearly": -13.03
        },
        "20151": {
            "year_quarter": 20151,
            "year": 2015,
            "quarter": 1,
            "eps": 0.32,
            "eps_growth_year": 14.29,
            "eps_4q": 1.19,
            "eps_4q_growth_year": -7.65,
            "roe": 2.2,
            "roe_4q": 8.26,
            "gross_profit": 64852,
            "gross_margin": 12.67,
            "gross_margin_4q_avg": 12.65,
            "net_income": 39301,
            "revenue": 511719,
            "common_shares": 1222032,
            "book_valuer_per_share": 14.82,
            "book_valuer_per_share_4q_avg": 14.51,
            "equity": 1810592,
            "current_ratio": 174.17,
            "debt_ratio": 41.62,
            "inventory_turnover_ratio": 19.14,
            "account_receivable_turnover_ratio": 2.5,
            "reinvestment_rate": -14.31,
            "research_to_sale_ratio": null,
            "price_fair": 28.43,
            "eps_avg_yearly": 1.53,
            "eps_latest_yearly": 1.28,
            "eps_growth_yearly": 8.64
        },
        "20152": {
            "year_quarter": 20152,
            "year": 2015,
            "quarter": 2,
            "eps": 0.35,
            "eps_growth_year": 0,
            "eps_4q": 1.2,
            "eps_4q_growth_year": 0.91,
            "roe": 2.43,
            "roe_4q": 8.33,
            "gross_profit": 70444,
            "gross_margin": 19.02,
            "gross_margin_4q_avg": 14.1,
            "net_income": 42949,
            "revenue": 370297,
            "common_shares": 1222032,
            "book_valuer_per_share": 14.17,
            "book_valuer_per_share_4q_avg": 14.45,
            "equity": 1731016,
            "current_ratio": 159.73,
            "debt_ratio": 45.23,
            "inventory_turnover_ratio": 11.76,
            "account_receivable_turnover_ratio": 2.17,
            "reinvestment_rate": -9.42,
            "research_to_sale_ratio": null,
            "price_fair": 23.85,
            "eps_avg_yearly": 1.47,
            "eps_latest_yearly": 1.4,
            "eps_growth_yearly": 6.2
        },
        "20153": {
            "year_quarter": 20153,
            "year": 2015,
            "quarter": 3,
            "eps": 0.34,
            "eps_growth_year": 9.68,
            "eps_4q": 1.23,
            "eps_4q_growth_year": 2.57,
            "roe": 2.38,
            "roe_4q": 8.530000000000001,
            "gross_profit": 67949,
            "gross_margin": 20.33,
            "gross_margin_4q_avg": 15.28,
            "net_income": 41714,
            "revenue": 334187,
            "common_shares": 1222032,
            "book_valuer_per_share": 14.48,
            "book_valuer_per_share_4q_avg": 14.49,
            "equity": 1769118,
            "current_ratio": 169.68,
            "debt_ratio": 43.89,
            "inventory_turnover_ratio": 8.36,
            "account_receivable_turnover_ratio": 2.49,
            "reinvestment_rate": -6.74,
            "research_to_sale_ratio": null,
            "price_fair": 33.69,
            "eps_avg_yearly": 1.46,
            "eps_latest_yearly": 1.36,
            "eps_growth_yearly": 13.07
        },
        "20154": {
            "year_quarter": 20154,
            "year": 2015,
            "quarter": 4,
            "eps": 0.23,
            "eps_growth_year": 5.66,
            "eps_4q": 1.25,
            "eps_4q_growth_year": 9.6,
            "roe": 1.59,
            "roe_4q": 8.600000000000001,
            "gross_profit": 53026,
            "gross_margin": 13.78,
            "gross_margin_4q_avg": 16.45,
            "net_income": 28245,
            "revenue": 384803,
            "common_shares": 1222032,
            "book_valuer_per_share": 14.67,
            "book_valuer_per_share_4q_avg": 14.54,
            "equity": 1792825,
            "current_ratio": 171.85,
            "debt_ratio": 45.88,
            "inventory_turnover_ratio": 9.56,
            "account_receivable_turnover_ratio": 2.81,
            "reinvestment_rate": 0.79,
            "research_to_sale_ratio": null,
            "price_fair": 4.09,
            "eps_avg_yearly": 1.36,
            "eps_latest_yearly": 0.92,
            "eps_growth_yearly": -9.76
        },
        "20161": {
            "year_quarter": 20161,
            "year": 2016,
            "quarter": 1,
            "eps": 0.35,
            "eps_growth_year": 9.38,
            "eps_4q": 1.28,
            "eps_4q_growth_year": 7.75,
            "roe": 2.39,
            "roe_4q": 8.790000000000001,
            "gross_profit": 73342,
            "gross_margin": 16.6,
            "gross_margin_4q_avg": 17.43,
            "net_income": 43361,
            "revenue": 441825,
            "common_shares": 1222032,
            "book_valuer_per_share": 15.01,
            "book_valuer_per_share_4q_avg": 14.58,
            "equity": 1834748,
            "current_ratio": 177.32,
            "debt_ratio": 45.1,
            "inventory_turnover_ratio": 10.65,
            "account_receivable_turnover_ratio": 2.87,
            "reinvestment_rate": 7.03,
            "research_to_sale_ratio": null,
            "price_fair": 24.59,
            "eps_avg_yearly": 1.33,
            "eps_latest_yearly": 1.4,
            "eps_growth_yearly": 8.53
        },
        "20162": {
            "year_quarter": 20162,
            "year": 2016,
            "quarter": 2,
            "eps": 0.47,
            "eps_growth_year": 34.29,
            "eps_4q": 1.4,
            "eps_4q_growth_year": 16.79,
            "roe": 3.22,
            "roe_4q": 9.58,
            "gross_profit": 90819,
            "gross_margin": 25.71,
            "gross_margin_4q_avg": 19.11,
            "net_income": 58025,
            "revenue": 353256,
            "common_shares": 1222032,
            "book_valuer_per_share": 14.5,
            "book_valuer_per_share_4q_avg": 14.67,
            "equity": 1771782,
            "current_ratio": 150.46,
            "debt_ratio": 52.17,
            "inventory_turnover_ratio": 6.81,
            "account_receivable_turnover_ratio": 2.2,
            "reinvestment_rate": 15.23,
            "research_to_sale_ratio": null,
            "price_fair": 37.33,
            "eps_avg_yearly": 1.33,
            "eps_latest_yearly": 1.88,
            "eps_growth_yearly": 18.12
        },
        "20163": {
            "year_quarter": 20163,
            "year": 2016,
            "quarter": 3,
            "eps": 0.34,
            "eps_growth_year": 0,
            "eps_4q": 1.4,
            "eps_4q_growth_year": 13.57,
            "roe": 2.32,
            "roe_4q": 9.52,
            "gross_profit": 66627,
            "gross_margin": 21.3,
            "gross_margin_4q_avg": 19.35,
            "net_income": 41519,
            "revenue": 312807,
            "common_shares": 1222032,
            "book_valuer_per_share": 14.84,
            "book_valuer_per_share_4q_avg": 14.76,
            "equity": 1813304,
            "current_ratio": 161.17,
            "debt_ratio": 50.53,
            "inventory_turnover_ratio": 5.78,
            "account_receivable_turnover_ratio": 2.18,
            "reinvestment_rate": 21.02,
            "research_to_sale_ratio": null,
            "price_fair": 28.95,
            "eps_avg_yearly": 1.3,
            "eps_latest_yearly": 1.36,
            "eps_growth_yearly": 12.27
        },
        "20164": {
            "year_quarter": 20164,
            "year": 2016,
            "quarter": 4,
            "eps": 0.23,
            "eps_growth_year": 1.56,
            "eps_4q": 1.4,
            "eps_4q_growth_year": 12.73,
            "roe": 1.57,
            "roe_4q": 9.5,
            "gross_profit": 56767,
            "gross_margin": 14.9,
            "gross_margin_4q_avg": 19.63,
            "net_income": 28686,
            "revenue": 380938,
            "common_shares": 1222032,
            "book_valuer_per_share": 15.04,
            "book_valuer_per_share_4q_avg": 14.85,
            "equity": 1838109,
            "current_ratio": 160.69,
            "debt_ratio": 51.67,
            "inventory_turnover_ratio": 7.72,
            "account_receivable_turnover_ratio": 2.56,
            "reinvestment_rate": 29.77,
            "research_to_sale_ratio": null,
            "price_fair": 21.32,
            "eps_avg_yearly": 1.26,
            "eps_latest_yearly": 0.92,
            "eps_growth_yearly": 6.96
        },
        "20171": {
            "year_quarter": 20171,
            "year": 2017,
            "quarter": 1,
            "eps": 0.4,
            "eps_growth_year": 14.29,
            "eps_4q": 1.45,
            "eps_4q_growth_year": 13.68,
            "roe": 2.65,
            "roe_4q": 9.76,
            "gross_profit": 77521,
            "gross_margin": 17.77,
            "gross_margin_4q_avg": 19.92,
            "net_income": 49416,
            "revenue": 436317,
            "common_shares": 1222032,
            "book_valuer_per_share": 15.46,
            "book_valuer_per_share_4q_avg": 14.96,
            "equity": 1889628,
            "current_ratio": 160.07,
            "debt_ratio": 52.07,
            "inventory_turnover_ratio": 7.99,
            "account_receivable_turnover_ratio": 2.42,
            "reinvestment_rate": 49.41,
            "research_to_sale_ratio": null,
            "price_fair": 45.41,
            "eps_avg_yearly": 1.3,
            "eps_latest_yearly": 1.6,
            "eps_growth_yearly": 35.44
        },
        "20172": {
            "year_quarter": 20172,
            "year": 2017,
            "quarter": 2,
            "eps": 0.59,
            "eps_growth_year": 25.53,
            "eps_4q": 1.57,
            "eps_4q_growth_year": 11.66,
            "roe": 3.87,
            "roe_4q": 10.41,
            "gross_profit": 107575,
            "gross_margin": 25.54,
            "gross_margin_4q_avg": 19.88,
            "net_income": 71710,
            "revenue": 421252,
            "common_shares": 1222032,
            "book_valuer_per_share": 14.83,
            "book_valuer_per_share_4q_avg": 15.04,
            "equity": 1812409,
            "current_ratio": 156.28,
            "debt_ratio": 55.11,
            "inventory_turnover_ratio": 6.27,
            "account_receivable_turnover_ratio": 2.21,
            "reinvestment_rate": 53.09,
            "research_to_sale_ratio": null,
            "price_fair": 46.99,
            "eps_avg_yearly": 1.34,
            "eps_latest_yearly": 2.36,
            "eps_growth_yearly": 29.6
        },
        "20173": {
            "year_quarter": 20173,
            "year": 2017,
            "quarter": 3,
            "eps": 0.44,
            "eps_growth_year": 29.41,
            "eps_4q": 1.66,
            "eps_4q_growth_year": 18.81,
            "roe": 2.91,
            "roe_4q": 11,
            "gross_profit": 79385,
            "gross_margin": 22.2,
            "gross_margin_4q_avg": 20.1,
            "net_income": 53536,
            "revenue": 357542,
            "common_shares": 1222032,
            "book_valuer_per_share": 15.3,
            "book_valuer_per_share_4q_avg": 15.16,
            "equity": 1869265,
            "current_ratio": 178.84,
            "debt_ratio": 52.8,
            "inventory_turnover_ratio": 5.33,
            "account_receivable_turnover_ratio": 2.1,
            "reinvestment_rate": 55.68,
            "research_to_sale_ratio": null,
            "price_fair": 48.21,
            "eps_avg_yearly": 1.38,
            "eps_latest_yearly": 1.76,
            "eps_growth_yearly": 29.95
        },
        "20174": {
            "year_quarter": 20174,
            "year": 2017,
            "quarter": 4,
            "eps": 0.3,
            "eps_growth_year": 29.14,
            "eps_4q": 1.73,
            "eps_4q_growth_year": 23.38,
            "roe": 1.97,
            "roe_4q": 11.4,
            "gross_profit": 62342,
            "gross_margin": 14.14,
            "gross_margin_4q_avg": 19.91,
            "net_income": 37044,
            "revenue": 440954,
            "common_shares": 1222032,
            "book_valuer_per_share": 15.54,
            "book_valuer_per_share_4q_avg": 15.28,
            "equity": 1898478,
            "current_ratio": 182.51,
            "debt_ratio": 53.83,
            "inventory_turnover_ratio": 6.94,
            "account_receivable_turnover_ratio": 2.49,
            "reinvestment_rate": 61.34,
            "research_to_sale_ratio": null,
            "price_fair": 45.31,
            "eps_avg_yearly": 1.38,
            "eps_latest_yearly": 1.2,
            "eps_growth_yearly": 22.83
        },
        "20181": {
            "year_quarter": 20181,
            "year": 2018,
            "quarter": 1,
            "eps": 0.51,
            "eps_growth_year": 27.5,
            "eps_4q": 1.84,
            "eps_4q_growth_year": 26.29,
            "roe": 3.22,
            "roe_4q": 11.970000000000002,
            "gross_profit": 94954,
            "gross_margin": 18.08,
            "gross_margin_4q_avg": 19.99,
            "net_income": 62063,
            "revenue": 525287,
            "common_shares": 1222032,
            "book_valuer_per_share": 16.05,
            "book_valuer_per_share_4q_avg": 15.43,
            "equity": 1961959,
            "current_ratio": 187.12,
            "debt_ratio": 53.16,
            "inventory_turnover_ratio": 7.93,
            "account_receivable_turnover_ratio": 2.41,
            "reinvestment_rate": 64,
            "research_to_sale_ratio": null,
            "price_fair": 50.31,
            "eps_avg_yearly": 1.44,
            "eps_latest_yearly": 2.04,
            "eps_growth_yearly": 41.19
        },
        "20182": {
            "year_quarter": 20182,
            "year": 2018,
            "quarter": 2,
            "eps": 0.68,
            "eps_growth_year": 15.25,
            "eps_4q": 1.93,
            "eps_4q_growth_year": 23.12,
            "roe": 4.34,
            "roe_4q": 12.440000000000001,
            "gross_profit": 123204,
            "gross_margin": 26.16,
            "gross_margin_4q_avg": 20.15,
            "net_income": 82928,
            "revenue": 470924,
            "common_shares": 1222032,
            "book_valuer_per_share": 15.24,
            "book_valuer_per_share_4q_avg": 15.53,
            "equity": 1861806,
            "current_ratio": 175.53,
            "debt_ratio": 56.37,
            "inventory_turnover_ratio": 6.47,
            "account_receivable_turnover_ratio": 2.12,
            "reinvestment_rate": 63.08,
            "research_to_sale_ratio": null,
            "price_fair": 53.2,
            "eps_avg_yearly": 1.52,
            "eps_latest_yearly": 2.72,
            "eps_growth_yearly": 43.28
        },
        "20183": {
            "year_quarter": 20183,
            "year": 2018,
            "quarter": 3,
            "eps": 0.48,
            "eps_growth_year": 9.09,
            "eps_4q": 1.97,
            "eps_4q_growth_year": 18.57,
            "roe": 3.12,
            "roe_4q": 12.65,
            "gross_profit": 89949,
            "gross_margin": 21.28,
            "gross_margin_4q_avg": 19.92,
            "net_income": 59082,
            "revenue": 422772,
            "common_shares": 1222032,
            "book_valuer_per_share": 15.72,
            "book_valuer_per_share_4q_avg": 15.64,
            "equity": 1920441,
            "current_ratio": 177.31,
            "debt_ratio": 54.35,
            "inventory_turnover_ratio": 5.73,
            "account_receivable_turnover_ratio": 2.09,
            "reinvestment_rate": 67.42,
            "research_to_sale_ratio": null,
            "price_fair": 54.69,
            "eps_avg_yearly": 1.56,
            "eps_latest_yearly": 1.92,
            "eps_growth_yearly": 38.78
        },
        "20184": {
            "year_quarter": 20184,
            "year": 2018,
            "quarter": 4,
            "eps": 0.32,
            "eps_growth_year": 4.91,
            "eps_4q": 1.99,
            "eps_4q_growth_year": 14.75,
            "roe": 2,
            "roe_4q": 12.680000000000001,
            "gross_profit": 71269,
            "gross_margin": 14.37,
            "gross_margin_4q_avg": 19.97,
            "net_income": 38861,
            "revenue": 495861,
            "common_shares": 1222032,
            "book_valuer_per_share": 16.04,
            "book_valuer_per_share_4q_avg": 15.76,
            "equity": 1960260,
            "current_ratio": 167.18,
            "debt_ratio": 55.61,
            "inventory_turnover_ratio": 6.87,
            "account_receivable_turnover_ratio": 2.28,
            "reinvestment_rate": 76.07,
            "research_to_sale_ratio": null,
            "price_fair": 55.56,
            "eps_avg_yearly": 1.59,
            "eps_latest_yearly": 1.28,
            "eps_growth_yearly": 37.71
        },
        "20191": {
            "year_quarter": 20191,
            "year": 2019,
            "quarter": 1,
            "eps": 0.37,
            "eps_growth_year": -27.45,
            "eps_4q": 1.85,
            "eps_4q_growth_year": 0.69,
            "roe": 2.27,
            "roe_4q": 11.73,
            "gross_profit": 66634,
            "gross_margin": 12.09,
            "gross_margin_4q_avg": 18.48,
            "net_income": 45027,
            "revenue": 551336,
            "common_shares": 1222032,
            "book_valuer_per_share": 16.41,
            "book_valuer_per_share_4q_avg": 15.85,
            "equity": 2005529,
            "current_ratio": 163.17,
            "debt_ratio": 55.43,
            "inventory_turnover_ratio": 7.23,
            "account_receivable_turnover_ratio": 2.22,
            "reinvestment_rate": 79.85,
            "research_to_sale_ratio": null,
            "price_fair": 56,
            "eps_avg_yearly": 1.6,
            "eps_latest_yearly": 1.48,
            "eps_growth_yearly": 30.25
        },
        "20192": {
            "year_quarter": 20192,
            "year": 2019,
            "quarter": 2,
            "eps": 0.91,
            "eps_growth_year": 33.82,
            "eps_4q": 2.08,
            "eps_4q_growth_year": 8,
            "roe": 5.77,
            "roe_4q": 13.16,
            "gross_profit": 157699,
            "gross_margin": 25.7,
            "gross_margin_4q_avg": 18.36,
            "net_income": 111446,
            "revenue": 613508,
            "common_shares": 1222032,
            "book_valuer_per_share": 15.23,
            "book_valuer_per_share_4q_avg": 15.85,
            "equity": 1860602,
            "current_ratio": 138.66,
            "debt_ratio": 60.05,
            "inventory_turnover_ratio": 6.16,
            "account_receivable_turnover_ratio": 2.53,
            "reinvestment_rate": 85.39,
            "research_to_sale_ratio": null,
            "price_fair": 60.9,
            "eps_avg_yearly": 1.74,
            "eps_latest_yearly": 3.64,
            "eps_growth_yearly": 64.39
        },
        "20193": {
            "year_quarter": 20193,
            "year": 2019,
            "quarter": 3,
            "eps": 0.53,
            "eps_growth_year": 10.42,
            "eps_4q": 2.12,
            "eps_4q_growth_year": 7.7,
            "roe": 3.4,
            "roe_4q": 13.44,
            "gross_profit": 103400,
            "gross_margin": 20.15,
            "gross_margin_4q_avg": 18.08,
            "net_income": 64340,
            "revenue": 513187,
            "common_shares": 1222032,
            "book_valuer_per_share": 15.75,
            "book_valuer_per_share_4q_avg": 15.86,
            "equity": 1924864,
            "current_ratio": 145.93,
            "debt_ratio": 57.43,
            "inventory_turnover_ratio": 5.32,
            "account_receivable_turnover_ratio": 2.49,
            "reinvestment_rate": 90.53,
            "research_to_sale_ratio": null,
            "price_fair": 62.56,
            "eps_avg_yearly": 1.79,
            "eps_latest_yearly": 2.12,
            "eps_growth_yearly": 54.67
        },
        "20194": {
            "year_quarter": 20194,
            "year": 2019,
            "quarter": 4,
            "eps": 1.19,
            "eps_growth_year": 272.77,
            "eps_4q": 2.99,
            "eps_4q_growth_year": 50.53,
            "roe": 7.26,
            "roe_4q": 18.7,
            "gross_profit": 214787,
            "gross_margin": 27.68,
            "gross_margin_4q_avg": 21.41,
            "net_income": 144864,
            "revenue": 775924,
            "common_shares": 1222032,
            "book_valuer_per_share": 16.93,
            "book_valuer_per_share_4q_avg": 16.08,
            "equity": 2068306,
            "current_ratio": 163.29,
            "debt_ratio": 55.61,
            "inventory_turnover_ratio": 8.23,
            "account_receivable_turnover_ratio": 3.52,
            "reinvestment_rate": 89.76,
            "research_to_sale_ratio": null,
            "price_fair": 70.96,
            "eps_avg_yearly": 2.03,
            "eps_latest_yearly": 4.76,
            "eps_growth_yearly": 93.89
        },
        "20201": {
            "year_quarter": 20201,
            "year": 2020,
            "quarter": 1,
            "eps": 0.66,
            "eps_growth_year": 78.38,
            "eps_4q": 3.28,
            "eps_4q_growth_year": 77.68,
            "roe": 3.83,
            "roe_4q": 20.259999999999998,
            "gross_profit": 139047,
            "gross_margin": 20.41,
            "gross_margin_4q_avg": 23.49,
            "net_income": 80724,
            "revenue": 681289,
            "common_shares": 1222032,
            "book_valuer_per_share": 17.58,
            "book_valuer_per_share_4q_avg": 16.37,
            "equity": 2148221,
            "current_ratio": 168.4,
            "debt_ratio": 54.12,
            "inventory_turnover_ratio": 9.27,
            "account_receivable_turnover_ratio": 2.56,
            "reinvestment_rate": 86.19,
            "research_to_sale_ratio": null,
            "price_fair": 73.68,
            "eps_avg_yearly": 2.11,
            "eps_latest_yearly": 2.64,
            "eps_growth_yearly": 69.71
        },
        "20202": {
            "year_quarter": 20202,
            "year": 2020,
            "quarter": 2,
            "eps": 0.76,
            "eps_growth_year": -16.48,
            "eps_4q": 2.92,
            "eps_4q_growth_year": 40.32,
            "roe": 4.8,
            "roe_4q": 19.29,
            "gross_profit": 150293,
            "gross_margin": 25.92,
            "gross_margin_4q_avg": 23.54,
            "net_income": 102761,
            "revenue": 579838,
            "common_shares": 1222032,
            "book_valuer_per_share": 17.45,
            "book_valuer_per_share_4q_avg": 16.93,
            "equity": 2132822,
            "current_ratio": 165.59,
            "debt_ratio": 55.22,
            "inventory_turnover_ratio": 7.35,
            "account_receivable_turnover_ratio": 2.35,
            "reinvestment_rate": 82.9,
            "research_to_sale_ratio": null,
            "price_fair": 76.21,
            "eps_avg_yearly": 2.18,
            "eps_latest_yearly": 3.04,
            "eps_growth_yearly": 64.93
        },
        "20203": {
            "year_quarter": 20203,
            "year": 2020,
            "quarter": 3,
            "eps": 0.65,
            "eps_growth_year": 22.64,
            "eps_4q": 3.09,
            "eps_4q_growth_year": 45.37,
            "roe": 3.99,
            "roe_4q": 19.88,
            "gross_profit": 132822,
            "gross_margin": 26.48,
            "gross_margin_4q_avg": 25.12,
            "net_income": 86899,
            "revenue": 501683,
            "common_shares": 1344235,
            "book_valuer_per_share": 16.53,
            "book_valuer_per_share_4q_avg": 17.12,
            "equity": 2222520,
            "current_ratio": 177.64,
            "debt_ratio": 52.97,
            "inventory_turnover_ratio": 6.55,
            "account_receivable_turnover_ratio": 2.63,
            "reinvestment_rate": 82.52,
            "research_to_sale_ratio": null,
            "price_fair": 78.93,
            "eps_avg_yearly": 2.26,
            "eps_latest_yearly": 2.6,
            "eps_growth_yearly": 68.22
        },
        "20204": {
            "year_quarter": 20204,
            "year": 2020,
            "quarter": 4,
            "eps": 0.4,
            "eps_growth_year": -66.33,
            "eps_4q": 2.41,
            "eps_4q_growth_year": -19.44,
            "roe": 2.38,
            "roe_4q": 15,
            "gross_profit": 113458,
            "gross_margin": 20.65,
            "gross_margin_4q_avg": 23.37,
            "net_income": 53649,
            "revenue": 549314,
            "common_shares": 1344235,
            "book_valuer_per_share": 16.98,
            "book_valuer_per_share_4q_avg": 17.14,
            "equity": 2282788,
            "current_ratio": 194.29,
            "debt_ratio": 53.03,
            "inventory_turnover_ratio": 7.96,
            "account_receivable_turnover_ratio": 2.83,
            "reinvestment_rate": 88.06,
            "research_to_sale_ratio": null,
            "price_fair": 80.41,
            "eps_avg_yearly": 2.3,
            "eps_latest_yearly": 1.6,
            "eps_growth_yearly": 66.69
        },
        "20211": {
            "year_quarter": 20211,
            "year": 2021,
            "quarter": 1,
            "eps": 0.68,
            "eps_growth_year": 3.03,
            "eps_4q": 2.49,
            "eps_4q_growth_year": -24.19,
            "roe": 3.92,
            "roe_4q": 15.09,
            "gross_profit": 138371,
            "gross_margin": 22.85,
            "gross_margin_4q_avg": 23.98,
            "net_income": 91401,
            "revenue": 605616,
            "common_shares": 1344235,
            "book_valuer_per_share": 17.68,
            "book_valuer_per_share_4q_avg": 17.16,
            "equity": 2376296,
            "current_ratio": 208.42,
            "debt_ratio": 52.04,
            "inventory_turnover_ratio": 8.62,
            "account_receivable_turnover_ratio": 2.55,
            "reinvestment_rate": 82.85,
            "research_to_sale_ratio": null,
            "price_fair": 82.86,
            "eps_avg_yearly": 2.37,
            "eps_latest_yearly": 2.72,
            "eps_growth_yearly": 65.72
        },
        "20212": {
            "year_quarter": 20212,
            "year": 2021,
            "quarter": 2,
            "eps": 0.71,
            "eps_growth_year": -6.58,
            "eps_4q": 2.44,
            "eps_4q_growth_year": -16.6,
            "roe": 3.94,
            "roe_4q": 14.229999999999999,
            "gross_profit": 145437,
            "gross_margin": 24.98,
            "gross_margin_4q_avg": 23.74,
            "net_income": 95542,
            "revenue": 582243,
            "common_shares": 1344235,
            "book_valuer_per_share": 18.38,
            "book_valuer_per_share_4q_avg": 17.39,
            "equity": 2470086,
            "current_ratio": 222.39,
            "debt_ratio": 51.43,
            "inventory_turnover_ratio": 8.49,
            "account_receivable_turnover_ratio": 2.52,
            "reinvestment_rate": 78.12,
            "research_to_sale_ratio": null,
            "price_fair": 83.91,
            "eps_avg_yearly": 2.4,
            "eps_latest_yearly": 2.84,
            "eps_growth_yearly": 54.94
        },
        "20213": {
            "year_quarter": 20213,
            "year": 2021,
            "quarter": 3,
            "eps": 0.57,
            "eps_growth_year": -12.31,
            "eps_4q": 2.2,
            "eps_4q_growth_year": -28.93,
            "roe": 3.48,
            "roe_4q": 13.719999999999999,
            "gross_profit": 124754,
            "gross_margin": 24.04,
            "gross_margin_4q_avg": 23.13,
            "net_income": 84046,
            "revenue": 518984,
            "common_shares": 1478658,
            "book_valuer_per_share": 15.98,
            "book_valuer_per_share_4q_avg": 17.26,
            "equity": 2362635,
            "current_ratio": 192.98,
            "debt_ratio": 54.56,
            "inventory_turnover_ratio": 7.95,
            "account_receivable_turnover_ratio": 2.55,
            "reinvestment_rate": 77,
            "research_to_sale_ratio": null,
            "price_fair": 85.05,
            "eps_avg_yearly": 2.43,
            "eps_latest_yearly": 2.28,
            "eps_growth_yearly": 56.37
        },
        "20214": {
            "year_quarter": 20214,
            "year": 2021,
            "quarter": 4,
            "eps": 0.37,
            "eps_growth_year": -6.18,
            "eps_4q": 2.21,
            "eps_4q_growth_year": -8.44,
            "roe": 2.32,
            "roe_4q": 13.66,
            "gross_profit": 101584,
            "gross_margin": 17.15,
            "gross_margin_4q_avg": 22.26,
            "net_income": 55369,
            "revenue": 592156,
            "common_shares": 1478658,
            "book_valuer_per_share": 16.33,
            "book_valuer_per_share_4q_avg": 17.09,
            "equity": 2414114,
            "current_ratio": 195.59,
            "debt_ratio": 53.34,
            "inventory_turnover_ratio": 9.96,
            "account_receivable_turnover_ratio": 2.71,
            "reinvestment_rate": 77.15,
            "research_to_sale_ratio": null,
            "price_fair": 85.66,
            "eps_avg_yearly": 2.45,
            "eps_latest_yearly": 1.48,
            "eps_growth_yearly": 55.55
        },
        "20221": {
            "year_quarter": 20221,
            "year": 2022,
            "quarter": 1,
            "eps": 0.72,
            "eps_growth_year": 5.88,
            "eps_4q": 2.31,
            "eps_4q_growth_year": -7.08,
            "roe": 4.32,
            "roe_4q": 14.06,
            "gross_profit": 159292,
            "gross_margin": 23.5,
            "gross_margin_4q_avg": 22.42,
            "net_income": 107171,
            "revenue": 677980,
            "common_shares": 1478658,
            "book_valuer_per_share": 17.2,
            "book_valuer_per_share_4q_avg": 16.97,
            "equity": 2543566,
            "current_ratio": 215.68,
            "debt_ratio": 52.12,
            "inventory_turnover_ratio": 10.6,
            "account_receivable_turnover_ratio": 2.74,
            "reinvestment_rate": 71.15,
            "research_to_sale_ratio": null,
            "price_fair": 87.5,
            "eps_avg_yearly": 2.5,
            "eps_latest_yearly": 2.88,
            "eps_growth_yearly": 61.7
        },
        "20222": {
            "year_quarter": 20222,
            "year": 2022,
            "quarter": 2,
            "eps": 0.64,
            "eps_growth_year": -9.86,
            "eps_4q": 2.1,
            "eps_4q_growth_year": -14,
            "roe": 3.75,
            "roe_4q": 13.870000000000001,
            "gross_profit": 152487,
            "gross_margin": 23.33,
            "gross_margin_4q_avg": 22.01,
            "net_income": 94211,
            "revenue": 653597,
            "common_shares": 1478658,
            "book_valuer_per_share": 16.76,
            "book_valuer_per_share_4q_avg": 16.57,
            "equity": 2478067,
            "current_ratio": 200.11,
            "debt_ratio": 54.15,
            "inventory_turnover_ratio": 9.8,
            "account_receivable_turnover_ratio": 2.81,
            "reinvestment_rate": 68.96,
            "research_to_sale_ratio": null,
            "price_fair": 87.15,
            "eps_avg_yearly": 2.49,
            "eps_latest_yearly": 2.56,
            "eps_growth_yearly": 50.59
        },
        "20223": {
            "year_quarter": 20223,
            "year": 2022,
            "quarter": 3,
            "eps": 0.61,
            "eps_growth_year": 7.02,
            "eps_4q": 2.18,
            "eps_4q_growth_year": -0.49,
            "roe": 3.91,
            "roe_4q": 14.3,
            "gross_profit": 139286,
            "gross_margin": 23.7,
            "gross_margin_4q_avg": 21.92,
            "net_income": 98585,
            "revenue": 587777,
            "common_shares": 1626524,
            "book_valuer_per_share": 15.79,
            "book_valuer_per_share_4q_avg": 16.52,
            "equity": 2567593,
            "current_ratio": 222.33,
            "debt_ratio": 51.62,
            "inventory_turnover_ratio": 7.59,
            "account_receivable_turnover_ratio": 2.77,
            "reinvestment_rate": 65.39,
            "research_to_sale_ratio": null,
            "price_fair": 88.29,
            "eps_avg_yearly": 2.52,
            "eps_latest_yearly": 2.44,
            "eps_growth_yearly": 56.77
        },
        "20224": {
            "year_quarter": 20224,
            "year": 2022,
            "quarter": 4,
            "eps": 0.42,
            "eps_growth_year": 11.62,
            "eps_4q": 2.26,
            "eps_4q_growth_year": 2.5,
            "roe": 2.61,
            "roe_4q": 14.59,
            "gross_profit": 113430,
            "gross_margin": 18.39,
            "gross_margin_4q_avg": 22.23,
            "net_income": 67984,
            "revenue": 616704,
            "common_shares": 1626524,
            "book_valuer_per_share": 16.25,
            "book_valuer_per_share_4q_avg": 16.5,
            "equity": 2643854,
            "current_ratio": 214.89,
            "debt_ratio": 51.56,
            "inventory_turnover_ratio": 7.83,
            "account_receivable_turnover_ratio": 2.6,
            "reinvestment_rate": 59.37,
            "research_to_sale_ratio": null,
            "price_fair": 89.16,
            "eps_avg_yearly": 2.55,
            "eps_latest_yearly": 1.68,
            "eps_growth_yearly": 57.32
        },
        "20231": {
            "year_quarter": 20231,
            "year": 2023,
            "quarter": 1,
            "eps": 0.68,
            "eps_growth_year": -5.56,
            "eps_4q": 2.29,
            "eps_4q_growth_year": -1.22,
            "roe": 4.11,
            "roe_4q": 14.38,
            "gross_profit": 162274,
            "gross_margin": 22.66,
            "gross_margin_4q_avg": 22.02,
            "net_income": 110961,
            "revenue": 716186,
            "common_shares": 1626524,
            "book_valuer_per_share": 16.98,
            "book_valuer_per_share_4q_avg": 16.45,
            "equity": 2761570,
            "current_ratio": 228.63,
            "debt_ratio": 50.66,
            "inventory_turnover_ratio": 9.01,
            "account_receivable_turnover_ratio": 2.51,
            "reinvestment_rate": 53.02,
            "research_to_sale_ratio": null,
            "price_fair": 91.88,
            "eps_avg_yearly": 2.63,
            "eps_latest_yearly": 2.72,
            "eps_growth_yearly": 68.89
        }
    },
    "months": {
        "2001-06": {
            "month": "2001-06",
            "price": "19.29",
            "revenue": 53987
        },
        "2001-07": {
            "month": "2001-07",
            "price": "18.58",
            "revenue": 47975
        },
        "2001-08": {
            "month": "2001-08",
            "price": "19.19",
            "revenue": 47288
        },
        "2001-09": {
            "month": "2001-09",
            "price": "20.42",
            "revenue": 41426
        },
        "2001-10": {
            "month": "2001-10",
            "price": "20.15",
            "revenue": 50127
        },
        "2001-11": {
            "month": "2001-11",
            "price": "19.69",
            "revenue": 49838
        },
        "2001-12": {
            "month": "2001-12",
            "price": "19.81",
            "revenue": 70904
        },
        "2002-01": {
            "month": "2002-01",
            "price": "19.88",
            "revenue": 63729
        },
        "2002-02": {
            "month": "2002-02",
            "price": "19.82",
            "revenue": 61228
        },
        "2002-03": {
            "month": "2002-03",
            "price": "20.15",
            "revenue": 65216
        },
        "2002-04": {
            "month": "2002-04",
            "price": "20.21",
            "revenue": 62205
        },
        "2002-05": {
            "month": "2002-05",
            "price": "20.36",
            "revenue": 55620
        },
        "2002-06": {
            "month": "2002-06",
            "price": "20.28",
            "revenue": 46479
        },
        "2002-07": {
            "month": "2002-07",
            "price": "21.09",
            "revenue": 37915
        },
        "2002-08": {
            "month": "2002-08",
            "price": "20.23",
            "revenue": 43581
        },
        "2002-09": {
            "month": "2002-09",
            "price": "20.47",
            "revenue": 48504
        },
        "2002-10": {
            "month": "2002-10",
            "price": "20.25",
            "revenue": 50414
        },
        "2002-11": {
            "month": "2002-11",
            "price": "20.43",
            "revenue": 52459
        },
        "2002-12": {
            "month": "2002-12",
            "price": "20.94",
            "revenue": 69132
        },
        "2003-01": {
            "month": "2003-01",
            "price": "20.50",
            "revenue": 69778
        },
        "2003-02": {
            "month": "2003-02",
            "price": "20.72",
            "revenue": 65064
        },
        "2003-03": {
            "month": "2003-03",
            "price": "20.60",
            "revenue": 70009
        },
        "2003-04": {
            "month": "2003-04",
            "price": "20.89",
            "revenue": 60893
        },
        "2003-05": {
            "month": "2003-05",
            "price": "20.74",
            "revenue": 57642
        },
        "2003-06": {
            "month": "2003-06",
            "price": "21.55",
            "revenue": 55112
        },
        "2003-07": {
            "month": "2003-07",
            "price": "22.94",
            "revenue": 50084
        },
        "2003-08": {
            "month": "2003-08",
            "price": "23.32",
            "revenue": 48123
        },
        "2003-09": {
            "month": "2003-09",
            "price": "23.42",
            "revenue": 44628
        },
        "2003-10": {
            "month": "2003-10",
            "price": "23.25",
            "revenue": 55579
        },
        "2003-11": {
            "month": "2003-11",
            "price": "23.23",
            "revenue": 58543
        },
        "2003-12": {
            "month": "2003-12",
            "price": "23.37",
            "revenue": 74494
        },
        "2004-01": {
            "month": "2004-01",
            "price": "23.30",
            "revenue": 75849
        },
        "2004-02": {
            "month": "2004-02",
            "price": "24.07",
            "revenue": 77840
        },
        "2004-03": {
            "month": "2004-03",
            "price": "24.09",
            "revenue": 82331
        },
        "2004-04": {
            "month": "2004-04",
            "price": "24.70",
            "revenue": 72330
        },
        "2004-05": {
            "month": "2004-05",
            "price": "24.50",
            "revenue": 67008
        },
        "2004-07": {
            "month": "2004-07",
            "price": "24.88",
            "revenue": 52492
        },
        "2004-09": {
            "month": "2004-09",
            "price": "28.05",
            "revenue": 60558
        },
        "2004-10": {
            "month": "2004-10",
            "price": "26.15",
            "revenue": 67347
        },
        "2004-11": {
            "month": "2004-11",
            "price": "24.10",
            "revenue": 66813
        },
        "2004-12": {
            "month": "2004-12",
            "price": "26.14",
            "revenue": 76027
        },
        "2005-01": {
            "month": "2005-01",
            "price": "26.09",
            "revenue": 93669
        },
        "2005-02": {
            "month": "2005-02",
            "price": "27.15",
            "revenue": 86724
        },
        "2005-03": {
            "month": "2005-03",
            "price": "27.73",
            "revenue": 104240
        },
        "2005-04": {
            "month": "2005-04",
            "price": "27.65",
            "revenue": 82365
        },
        "2005-05": {
            "month": "2005-05",
            "price": "28.72",
            "revenue": 76736
        },
        "2005-06": {
            "month": "2005-06",
            "price": "28.71",
            "revenue": 70488
        },
        "2005-07": {
            "month": "2005-07",
            "price": "28.48",
            "revenue": 60231
        },
        "2005-08": {
            "month": "2005-08",
            "price": "28.98",
            "revenue": 64056
        },
        "2005-09": {
            "month": "2005-09",
            "price": "28.92",
            "revenue": 66405
        },
        "2005-10": {
            "month": "2005-10",
            "price": "33.90",
            "revenue": 67854
        },
        "2005-11": {
            "month": "2005-11",
            "price": "37.00",
            "revenue": 78882
        },
        "2005-12": {
            "month": "2005-12",
            "price": "36.17",
            "revenue": 90670
        },
        "2006-01": {
            "month": "2006-01",
            "price": "35.52",
            "revenue": 97974
        },
        "2006-02": {
            "month": "2006-02",
            "price": "30.86",
            "revenue": 96026
        },
        "2006-03": {
            "month": "2006-03",
            "price": "28.61",
            "revenue": 108435
        },
        "2006-04": {
            "month": "2006-04",
            "price": "35.26",
            "revenue": 92995
        },
        "2006-05": {
            "month": "2006-05",
            "price": "33.36",
            "revenue": 85331
        },
        "2006-06": {
            "month": "2006-06",
            "price": "37.22",
            "revenue": 72746
        },
        "2006-07": {
            "month": "2006-07",
            "price": "34.99",
            "revenue": 74157
        },
        "2006-08": {
            "month": "2006-08",
            "price": "35.37",
            "revenue": 81713
        },
        "2006-09": {
            "month": "2006-09",
            "price": "33.33",
            "revenue": 74433
        },
        "2006-10": {
            "month": "2006-10",
            "price": "32.53",
            "revenue": 87654
        },
        "2006-11": {
            "month": "2006-11",
            "price": "32.86",
            "revenue": 97857
        },
        "2006-12": {
            "month": "2006-12",
            "price": "33.85",
            "revenue": 109664
        },
        "2007-01": {
            "month": "2007-01",
            "price": "33.62",
            "revenue": 118365
        },
        "2007-02": {
            "month": "2007-02",
            "price": "35.05",
            "revenue": 112641
        },
        "2007-03": {
            "month": "2007-03",
            "price": "35.19",
            "revenue": 123368
        },
        "2007-04": {
            "month": "2007-04",
            "price": "35.30",
            "revenue": 109663
        },
        "2007-05": {
            "month": "2007-05",
            "price": "38.11",
            "revenue": 102683
        },
        "2007-06": {
            "month": "2007-06",
            "price": "39.06",
            "revenue": 88289
        },
        "2007-07": {
            "month": "2007-07",
            "price": "36.69",
            "revenue": 74005
        },
        "2007-08": {
            "month": "2007-08",
            "price": "35.39",
            "revenue": 84578
        },
        "2007-09": {
            "month": "2007-09",
            "price": "35.11",
            "revenue": 83029
        },
        "2007-10": {
            "month": "2007-10",
            "price": "36.01",
            "revenue": 98008
        },
        "2007-11": {
            "month": "2007-11",
            "price": "36.02",
            "revenue": 128716
        },
        "2007-12": {
            "month": "2007-12",
            "price": "35.20",
            "revenue": 156027
        },
        "2008-01": {
            "month": "2008-01",
            "price": "36.45",
            "revenue": 141346
        },
        "2008-02": {
            "month": "2008-02",
            "price": "37.10",
            "revenue": 131838
        },
        "2008-03": {
            "month": "2008-03",
            "price": "37.92",
            "revenue": 128763
        },
        "2008-04": {
            "month": "2008-04",
            "price": "38.84",
            "revenue": 164262
        },
        "2008-05": {
            "month": "2008-05",
            "price": "42.15",
            "revenue": 99130
        },
        "2008-06": {
            "month": "2008-06",
            "price": "41.66",
            "revenue": 118294
        },
        "2008-07": {
            "month": "2008-07",
            "price": "41.22",
            "revenue": 148601
        },
        "2008-08": {
            "month": "2008-08",
            "price": "39.19",
            "revenue": 130853
        },
        "2008-09": {
            "month": "2008-09",
            "price": "36.83",
            "revenue": 124052
        },
        "2008-10": {
            "month": "2008-10",
            "price": "38.14",
            "revenue": 138290
        },
        "2008-11": {
            "month": "2008-11",
            "price": "35.75",
            "revenue": 140414
        },
        "2008-12": {
            "month": "2008-12",
            "price": "37.07",
            "revenue": 238358
        },
        "2009-01": {
            "month": "2009-01",
            "price": "38.25",
            "revenue": 224809
        },
        "2009-02": {
            "month": "2009-02",
            "price": "38.40",
            "revenue": 128179
        },
        "2009-03": {
            "month": "2009-03",
            "price": "39.31",
            "revenue": 128019
        },
        "2009-04": {
            "month": "2009-04",
            "price": "39.20",
            "revenue": 140643
        },
        "2009-05": {
            "month": "2009-05",
            "price": "40.41",
            "revenue": 129203
        },
        "2009-06": {
            "month": "2009-06",
            "price": "41.10",
            "revenue": 136783
        },
        "2009-07": {
            "month": "2009-07",
            "price": "41.64",
            "revenue": 123022
        },
        "2009-08": {
            "month": "2009-08",
            "price": "42.72",
            "revenue": 123110
        },
        "2009-09": {
            "month": "2009-09",
            "price": "42.99",
            "revenue": 140529
        },
        "2009-10": {
            "month": "2009-10",
            "price": "43.01",
            "revenue": 122567
        },
        "2009-11": {
            "month": "2009-11",
            "price": "43.52",
            "revenue": 113796
        },
        "2009-12": {
            "month": "2009-12",
            "price": "44.12",
            "revenue": 173627
        },
        "2010-01": {
            "month": "2010-01",
            "price": "44.56",
            "revenue": 162289
        },
        "2010-02": {
            "month": "2010-02",
            "price": "44.46",
            "revenue": 154634
        },
        "2010-03": {
            "month": "2010-03",
            "price": "44.83",
            "revenue": 141346
        },
        "2010-04": {
            "month": "2010-04",
            "price": "45.86",
            "revenue": 156196
        },
        "2010-05": {
            "month": "2010-05",
            "price": "43.43",
            "revenue": 139883
        },
        "2010-06": {
            "month": "2010-06",
            "price": "40.95",
            "revenue": 170365
        },
        "2010-07": {
            "month": "2010-07",
            "price": "42.03",
            "revenue": 113487
        },
        "2010-08": {
            "month": "2010-08",
            "price": "41.82",
            "revenue": 106963
        },
        "2010-09": {
            "month": "2010-09",
            "price": "41.90",
            "revenue": 112888
        },
        "2010-10": {
            "month": "2010-10",
            "price": "41.47",
            "revenue": 145504
        },
        "2010-11": {
            "month": "2010-11",
            "price": "40.06",
            "revenue": 142749
        },
        "2010-12": {
            "month": "2010-12",
            "price": "40.29",
            "revenue": 190267
        },
        "2011-01": {
            "month": "2011-01",
            "price": "40.00",
            "revenue": 172795
        },
        "2011-02": {
            "month": "2011-02",
            "price": "40.38",
            "revenue": 159568
        },
        "2011-03": {
            "month": "2011-03",
            "price": "40.93",
            "revenue": 175049
        },
        "2011-04": {
            "month": "2011-04",
            "price": "43.06",
            "revenue": 133826
        },
        "2011-05": {
            "month": "2011-05",
            "price": "42.96",
            "revenue": 160604
        },
        "2011-06": {
            "month": "2011-06",
            "price": "43.46",
            "revenue": 126712
        },
        "2011-07": {
            "month": "2011-07",
            "price": "43.98",
            "revenue": 118446
        },
        "2011-08": {
            "month": "2011-08",
            "price": "43.72",
            "revenue": 109207
        },
        "2011-09": {
            "month": "2011-09",
            "price": "42.90",
            "revenue": 114520
        },
        "2011-10": {
            "month": "2011-10",
            "price": "43.00",
            "revenue": 138207
        },
        "2011-11": {
            "month": "2011-11",
            "price": "42.56",
            "revenue": 157444
        },
        "2011-12": {
            "month": "2011-12",
            "price": "42.39",
            "revenue": 201121
        },
        "2012-01": {
            "month": "2012-01",
            "price": "42.70",
            "revenue": 183115
        },
        "2012-02": {
            "month": "2012-02",
            "price": "42.60",
            "revenue": 178283
        },
        "2012-03": {
            "month": "2012-03",
            "price": "42.89",
            "revenue": 209526
        },
        "2012-04": {
            "month": "2012-04",
            "price": "43.02",
            "revenue": 162631
        },
        "2012-05": {
            "month": "2012-05",
            "price": "43.16",
            "revenue": 151913
        },
        "2012-06": {
            "month": "2012-06",
            "price": "43.26",
            "revenue": 137057
        },
        "2012-07": {
            "month": "2012-07",
            "price": "43.96",
            "revenue": 138479
        },
        "2012-08": {
            "month": "2012-08",
            "price": "44.45",
            "revenue": 142817
        },
        "2012-09": {
            "month": "2012-09",
            "price": "43.32",
            "revenue": 126333
        },
        "2012-10": {
            "month": "2012-10",
            "price": "44.51",
            "revenue": 165449
        },
        "2012-11": {
            "month": "2012-11",
            "price": "45.39",
            "revenue": 161536
        },
        "2012-12": {
            "month": "2012-12",
            "price": "47.60",
            "revenue": 236680
        },
        "2013-01": {
            "month": "2013-01",
            "price": "49.67",
            "revenue": 191252
        },
        "2013-02": {
            "month": "2013-02",
            "price": "51.12",
            "revenue": 168330
        },
        "2013-03": {
            "month": "2013-03",
            "price": "49.64",
            "revenue": 187409
        },
        "2013-04": {
            "month": "2013-04",
            "price": "50.42",
            "revenue": 175009
        },
        "2013-05": {
            "month": "2013-05",
            "price": "49.95",
            "revenue": 170255
        },
        "2013-06": {
            "month": "2013-06",
            "price": "48.09",
            "revenue": 133814
        },
        "2013-07": {
            "month": "2013-07",
            "price": "47.79",
            "revenue": 130191
        },
        "2013-08": {
            "month": "2013-08",
            "price": "46.22",
            "revenue": 126491
        },
        "2013-09": {
            "month": "2013-09",
            "price": "46.23",
            "revenue": 136610
        },
        "2013-10": {
            "month": "2013-10",
            "price": "46.30",
            "revenue": 154589
        },
        "2013-11": {
            "month": "2013-11",
            "price": "47.74",
            "revenue": 177066
        },
        "2013-12": {
            "month": "2013-12",
            "price": "47.12",
            "revenue": 206323
        },
        "2014-01": {
            "month": "2014-01",
            "price": "48.34",
            "revenue": 209143
        },
        "2014-02": {
            "month": "2014-02",
            "price": "50.12",
            "revenue": 197315
        },
        "2014-03": {
            "month": "2014-03",
            "price": "49.79",
            "revenue": 204999
        },
        "2014-04": {
            "month": "2014-04",
            "price": "49.75",
            "revenue": 178804
        },
        "2014-05": {
            "month": "2014-05",
            "price": "50.42",
            "revenue": 161737
        },
        "2014-06": {
            "month": "2014-06",
            "price": "51.95",
            "revenue": 151026
        },
        "2014-07": {
            "month": "2014-07",
            "price": "51.72",
            "revenue": 141482
        },
        "2014-08": {
            "month": "2014-08",
            "price": "50.88",
            "revenue": 133652
        },
        "2014-09": {
            "month": "2014-09",
            "price": "50.20",
            "revenue": 137403
        },
        "2014-10": {
            "month": "2014-10",
            "price": "50.75",
            "revenue": 167101
        },
        "2014-11": {
            "month": "2014-11",
            "price": "50.40",
            "revenue": 164672
        },
        "2014-12": {
            "month": "2014-12",
            "price": "50.53",
            "revenue": 203771
        },
        "2015-01": {
            "month": "2015-01",
            "price": "50.11",
            "revenue": 191979
        },
        "2015-02": {
            "month": "2015-02",
            "price": "50.69",
            "revenue": 157536
        },
        "2015-03": {
            "month": "2015-03",
            "price": "51.73",
            "revenue": 162203
        },
        "2015-04": {
            "month": "2015-04",
            "price": "50.58",
            "revenue": 143592
        },
        "2015-05": {
            "month": "2015-05",
            "price": "50.02",
            "revenue": 117493
        },
        "2015-06": {
            "month": "2015-06",
            "price": "50.50",
            "revenue": 109213
        },
        "2015-07": {
            "month": "2015-07",
            "price": "50.98",
            "revenue": 121990
        },
        "2015-08": {
            "month": "2015-08",
            "price": "51.59",
            "revenue": 110443
        },
        "2015-09": {
            "month": "2015-09",
            "price": "47.52",
            "revenue": 101754
        },
        "2015-10": {
            "month": "2015-10",
            "price": "49.49",
            "revenue": 121284
        },
        "2015-11": {
            "month": "2015-11",
            "price": "49.50",
            "revenue": 121762
        },
        "2015-12": {
            "month": "2015-12",
            "price": "49.20",
            "revenue": 141756
        },
        "2016-01": {
            "month": "2016-01",
            "price": "49.49",
            "revenue": 162407
        },
        "2016-02": {
            "month": "2016-02",
            "price": "50.38",
            "revenue": 130139
        },
        "2016-03": {
            "month": "2016-03",
            "price": "50.26",
            "revenue": 149278
        },
        "2016-04": {
            "month": "2016-04",
            "price": "50.12",
            "revenue": 130731
        },
        "2016-05": {
            "month": "2016-05",
            "price": "49.02",
            "revenue": 119643
        },
        "2016-06": {
            "month": "2016-06",
            "price": "48.59",
            "revenue": 102883
        },
        "2016-07": {
            "month": "2016-07",
            "price": "48.62",
            "revenue": 101922
        },
        "2016-08": {
            "month": "2016-08",
            "price": "48.64",
            "revenue": 104342
        },
        "2016-09": {
            "month": "2016-09",
            "price": "48.93",
            "revenue": 106543
        },
        "2016-10": {
            "month": "2016-10",
            "price": "48.65",
            "revenue": 110904
        },
        "2016-11": {
            "month": "2016-11",
            "price": "48.59",
            "revenue": 116487
        },
        "2016-12": {
            "month": "2016-12",
            "price": "48.37",
            "revenue": 153547
        },
        "2017-01": {
            "month": "2017-01",
            "price": "49.29",
            "revenue": 143613
        },
        "2017-02": {
            "month": "2017-02",
            "price": "47.84",
            "revenue": 130774
        },
        "2017-03": {
            "month": "2017-03",
            "price": "47.70",
            "revenue": 161929
        },
        "2017-04": {
            "month": "2017-04",
            "price": "48.07",
            "revenue": 142837
        },
        "2017-05": {
            "month": "2017-05",
            "price": "48.92",
            "revenue": 143178
        },
        "2017-06": {
            "month": "2017-06",
            "price": "49.81",
            "revenue": 126036
        },
        "2017-07": {
            "month": "2017-07",
            "price": "49.52",
            "revenue": 124874
        },
        "2017-08": {
            "month": "2017-08",
            "price": "48.98",
            "revenue": 117091
        },
        "2017-09": {
            "month": "2017-09",
            "price": "48.46",
            "revenue": 115578
        },
        "2017-10": {
            "month": "2017-10",
            "price": "48.20",
            "revenue": 118803
        },
        "2017-11": {
            "month": "2017-11",
            "price": "47.68",
            "revenue": 139452
        },
        "2017-12": {
            "month": "2017-12",
            "price": "47.00",
            "revenue": 169700
        },
        "2018-01": {
            "month": "2018-01",
            "price": "47.18",
            "revenue": 181952
        },
        "2018-02": {
            "month": "2018-02",
            "price": "47.51",
            "revenue": 157546
        },
        "2018-03": {
            "month": "2018-03",
            "price": "47.96",
            "revenue": 185789
        },
        "2018-04": {
            "month": "2018-04",
            "price": "48.12",
            "revenue": 172437
        },
        "2018-05": {
            "month": "2018-05",
            "price": "47.36",
            "revenue": 149618
        },
        "2018-06": {
            "month": "2018-06",
            "price": "48.31",
            "revenue": 148870
        },
        "2018-07": {
            "month": "2018-07",
            "price": "49.31",
            "revenue": 142502
        },
        "2018-08": {
            "month": "2018-08",
            "price": "48.51",
            "revenue": 139870
        },
        "2018-09": {
            "month": "2018-09",
            "price": "49.00",
            "revenue": 140400
        },
        "2018-10": {
            "month": "2018-10",
            "price": "47.35",
            "revenue": 152170
        },
        "2018-11": {
            "month": "2018-11",
            "price": "48.46",
            "revenue": 155636
        },
        "2018-12": {
            "month": "2018-12",
            "price": "46.88",
            "revenue": 170809
        },
        "2019-01": {
            "month": "2019-01",
            "price": "48.44",
            "revenue": 188025
        },
        "2019-02": {
            "month": "2019-02",
            "price": "48.25",
            "revenue": 169494
        },
        "2019-03": {
            "month": "2019-03",
            "price": "48.82",
            "revenue": 193818
        },
        "2019-04": {
            "month": "2019-04",
            "price": "49.84",
            "revenue": 217619
        },
        "2019-05": {
            "month": "2019-05",
            "price": "49.50",
            "revenue": 209630
        },
        "2019-06": {
            "month": "2019-06",
            "price": "49.70",
            "revenue": 186258
        },
        "2019-07": {
            "month": "2019-07",
            "price": "49.69",
            "revenue": 163233
        },
        "2019-08": {
            "month": "2019-08",
            "price": "49.69",
            "revenue": 170593
        },
        "2019-09": {
            "month": "2019-09",
            "price": "50.86",
            "revenue": 179362
        },
        "2019-10": {
            "month": "2019-10",
            "price": "51.11",
            "revenue": 187366
        },
        "2019-11": {
            "month": "2019-11",
            "price": "51.51",
            "revenue": 188150
        },
        "2019-12": {
            "month": "2019-12",
            "price": "52.00",
            "revenue": 227408
        },
        "2020-01": {
            "month": "2020-01",
            "price": "50.84",
            "revenue": 220533
        },
        "2020-02": {
            "month": "2020-02",
            "price": "50.89",
            "revenue": 208447
        },
        "2020-03": {
            "month": "2020-03",
            "price": "51.08",
            "revenue": 252309
        },
        "2020-04": {
            "month": "2020-04",
            "price": "54.13",
            "revenue": 209740
        },
        "2020-05": {
            "month": "2020-05",
            "price": "60.22",
            "revenue": 183408
        },
        "2020-06": {
            "month": "2020-06",
            "price": "61.97",
            "revenue": 186690
        },
        "2020-07": {
            "month": "2020-07",
            "price": "66.16",
            "revenue": 175825
        },
        "2020-08": {
            "month": "2020-08",
            "price": "63.06",
            "revenue": 153479
        },
        "2020-09": {
            "month": "2020-09",
            "price": "63.31",
            "revenue": 172380
        },
        "2020-10": {
            "month": "2020-10",
            "price": "64.64",
            "revenue": 175022
        },
        "2020-11": {
            "month": "2020-11",
            "price": "66.39",
            "revenue": 176074
        },
        "2020-12": {
            "month": "2020-12",
            "price": "68.23",
            "revenue": 198219
        },
        "2021-01": {
            "month": "2021-01",
            "price": "68.27",
            "revenue": 207802
        },
        "2021-02": {
            "month": "2021-02",
            "price": "69.83",
            "revenue": 184492
        },
        "2021-03": {
            "month": "2021-03",
            "price": "70.70",
            "revenue": 213322
        },
        "2021-04": {
            "month": "2021-04",
            "price": "83.35",
            "revenue": 214211
        },
        "2021-05": {
            "month": "2021-05",
            "price": "78.92",
            "revenue": 195802
        },
        "2021-06": {
            "month": "2021-06",
            "price": "76.98",
            "revenue": 172230
        },
        "2021-07": {
            "month": "2021-07",
            "price": "78.18",
            "revenue": 156137
        },
        "2021-08": {
            "month": "2021-08",
            "price": "84.91",
            "revenue": 185213
        },
        "2021-09": {
            "month": "2021-09",
            "price": "87.76",
            "revenue": 177633
        },
        "2021-10": {
            "month": "2021-10",
            "price": "88.53",
            "revenue": 175068
        },
        "2021-11": {
            "month": "2021-11",
            "price": "88.45",
            "revenue": 193765
        },
        "2021-12": {
            "month": "2021-12",
            "price": "89.18",
            "revenue": 223323
        },
        "2022-01": {
            "month": "2022-01",
            "price": "88.74",
            "revenue": 217552
        },
        "2022-02": {
            "month": "2022-02",
            "price": "89.95",
            "revenue": 212879
        },
        "2022-03": {
            "month": "2022-03",
            "price": "89.95",
            "revenue": 247549
        },
        "2022-04": {
            "month": "2022-04",
            "price": "91.93",
            "revenue": 243450
        },
        "2022-05": {
            "month": "2022-05",
            "price": "91.62",
            "revenue": 211978
        },
        "2022-06": {
            "month": "2022-06",
            "price": "91.46",
            "revenue": 198170
        },
        "2022-07": {
            "month": "2022-07",
            "price": "91.42",
            "revenue": 199856
        },
        "2022-08": {
            "month": "2022-08",
            "price": "91.99",
            "revenue": 200181
        },
        "2022-09": {
            "month": "2022-09",
            "price": "90.65",
            "revenue": 187740
        },
        "2022-10": {
            "month": "2022-10",
            "price": "90.26",
            "revenue": 182806
        },
        "2022-11": {
            "month": "2022-11",
            "price": "90.05",
            "revenue": 212182
        },
        "2022-12": {
            "month": "2022-12",
            "price": "89.75",
            "revenue": 221716
        },
        "2023-01": {
            "month": "2023-01",
            "price": "89.96",
            "revenue": 231511
        },
        "2023-02": {
            "month": "2023-02",
            "price": "89.71",
            "revenue": 230746
        },
        "2023-03": {
            "month": "2023-03",
            "price": "85.00",
            "revenue": 253929
        },
        "2023-04": {
            "month": "2023-04",
            "price": "74.19",
            "revenue": 220417
        }
    }
}
