{
    "summary": {
        "stock_name": "沈氏",
        "stock_id": "8921",
        "category": "其他",
        "main_business": "各種印刷品之製造加工買賣<br>前項之藝術品買賣<br>各種印刷器材買賣業務",
        "website_url": "http://www.shen.com.tw",
        "ceo": "陳正剛",
        "pe_ratio": 100,
        "report_year_from": 2001,
        "report_year_to": 2023,
        "age": 22,
        "eps_negative_percentage": 13,
        "eps_growth_avg": {
            "last_all": 5.23,
            "last_2y": 6.52,
            "last_4y": 18.31,
            "last_8y": -3.31,
            "last_12y": 6.22,
            "last_16y": 11.42,
            "last_20y": 5.23,
            "at_2006_last_3y": 64.1,
            "at_2007_last_3y": 40.65,
            "at_2008_last_3y": 4.43,
            "at_2009_last_3y": 28.32,
            "at_2010_last_3y": 27.22,
            "at_2011_last_3y": 25.44,
            "at_2012_last_3y": 44.97,
            "at_2013_last_3y": 27.68,
            "at_2014_last_3y": 6.86,
            "at_2015_last_3y": -2.95,
            "at_2016_last_3y": -6.06,
            "at_2017_last_3y": -30.34,
            "at_2018_last_3y": -21.77,
            "at_2019_last_3y": 0.85,
            "at_2020_last_3y": -2.57,
            "at_2021_last_3y": 8.05,
            "at_2022_last_3y": 20.21,
            "at_2023_last_3y": 20.21,
            "at_2006_last_all": -17.95,
            "at_2007_last_all": -6.24,
            "at_2008_last_all": -21.68,
            "at_2009_last_all": 2.66,
            "at_2010_last_all": 12.16,
            "at_2011_last_all": 11.87,
            "at_2012_last_all": 11.65,
            "at_2013_last_all": 13.78,
            "at_2014_last_all": 10.04,
            "at_2015_last_all": 6.48,
            "at_2016_last_all": 5.74,
            "at_2017_last_all": 0.2,
            "at_2018_last_all": 0.95,
            "at_2019_last_all": 4.98,
            "at_2020_last_all": 3.67,
            "at_2021_last_all": 2.05,
            "at_2022_last_all": 5.23,
            "at_2023_last_all": 5.23
        },
        "latest_eps": 0.01,
        "latest_price": 14,
        "latest_roe": -0.34,
        "latest_gross_margin": 10.76,
        "latest_equity": 933728,
        "latest_revenue": 153805,
        "latest_gross_profit": 16547,
        "latest_net_income": -1608,
        "latest_debt_ratio": 20.99,
        "latest_current_ratio": 177.14,
        "latest_account_receivable_turnover_ratio": 1.37,
        "latest_inventory_turnover_ratio": 2.25,
        "latest_reinvestment_rate": 86.82,
        "latest_research_to_sale_ratio": 0.25
    },
    "eps_dividends": {
        "1999": {
            "cash": 0.3,
            "stock": 1,
            "eps": 0
        },
        "2000": {
            "cash": 0,
            "stock": 1.2,
            "eps": 0
        },
        "2001": {
            "cash": 0,
            "stock": 0,
            "eps": 0.12
        },
        "2002": {
            "cash": 0.1,
            "stock": 0,
            "eps": -0.54
        },
        "2003": {
            "cash": 0.1,
            "stock": 0,
            "eps": 0
        },
        "2004": {
            "cash": 0.1,
            "stock": 0,
            "eps": -0.4
        },
        "2005": {
            "cash": 0.3,
            "stock": 0,
            "eps": 0.39
        },
        "2006": {
            "cash": 0.3,
            "stock": 0,
            "eps": 0.64
        },
        "2007": {
            "cash": 0.7,
            "stock": 0,
            "eps": 0.75
        },
        "2008": {
            "cash": 0.7,
            "stock": 0,
            "eps": 0.24
        },
        "2009": {
            "cash": 0.2,
            "stock": 0,
            "eps": 0.62
        },
        "2010": {
            "cash": 0.6,
            "stock": 0,
            "eps": 0.99
        },
        "2011": {
            "cash": 0.9,
            "stock": 0,
            "eps": 1.09
        },
        "2012": {
            "cash": 0.8,
            "stock": 0,
            "eps": 1.2
        },
        "2013": {
            "cash": 0.85,
            "stock": 0,
            "eps": 1.57
        },
        "2014": {
            "cash": 1.18,
            "stock": 0,
            "eps": 1.2
        },
        "2015": {
            "cash": 1,
            "stock": 0,
            "eps": 0.85
        },
        "2016": {
            "cash": 0.76,
            "stock": 0,
            "eps": 0.83
        },
        "2017": {
            "cash": 0.79,
            "stock": 0,
            "eps": 0.28
        },
        "2018": {
            "cash": 0.26,
            "stock": 0,
            "eps": 0.31
        },
        "2019": {
            "cash": 0.35,
            "stock": 0,
            "eps": 0.5
        },
        "2020": {
            "cash": 0.6,
            "stock": 0,
            "eps": 0.42
        },
        "2021": {
            "cash": 0.42,
            "stock": 0,
            "eps": 0.32
        },
        "2022": {
            "cash": 0.45,
            "stock": 0,
            "eps": 0.51
        },
        "2023": {
            "cash": 0.5,
            "stock": 0,
            "eps": -0.19
        }
    },
    "dividends": {
        "1999-03-23": {
            "cash": 0.3,
            "stock": 1
        },
        "2000-03-14": {
            "cash": 0,
            "stock": 1.2
        },
        "2002-05-28": {
            "cash": 0.1,
            "stock": 0
        },
        "2003-05-23": {
            "cash": 0.1,
            "stock": 0
        },
        "2004-04-05": {
            "cash": 0.1,
            "stock": 0
        },
        "2005-02-25": {
            "cash": 0.3,
            "stock": 0
        },
        "2006-03-24": {
            "cash": 0.3,
            "stock": 0
        },
        "2007-03-01": {
            "cash": 0.7,
            "stock": 0
        },
        "2008-02-26": {
            "cash": 0.7,
            "stock": 0
        },
        "2009-02-24": {
            "cash": 0.2,
            "stock": 0
        },
        "2010-02-23": {
            "cash": 0.6,
            "stock": 0
        },
        "2011-02-22": {
            "cash": 0.9,
            "stock": 0
        },
        "2012-05-30": {
            "cash": 0.8,
            "stock": 0
        },
        "2013-05-30": {
            "cash": 0.85,
            "stock": 0
        },
        "2014-08-14": {
            "cash": 1.18,
            "stock": 0
        },
        "2015-07-30": {
            "cash": 1,
            "stock": 0
        },
        "2016-08-09": {
            "cash": 0.76,
            "stock": 0
        },
        "2017-08-10": {
            "cash": 0.79,
            "stock": 0
        },
        "2018-08-02": {
            "cash": 0.26,
            "stock": 0
        },
        "2019-07-23": {
            "cash": 0.35,
            "stock": 0
        },
        "2020-08-13": {
            "cash": 0.6,
            "stock": 0
        },
        "2021-08-19": {
            "cash": 0.42,
            "stock": 0
        },
        "2022-07-19": {
            "cash": 0.45,
            "stock": 0
        },
        "2023-08-15": {
            "cash": 0.5,
            "stock": 0
        }
    },
    "prices": {
        "200101": "10.20",
        "200102": "10.99",
        "200103": "11.76",
        "200104": "12.11",
        "200105": "10.72",
        "200106": "9.95",
        "200107": "8.90",
        "200108": "8.77",
        "200109": "8.82",
        "200110": "7.75",
        "200111": "6.91",
        "200112": "7.16",
        "200201": "7.35",
        "200202": "7.45",
        "200203": "7.61",
        "200204": "8.33",
        "200205": "8.09",
        "200206": "8.07",
        "200207": "7.86",
        "200208": "7.90",
        "200209": "7.62",
        "200210": "7.51",
        "200211": "6.94",
        "200212": "6.80",
        "200301": "6.74",
        "200302": "6.90",
        "200303": "6.94",
        "200304": "7.93",
        "200305": "7.60",
        "200306": "7.36",
        "200307": "7.88",
        "200308": "8.16",
        "200309": "7.84",
        "200310": "7.81",
        "200311": "7.76",
        "200312": "7.83",
        "200401": "8.05",
        "200402": "9.84",
        "200403": "9.55",
        "200404": "9.18",
        "200405": "8.35",
        "200406": "8.47",
        "200407": "8.57",
        "200408": "8.14",
        "200409": "7.56",
        "200410": "7.33",
        "200411": "7.41",
        "200412": "7.46",
        "200501": "7.58",
        "200502": "7.66",
        "200503": "7.68",
        "200504": "7.79",
        "200505": "7.80",
        "200506": "7.90",
        "200507": "7.94",
        "200508": "8.00",
        "200509": "7.85",
        "200510": "7.90",
        "200511": "8.03",
        "200512": "8.99",
        "200601": "9.58",
        "200602": "9.58",
        "200603": "9.38",
        "200604": "9.66",
        "200605": "10.05",
        "200606": "10.05",
        "200607": "8.99",
        "200608": "8.97",
        "200609": "9.64",
        "200610": "10.13",
        "200611": "10.26",
        "200612": "10.22",
        "200701": "10.02",
        "200702": "10.02",
        "200703": "10.75",
        "200704": "11.11",
        "200705": "10.85",
        "200706": "11.65",
        "200707": "12.50",
        "200708": "11.95",
        "200709": "11.34",
        "200710": "12.06",
        "200711": "12.50",
        "200712": "12.37",
        "200801": "11.81",
        "200802": "無",
        "200803": "11.88",
        "200804": "12.22",
        "200805": "12.46",
        "200806": "12.55",
        "200807": "11.28",
        "200808": "10.44",
        "200809": "10.02",
        "200810": "10.44",
        "200811": "10.55",
        "200812": "9.77",
        "200901": "9.68",
        "200902": "10.20",
        "200903": "10.37",
        "200904": "9.45",
        "200905": "9.48",
        "200906": "9.54",
        "200907": "9.58",
        "200908": "9.34",
        "200909": "9.83",
        "200910": "10.08",
        "200911": "10.26",
        "200912": "10.77",
        "201001": "12.08",
        "201002": "12.00",
        "201003": "12.53",
        "201004": "12.84",
        "201005": "13.23",
        "201006": "12.66",
        "201007": "12.66",
        "201008": "14.12",
        "201009": "13.53",
        "201010": "14.07",
        "201011": "14.13",
        "201012": "14.00",
        "201101": "13.99",
        "201102": "14.08",
        "201103": "14.96",
        "201104": "14.61",
        "201105": "14.46",
        "201106": "14.28",
        "201107": "13.57",
        "201108": "12.65",
        "201109": "12.86",
        "201110": "13.27",
        "201111": "13.82",
        "201112": "13.91",
        "201201": "14.00",
        "201202": "14.73",
        "201203": "15.80",
        "201204": "15.10",
        "201205": "15.50",
        "201206": "15.28",
        "201207": "16.10",
        "201208": "16.28",
        "201209": "16.42",
        "201210": "16.44",
        "201211": "17.87",
        "201212": "18.20",
        "201301": "18.97",
        "201302": "18.21",
        "201303": "18.03",
        "201304": "18.34",
        "201305": "18.06",
        "201306": "17.62",
        "201307": "16.66",
        "201308": "16.81",
        "201309": "17.18",
        "201310": "19.76",
        "201311": "19.13",
        "201312": "18.04",
        "201401": "18.98",
        "201402": "20.42",
        "201403": "21.08",
        "201404": "21.12",
        "201405": "21.26",
        "201406": "21.24",
        "201407": "21.78",
        "201408": "21.56",
        "201409": "21.58",
        "201410": "20.98",
        "201411": "20.50",
        "201412": "20.20",
        "201501": "19.52",
        "201502": "18.90",
        "201503": "19.41",
        "201504": "19.68",
        "201505": "19.57",
        "201506": "19.38",
        "201507": "18.74",
        "201508": "17.73",
        "201509": "17.30",
        "201510": "17.59",
        "201511": "16.35",
        "201512": "16.43",
        "201601": "15.06",
        "201602": "17.19",
        "201603": "18.12",
        "201604": "17.80",
        "201605": "17.25",
        "201606": "17.72",
        "201607": "17.83",
        "201608": "18.35",
        "201609": "17.54",
        "201610": "16.55",
        "201611": "16.10",
        "201612": "15.58",
        "201701": "15.42",
        "201702": "15.52",
        "201703": "15.62",
        "201704": "15.73",
        "201705": "15.20",
        "201706": "15.00",
        "201707": "14.67",
        "201708": "13.41",
        "201709": "13.50",
        "201710": "13.52",
        "201711": "13.04",
        "201712": "13.40",
        "201801": "13.08",
        "201802": "13.32",
        "201803": "13.10",
        "201804": "14.19",
        "201805": "14.03",
        "201806": "13.55",
        "201807": "13.26",
        "201808": "13.44",
        "201809": "14.49",
        "201810": "14.08",
        "201811": "13.53",
        "201812": "13.19",
        "201901": "13.11",
        "201902": "13.62",
        "201903": "14.77",
        "201904": "14.54",
        "201905": "14.00",
        "201906": "13.90",
        "201907": "13.42",
        "201908": "14.01",
        "201909": "13.50",
        "201910": "13.24",
        "201911": "13.35",
        "201912": "13.68",
        "202001": "13.73",
        "202002": "13.50",
        "202003": "13.28",
        "202004": "13.13",
        "202005": "13.05",
        "202006": "13.37",
        "202007": "13.74",
        "202008": "13.16",
        "202009": "14.08",
        "202010": "13.68",
        "202011": "13.71",
        "202012": "13.81",
        "202101": "13.74",
        "202102": "14.28",
        "202103": "16.98",
        "202104": "16.67",
        "202105": "15.90",
        "202106": "15.87",
        "202107": "15.95",
        "202108": "16.02",
        "202109": "15.38",
        "202110": "15.20",
        "202111": "15.04",
        "202112": "14.47",
        "202201": "14.39",
        "202202": "14.70",
        "202203": "14.89",
        "202204": "15.87",
        "202205": "15.63",
        "202206": "15.46",
        "202207": "15.51",
        "202208": "14.92",
        "202209": "14.71",
        "202210": "14.15",
        "202211": "14.17",
        "202212": "14.70",
        "202301": "14.86",
        "202302": "14.71",
        "202303": "15.16",
        "202304": "15.06",
        "202305": "15.00",
        "202306": "14.74",
        "202307": "14.75",
        "202308": "14.18",
        "202309": "14.07"
    },
    "quarters": {
        "20011": {
            "year_quarter": 20011,
            "year": 2001,
            "quarter": 1,
            "eps": 0.09,
            "eps_growth_year": -83.33,
            "eps_4q": 0.63,
            "eps_4q_growth_year": -55.47,
            "roe": 0.48,
            "roe_4q": 0.48,
            "gross_profit": 18972,
            "gross_margin": 12.1,
            "gross_margin_4q_avg": 12.1,
            "net_income": 4003,
            "revenue": 156829,
            "common_shares": 439085,
            "book_valuer_per_share": 19.13,
            "book_valuer_per_share_4q_avg": 19.13,
            "equity": 840077,
            "current_ratio": 136.85,
            "debt_ratio": 38.41,
            "inventory_turnover_ratio": 3,
            "account_receivable_turnover_ratio": null,
            "reinvestment_rate": null,
            "research_to_sale_ratio": null,
            "price_fair": 0,
            "eps_avg_yearly": 0,
            "eps_latest_yearly": 0,
            "eps_growth_yearly": 0
        },
        "20012": {
            "year_quarter": 20012,
            "year": 2001,
            "quarter": 2,
            "eps": 0.13,
            "eps_growth_year": -69.05,
            "eps_4q": 0.35,
            "eps_4q_growth_year": -75.7,
            "roe": 0.66,
            "roe_4q": 1.1400000000000001,
            "gross_profit": 21418,
            "gross_margin": 11.69,
            "gross_margin_4q_avg": 11.9,
            "net_income": 5516,
            "revenue": 183150,
            "common_shares": 439085,
            "book_valuer_per_share": 19.04,
            "book_valuer_per_share_4q_avg": 19.09,
            "equity": 836173,
            "current_ratio": 147.74,
            "debt_ratio": 36.11,
            "inventory_turnover_ratio": 4.3,
            "account_receivable_turnover_ratio": null,
            "reinvestment_rate": null,
            "research_to_sale_ratio": null,
            "price_fair": 0,
            "eps_avg_yearly": 0,
            "eps_latest_yearly": 0,
            "eps_growth_yearly": 0
        },
        "20013": {
            "year_quarter": 20013,
            "year": 2001,
            "quarter": 3,
            "eps": -0.12,
            "eps_growth_year": -200,
            "eps_4q": 0.09,
            "eps_4q_growth_year": -93.44,
            "roe": -0.69,
            "roe_4q": 0.45000000000000007,
            "gross_profit": 17695,
            "gross_margin": 10.81,
            "gross_margin_4q_avg": 11.53,
            "net_income": -5732,
            "revenue": 163684,
            "common_shares": 474212,
            "book_valuer_per_share": 17.51,
            "book_valuer_per_share_4q_avg": 18.56,
            "equity": 830441,
            "current_ratio": 144.87,
            "debt_ratio": 33.79,
            "inventory_turnover_ratio": 4.39,
            "account_receivable_turnover_ratio": null,
            "reinvestment_rate": null,
            "research_to_sale_ratio": null,
            "price_fair": 0,
            "eps_avg_yearly": 0,
            "eps_latest_yearly": 0,
            "eps_growth_yearly": 0
        },
        "20014": {
            "year_quarter": 20014,
            "year": 2001,
            "quarter": 4,
            "eps": 0.02,
            "eps_growth_year": 100,
            "eps_4q": 0.12,
            "eps_4q_growth_year": -88.2,
            "roe": 0.09,
            "roe_4q": 0.54,
            "gross_profit": 16239,
            "gross_margin": 10.32,
            "gross_margin_4q_avg": 11.23,
            "net_income": 746,
            "revenue": 157374,
            "common_shares": 474212,
            "book_valuer_per_share": 17.53,
            "book_valuer_per_share_4q_avg": 18.3,
            "equity": 831187,
            "current_ratio": 124.31,
            "debt_ratio": 33.38,
            "inventory_turnover_ratio": 4.23,
            "account_receivable_turnover_ratio": null,
            "reinvestment_rate": null,
            "research_to_sale_ratio": null,
            "price_fair": 0,
            "eps_avg_yearly": 0,
            "eps_latest_yearly": 0,
            "eps_growth_yearly": 0
        },
        "20021": {
            "year_quarter": 20021,
            "year": 2002,
            "quarter": 1,
            "eps": 0.06,
            "eps_growth_year": -33.33,
            "eps_4q": 0.07,
            "eps_4q_growth_year": -88.79,
            "roe": 0.37,
            "roe_4q": 0.43000000000000005,
            "gross_profit": 12006,
            "gross_margin": 8.38,
            "gross_margin_4q_avg": 10.3,
            "net_income": 3044,
            "revenue": 143208,
            "common_shares": 474212,
            "book_valuer_per_share": 17.59,
            "book_valuer_per_share_4q_avg": 17.92,
            "equity": 834231,
            "current_ratio": 127.5,
            "debt_ratio": 34.54,
            "inventory_turnover_ratio": 3.9,
            "account_receivable_turnover_ratio": null,
            "reinvestment_rate": null,
            "research_to_sale_ratio": null,
            "price_fair": 8.4,
            "eps_avg_yearly": 0.24,
            "eps_latest_yearly": 0.24,
            "eps_growth_yearly": 800
        },
        "20022": {
            "year_quarter": 20022,
            "year": 2002,
            "quarter": 2,
            "eps": -0.48,
            "eps_growth_year": -469.23,
            "eps_4q": -0.52,
            "eps_4q_growth_year": -246.68,
            "roe": -2.76,
            "roe_4q": -2.9899999999999998,
            "gross_profit": 19132,
            "gross_margin": 9.93,
            "gross_margin_4q_avg": 9.86,
            "net_income": -22619,
            "revenue": 192758,
            "common_shares": 474212,
            "book_valuer_per_share": 17.01,
            "book_valuer_per_share_4q_avg": 17.41,
            "equity": 806870,
            "current_ratio": 123.28,
            "debt_ratio": 34.54,
            "inventory_turnover_ratio": 4.68,
            "account_receivable_turnover_ratio": null,
            "reinvestment_rate": null,
            "research_to_sale_ratio": null,
            "price_fair": 8.4,
            "eps_avg_yearly": 0.24,
            "eps_latest_yearly": 0.24,
            "eps_growth_yearly": 800
        },
        "20023": {
            "year_quarter": 20023,
            "year": 2002,
            "quarter": 3,
            "eps": -0.05,
            "eps_growth_year": null,
            "eps_4q": -0.45,
            "eps_4q_growth_year": -614.68,
            "roe": -0.3,
            "roe_4q": -2.5999999999999996,
            "gross_profit": 11630,
            "gross_margin": 7.02,
            "gross_margin_4q_avg": 8.91,
            "net_income": -2386,
            "revenue": 165593,
            "common_shares": 474212,
            "book_valuer_per_share": 16.96,
            "book_valuer_per_share_4q_avg": 17.27,
            "equity": 804484,
            "current_ratio": 101,
            "debt_ratio": 35.68,
            "inventory_turnover_ratio": 3.7,
            "account_receivable_turnover_ratio": null,
            "reinvestment_rate": null,
            "research_to_sale_ratio": null,
            "price_fair": 8.4,
            "eps_avg_yearly": 0.24,
            "eps_latest_yearly": 0.24,
            "eps_growth_yearly": 800
        },
        "20024": {
            "year_quarter": 20024,
            "year": 2002,
            "quarter": 4,
            "eps": -0.07,
            "eps_growth_year": -450,
            "eps_4q": -0.54,
            "eps_4q_growth_year": -544.34,
            "roe": -0.43,
            "roe_4q": -3.1199999999999997,
            "gross_profit": 11003,
            "gross_margin": 5.26,
            "gross_margin_4q_avg": 7.65,
            "net_income": -3476,
            "revenue": 209252,
            "common_shares": 474212,
            "book_valuer_per_share": 16.89,
            "book_valuer_per_share_4q_avg": 17.11,
            "equity": 801008,
            "current_ratio": 107.09,
            "debt_ratio": 35.47,
            "inventory_turnover_ratio": 4.72,
            "account_receivable_turnover_ratio": null,
            "reinvestment_rate": 330.11,
            "research_to_sale_ratio": null,
            "price_fair": 8.4,
            "eps_avg_yearly": 0.24,
            "eps_latest_yearly": 0.24,
            "eps_growth_yearly": 800
        },
        "20031": {
            "year_quarter": 20031,
            "year": 2003,
            "quarter": 1,
            "eps": 0.08,
            "eps_growth_year": 33.33,
            "eps_4q": -0.51,
            "eps_4q_growth_year": -818.53,
            "roe": 0.48,
            "roe_4q": -3.01,
            "gross_profit": 17764,
            "gross_margin": 7.94,
            "gross_margin_4q_avg": 7.54,
            "net_income": 3887,
            "revenue": 223868,
            "common_shares": 474212,
            "book_valuer_per_share": 16.97,
            "book_valuer_per_share_4q_avg": 16.96,
            "equity": 804895,
            "current_ratio": 112.95,
            "debt_ratio": 42.15,
            "inventory_turnover_ratio": 3.31,
            "account_receivable_turnover_ratio": null,
            "reinvestment_rate": 423.64,
            "research_to_sale_ratio": null,
            "price_fair": 8.4,
            "eps_avg_yearly": 0.24,
            "eps_latest_yearly": 0.24,
            "eps_growth_yearly": 800
        },
        "20032": {
            "year_quarter": 20032,
            "year": 2003,
            "quarter": 2,
            "eps": 0.09,
            "eps_growth_year": null,
            "eps_4q": 0.05,
            "eps_4q_growth_year": null,
            "roe": 0.55,
            "roe_4q": 0.3000000000000001,
            "gross_profit": 13078,
            "gross_margin": 5.74,
            "gross_margin_4q_avg": 6.49,
            "net_income": 4400,
            "revenue": 227738,
            "common_shares": 474212,
            "book_valuer_per_share": 16.97,
            "book_valuer_per_share_4q_avg": 16.95,
            "equity": 804553,
            "current_ratio": 112.87,
            "debt_ratio": 40.1,
            "inventory_turnover_ratio": 3.17,
            "account_receivable_turnover_ratio": null,
            "reinvestment_rate": 449.62,
            "research_to_sale_ratio": null,
            "price_fair": 10.5,
            "eps_avg_yearly": 0.3,
            "eps_latest_yearly": 0.36,
            "eps_growth_yearly": 425
        },
        "20033": {
            "year_quarter": 20033,
            "year": 2003,
            "quarter": 3,
            "eps": 0.01,
            "eps_growth_year": null,
            "eps_4q": 0.11,
            "eps_4q_growth_year": null,
            "roe": 0.05,
            "roe_4q": 0.6500000000000001,
            "gross_profit": 12355,
            "gross_margin": 5.88,
            "gross_margin_4q_avg": 6.21,
            "net_income": 434,
            "revenue": 210004,
            "common_shares": 474212,
            "book_valuer_per_share": 16.98,
            "book_valuer_per_share_4q_avg": 16.95,
            "equity": 804986,
            "current_ratio": 111.44,
            "debt_ratio": 41.59,
            "inventory_turnover_ratio": 3.06,
            "account_receivable_turnover_ratio": null,
            "reinvestment_rate": 419.87,
            "research_to_sale_ratio": null,
            "price_fair": 7.47,
            "eps_avg_yearly": 0.21,
            "eps_latest_yearly": 0.04,
            "eps_growth_yearly": 164.81
        },
        "20034": {
            "year_quarter": 20034,
            "year": 2003,
            "quarter": 4,
            "eps": -0.18,
            "eps_growth_year": null,
            "eps_4q": 0,
            "eps_4q_growth_year": null,
            "roe": -1.08,
            "roe_4q": 0,
            "gross_profit": 13180,
            "gross_margin": 5.8,
            "gross_margin_4q_avg": 6.34,
            "net_income": -8649,
            "revenue": 227314,
            "common_shares": 474212,
            "book_valuer_per_share": 16.79,
            "book_valuer_per_share_4q_avg": 16.93,
            "equity": 796337,
            "current_ratio": 108.42,
            "debt_ratio": 41.88,
            "inventory_turnover_ratio": 2.82,
            "account_receivable_turnover_ratio": null,
            "reinvestment_rate": 493.88,
            "research_to_sale_ratio": null,
            "price_fair": 7.47,
            "eps_avg_yearly": 0.21,
            "eps_latest_yearly": 0.04,
            "eps_growth_yearly": 164.81
        },
        "20041": {
            "year_quarter": 20041,
            "year": 2004,
            "quarter": 1,
            "eps": -0.12,
            "eps_growth_year": -250,
            "eps_4q": -0.2,
            "eps_4q_growth_year": null,
            "roe": -0.73,
            "roe_4q": -1.21,
            "gross_profit": 10289,
            "gross_margin": 5.11,
            "gross_margin_4q_avg": 5.63,
            "net_income": -5791,
            "revenue": 201414,
            "common_shares": 474212,
            "book_valuer_per_share": 16.67,
            "book_valuer_per_share_4q_avg": 16.85,
            "equity": 790546,
            "current_ratio": 111.03,
            "debt_ratio": 42.03,
            "inventory_turnover_ratio": 2.45,
            "account_receivable_turnover_ratio": null,
            "reinvestment_rate": null,
            "research_to_sale_ratio": null,
            "price_fair": 7.47,
            "eps_avg_yearly": 0.21,
            "eps_latest_yearly": 0.04,
            "eps_growth_yearly": 164.81
        },
        "20042": {
            "year_quarter": 20042,
            "year": 2004,
            "quarter": 2,
            "eps": 0.03,
            "eps_growth_year": -66.67,
            "eps_4q": -0.24,
            "eps_4q_growth_year": -590.3,
            "roe": 0.19,
            "roe_4q": -1.57,
            "gross_profit": 17692,
            "gross_margin": 7.86,
            "gross_margin_4q_avg": 6.16,
            "net_income": 1538,
            "revenue": 225013,
            "common_shares": 474212,
            "book_valuer_per_share": 16.6,
            "book_valuer_per_share_4q_avg": 16.76,
            "equity": 787342,
            "current_ratio": 109.01,
            "debt_ratio": 40.21,
            "inventory_turnover_ratio": 3.03,
            "account_receivable_turnover_ratio": null,
            "reinvestment_rate": null,
            "research_to_sale_ratio": null,
            "price_fair": 7.47,
            "eps_avg_yearly": 0.21,
            "eps_latest_yearly": 0.04,
            "eps_growth_yearly": 164.81
        },
        "20043": {
            "year_quarter": 20043,
            "year": 2004,
            "quarter": 3,
            "eps": -0.03,
            "eps_growth_year": -400,
            "eps_4q": -0.31,
            "eps_4q_growth_year": -376.26,
            "roe": -0.2,
            "roe_4q": -1.82,
            "gross_profit": 13240,
            "gross_margin": 5.98,
            "gross_margin_4q_avg": 6.19,
            "net_income": -1588,
            "revenue": 221248,
            "common_shares": 474212,
            "book_valuer_per_share": 16.57,
            "book_valuer_per_share_4q_avg": 16.66,
            "equity": 785754,
            "current_ratio": 107.15,
            "debt_ratio": 38.84,
            "inventory_turnover_ratio": 3.64,
            "account_receivable_turnover_ratio": null,
            "reinvestment_rate": null,
            "research_to_sale_ratio": null,
            "price_fair": 7.47,
            "eps_avg_yearly": 0.21,
            "eps_latest_yearly": 0.04,
            "eps_growth_yearly": 164.81
        },
        "20044": {
            "year_quarter": 20044,
            "year": 2004,
            "quarter": 4,
            "eps": -0.28,
            "eps_growth_year": null,
            "eps_4q": -0.4,
            "eps_4q_growth_year": -26450.46,
            "roe": -1.71,
            "roe_4q": -2.45,
            "gross_profit": 17771,
            "gross_margin": 7.67,
            "gross_margin_4q_avg": 6.66,
            "net_income": -13339,
            "revenue": 231673,
            "common_shares": 474212,
            "book_valuer_per_share": 16.29,
            "book_valuer_per_share_4q_avg": 16.53,
            "equity": 772416,
            "current_ratio": 107.88,
            "debt_ratio": 39.36,
            "inventory_turnover_ratio": 3.66,
            "account_receivable_turnover_ratio": null,
            "reinvestment_rate": null,
            "research_to_sale_ratio": null,
            "price_fair": 7.47,
            "eps_avg_yearly": 0.21,
            "eps_latest_yearly": 0.04,
            "eps_growth_yearly": 164.81
        },
        "20051": {
            "year_quarter": 20051,
            "year": 2005,
            "quarter": 1,
            "eps": 0.12,
            "eps_growth_year": null,
            "eps_4q": -0.15,
            "eps_4q_growth_year": null,
            "roe": 0.76,
            "roe_4q": -0.96,
            "gross_profit": 21000,
            "gross_margin": 7.95,
            "gross_margin_4q_avg": 7.37,
            "net_income": 5918,
            "revenue": 264289,
            "common_shares": 474212,
            "book_valuer_per_share": 16.41,
            "book_valuer_per_share_4q_avg": 16.47,
            "equity": 778334,
            "current_ratio": 112.01,
            "debt_ratio": 37.92,
            "inventory_turnover_ratio": 5.06,
            "account_receivable_turnover_ratio": null,
            "reinvestment_rate": null,
            "research_to_sale_ratio": null,
            "price_fair": 7.47,
            "eps_avg_yearly": 0.21,
            "eps_latest_yearly": 0.04,
            "eps_growth_yearly": 164.81
        },
        "20052": {
            "year_quarter": 20052,
            "year": 2005,
            "quarter": 2,
            "eps": 0.1,
            "eps_growth_year": 233.33,
            "eps_4q": -0.1,
            "eps_4q_growth_year": null,
            "roe": 0.59,
            "roe_4q": -0.5599999999999998,
            "gross_profit": 20460,
            "gross_margin": 9.03,
            "gross_margin_4q_avg": 7.66,
            "net_income": 4600,
            "revenue": 226675,
            "common_shares": 474212,
            "book_valuer_per_share": 16.21,
            "book_valuer_per_share_4q_avg": 16.37,
            "equity": 768708,
            "current_ratio": 106.05,
            "debt_ratio": 35.51,
            "inventory_turnover_ratio": 5.37,
            "account_receivable_turnover_ratio": null,
            "reinvestment_rate": null,
            "research_to_sale_ratio": null,
            "price_fair": 9.1,
            "eps_avg_yearly": 0.26,
            "eps_latest_yearly": 0.4,
            "eps_growth_yearly": 106.94
        },
        "20053": {
            "year_quarter": 20053,
            "year": 2005,
            "quarter": 3,
            "eps": 0.08,
            "eps_growth_year": null,
            "eps_4q": 0.02,
            "eps_4q_growth_year": null,
            "roe": 0.51,
            "roe_4q": 0.15000000000000013,
            "gross_profit": 19945,
            "gross_margin": 10.29,
            "gross_margin_4q_avg": 8.74,
            "net_income": 3911,
            "revenue": 193744,
            "common_shares": 474212,
            "book_valuer_per_share": 16.29,
            "book_valuer_per_share_4q_avg": 16.3,
            "equity": 772618,
            "current_ratio": 107.47,
            "debt_ratio": 33.12,
            "inventory_turnover_ratio": 4.81,
            "account_receivable_turnover_ratio": null,
            "reinvestment_rate": null,
            "research_to_sale_ratio": null,
            "price_fair": 9.52,
            "eps_avg_yearly": 0.27,
            "eps_latest_yearly": 0.32,
            "eps_growth_yearly": 69.56
        },
        "20054": {
            "year_quarter": 20054,
            "year": 2005,
            "quarter": 4,
            "eps": 0.09,
            "eps_growth_year": null,
            "eps_4q": 0.38,
            "eps_4q_growth_year": null,
            "roe": 0.57,
            "roe_4q": 2.4299999999999997,
            "gross_profit": 21146,
            "gross_margin": 8.49,
            "gross_margin_4q_avg": 8.94,
            "net_income": 4422,
            "revenue": 249125,
            "common_shares": 474212,
            "book_valuer_per_share": 16.38,
            "book_valuer_per_share_4q_avg": 16.32,
            "equity": 776643,
            "current_ratio": 109.44,
            "debt_ratio": 34.48,
            "inventory_turnover_ratio": 6.77,
            "account_receivable_turnover_ratio": null,
            "reinvestment_rate": null,
            "research_to_sale_ratio": null,
            "price_fair": 10.03,
            "eps_avg_yearly": 0.29,
            "eps_latest_yearly": 0.36,
            "eps_growth_yearly": 66.3
        },
        "20061": {
            "year_quarter": 20061,
            "year": 2006,
            "quarter": 1,
            "eps": 0.26,
            "eps_growth_year": 116.67,
            "eps_4q": 0.53,
            "eps_4q_growth_year": null,
            "roe": 1.57,
            "roe_4q": 3.24,
            "gross_profit": 22156,
            "gross_margin": 9.9,
            "gross_margin_4q_avg": 9.43,
            "net_income": 12253,
            "revenue": 223712,
            "common_shares": 474212,
            "book_valuer_per_share": 16.58,
            "book_valuer_per_share_4q_avg": 16.37,
            "equity": 786451,
            "current_ratio": 109.57,
            "debt_ratio": 33.44,
            "inventory_turnover_ratio": 6.68,
            "account_receivable_turnover_ratio": null,
            "reinvestment_rate": null,
            "research_to_sale_ratio": null,
            "price_fair": 14.7,
            "eps_avg_yearly": 0.42,
            "eps_latest_yearly": 1.04,
            "eps_growth_yearly": 58.89
        },
        "20062": {
            "year_quarter": 20062,
            "year": 2006,
            "quarter": 2,
            "eps": 0.04,
            "eps_growth_year": -60,
            "eps_4q": 0.48,
            "eps_4q_growth_year": null,
            "roe": 0.24,
            "roe_4q": 2.8899999999999997,
            "gross_profit": 21458,
            "gross_margin": 9.91,
            "gross_margin_4q_avg": 9.65,
            "net_income": 1874,
            "revenue": 216623,
            "common_shares": 474212,
            "book_valuer_per_share": 16.27,
            "book_valuer_per_share_4q_avg": 16.38,
            "equity": 771496,
            "current_ratio": 106.16,
            "debt_ratio": 33.38,
            "inventory_turnover_ratio": 6.72,
            "account_receivable_turnover_ratio": null,
            "reinvestment_rate": -1111.6,
            "research_to_sale_ratio": null,
            "price_fair": 4.64,
            "eps_avg_yearly": 0.38,
            "eps_latest_yearly": 0.16,
            "eps_growth_yearly": 2.12
        },
        "20063": {
            "year_quarter": 20063,
            "year": 2006,
            "quarter": 3,
            "eps": 0.22,
            "eps_growth_year": 175,
            "eps_4q": 0.61,
            "eps_4q_growth_year": 2615.19,
            "roe": 1.37,
            "roe_4q": 3.75,
            "gross_profit": 21976,
            "gross_margin": 9.68,
            "gross_margin_4q_avg": 9.5,
            "net_income": 10589,
            "revenue": 227124,
            "common_shares": 474212,
            "book_valuer_per_share": 16.44,
            "book_valuer_per_share_4q_avg": 16.42,
            "equity": 779580,
            "current_ratio": 111.4,
            "debt_ratio": 31.17,
            "inventory_turnover_ratio": 5.84,
            "account_receivable_turnover_ratio": null,
            "reinvestment_rate": -482.96,
            "research_to_sale_ratio": null,
            "price_fair": 15.58,
            "eps_avg_yearly": 0.45,
            "eps_latest_yearly": 0.88,
            "eps_growth_yearly": 226.86
        },
        "20064": {
            "year_quarter": 20064,
            "year": 2006,
            "quarter": 4,
            "eps": 0.12,
            "eps_growth_year": 33.33,
            "eps_4q": 0.63,
            "eps_4q_growth_year": 64.58,
            "roe": 0.74,
            "roe_4q": 3.920000000000001,
            "gross_profit": 24128,
            "gross_margin": 9.31,
            "gross_margin_4q_avg": 9.7,
            "net_income": 5799,
            "revenue": 259212,
            "common_shares": 474212,
            "book_valuer_per_share": 16.56,
            "book_valuer_per_share_4q_avg": 16.46,
            "equity": 785255,
            "current_ratio": 114.96,
            "debt_ratio": 32.21,
            "inventory_turnover_ratio": 6.32,
            "account_receivable_turnover_ratio": null,
            "reinvestment_rate": -393.58,
            "research_to_sale_ratio": null,
            "price_fair": 15.71,
            "eps_avg_yearly": 0.45,
            "eps_latest_yearly": 0.48,
            "eps_growth_yearly": 181.45
        },
        "20071": {
            "year_quarter": 20071,
            "year": 2007,
            "quarter": 1,
            "eps": 0.13,
            "eps_growth_year": -50,
            "eps_4q": 0.52,
            "eps_4q_growth_year": -3.62,
            "roe": 0.78,
            "roe_4q": 3.13,
            "gross_profit": 20038,
            "gross_margin": 9.3,
            "gross_margin_4q_avg": 9.55,
            "net_income": 6165,
            "revenue": 215560,
            "common_shares": 474212,
            "book_valuer_per_share": 16.69,
            "book_valuer_per_share_4q_avg": 16.49,
            "equity": 791420,
            "current_ratio": 125.98,
            "debt_ratio": 26.94,
            "inventory_turnover_ratio": 5.44,
            "account_receivable_turnover_ratio": null,
            "reinvestment_rate": -637.93,
            "research_to_sale_ratio": null,
            "price_fair": 15.96,
            "eps_avg_yearly": 0.46,
            "eps_latest_yearly": 0.52,
            "eps_growth_yearly": 166.64
        },
        "20072": {
            "year_quarter": 20072,
            "year": 2007,
            "quarter": 2,
            "eps": 0.18,
            "eps_growth_year": 350,
            "eps_4q": 0.67,
            "eps_4q_growth_year": 39.82,
            "roe": 1.06,
            "roe_4q": 3.95,
            "gross_profit": 23665,
            "gross_margin": 10.58,
            "gross_margin_4q_avg": 9.72,
            "net_income": 8280,
            "revenue": 223685,
            "common_shares": 474212,
            "book_valuer_per_share": 16.16,
            "book_valuer_per_share_4q_avg": 16.46,
            "equity": 766505,
            "current_ratio": 115.41,
            "debt_ratio": 29.04,
            "inventory_turnover_ratio": 5.46,
            "account_receivable_turnover_ratio": null,
            "reinvestment_rate": -541.72,
            "research_to_sale_ratio": null,
            "price_fair": 17.22,
            "eps_avg_yearly": 0.49,
            "eps_latest_yearly": 0.72,
            "eps_growth_yearly": 177.02
        },
        "20073": {
            "year_quarter": 20073,
            "year": 2007,
            "quarter": 3,
            "eps": 0.18,
            "eps_growth_year": -18.18,
            "eps_4q": 0.62,
            "eps_4q_growth_year": 2.56,
            "roe": 1.07,
            "roe_4q": 3.6500000000000004,
            "gross_profit": 22046,
            "gross_margin": 9.81,
            "gross_margin_4q_avg": 9.75,
            "net_income": 8265,
            "revenue": 224763,
            "common_shares": 474212,
            "book_valuer_per_share": 16.34,
            "book_valuer_per_share_4q_avg": 16.44,
            "equity": 774770,
            "current_ratio": 117.55,
            "debt_ratio": 29.28,
            "inventory_turnover_ratio": 5.64,
            "account_receivable_turnover_ratio": null,
            "reinvestment_rate": -415.28,
            "research_to_sale_ratio": null,
            "price_fair": 19.6,
            "eps_avg_yearly": 0.56,
            "eps_latest_yearly": 0.72,
            "eps_growth_yearly": 212.58
        },
        "20074": {
            "year_quarter": 20074,
            "year": 2007,
            "quarter": 4,
            "eps": 0.26,
            "eps_growth_year": 116.67,
            "eps_4q": 0.75,
            "eps_4q_growth_year": 19.26,
            "roe": 1.53,
            "roe_4q": 4.44,
            "gross_profit": 35587,
            "gross_margin": 14.95,
            "gross_margin_4q_avg": 11.16,
            "net_income": 11975,
            "revenue": 238084,
            "common_shares": 474212,
            "book_valuer_per_share": 16.59,
            "book_valuer_per_share_4q_avg": 16.45,
            "equity": 786745,
            "current_ratio": 120.56,
            "debt_ratio": 29.34,
            "inventory_turnover_ratio": 5.45,
            "account_receivable_turnover_ratio": null,
            "reinvestment_rate": -260.46,
            "research_to_sale_ratio": null,
            "price_fair": 21.13,
            "eps_avg_yearly": 0.6,
            "eps_latest_yearly": 1.04,
            "eps_growth_yearly": 209.42
        },
        "20081": {
            "year_quarter": 20081,
            "year": 2008,
            "quarter": 1,
            "eps": -0.02,
            "eps_growth_year": -115.38,
            "eps_4q": 0.52,
            "eps_4q_growth_year": 1.38,
            "roe": -0.13,
            "roe_4q": 3.53,
            "gross_profit": 13725,
            "gross_margin": 7.97,
            "gross_margin_4q_avg": 10.83,
            "net_income": -1052,
            "revenue": 172244,
            "common_shares": 474212,
            "book_valuer_per_share": 16.57,
            "book_valuer_per_share_4q_avg": 16.42,
            "equity": 785693,
            "current_ratio": 134.42,
            "debt_ratio": 22.77,
            "inventory_turnover_ratio": 3.68,
            "account_receivable_turnover_ratio": null,
            "reinvestment_rate": -234.3,
            "research_to_sale_ratio": null,
            "price_fair": 21.13,
            "eps_avg_yearly": 0.6,
            "eps_latest_yearly": 1.04,
            "eps_growth_yearly": 209.42
        },
        "20082": {
            "year_quarter": 20082,
            "year": 2008,
            "quarter": 2,
            "eps": 0.09,
            "eps_growth_year": -50,
            "eps_4q": 0.51,
            "eps_4q_growth_year": -24.52,
            "roe": 0.54,
            "roe_4q": 3.01,
            "gross_profit": 18593,
            "gross_margin": 10.88,
            "gross_margin_4q_avg": 10.9,
            "net_income": 4152,
            "revenue": 170851,
            "common_shares": 474212,
            "book_valuer_per_share": 15.97,
            "book_valuer_per_share_4q_avg": 16.37,
            "equity": 757230,
            "current_ratio": 133.99,
            "debt_ratio": 20.92,
            "inventory_turnover_ratio": 3.11,
            "account_receivable_turnover_ratio": null,
            "reinvestment_rate": -222.92,
            "research_to_sale_ratio": null,
            "price_fair": 21.13,
            "eps_avg_yearly": 0.6,
            "eps_latest_yearly": 1.04,
            "eps_growth_yearly": 209.42
        },
        "20083": {
            "year_quarter": 20083,
            "year": 2008,
            "quarter": 3,
            "eps": 0.05,
            "eps_growth_year": -72.22,
            "eps_4q": 0.36,
            "eps_4q_growth_year": -41.28,
            "roe": 0.32,
            "roe_4q": 2.2600000000000002,
            "gross_profit": 16567,
            "gross_margin": 8.37,
            "gross_margin_4q_avg": 10.54,
            "net_income": 2396,
            "revenue": 197968,
            "common_shares": 474212,
            "book_valuer_per_share": 16.02,
            "book_valuer_per_share_4q_avg": 16.29,
            "equity": 759626,
            "current_ratio": 140.69,
            "debt_ratio": 20.85,
            "inventory_turnover_ratio": 3.81,
            "account_receivable_turnover_ratio": null,
            "reinvestment_rate": -196.51,
            "research_to_sale_ratio": null,
            "price_fair": 19.95,
            "eps_avg_yearly": 0.57,
            "eps_latest_yearly": 0.2,
            "eps_growth_yearly": 177.15
        },
        "20084": {
            "year_quarter": 20084,
            "year": 2008,
            "quarter": 4,
            "eps": 0.12,
            "eps_growth_year": -53.85,
            "eps_4q": 0.23,
            "eps_4q_growth_year": -69.01,
            "roe": 0.76,
            "roe_4q": 1.4900000000000002,
            "gross_profit": 25549,
            "gross_margin": 11.54,
            "gross_margin_4q_avg": 9.69,
            "net_income": 5818,
            "revenue": 221474,
            "common_shares": 465922,
            "book_valuer_per_share": 16.43,
            "book_valuer_per_share_4q_avg": 16.25,
            "equity": 765444,
            "current_ratio": 150.37,
            "debt_ratio": 20.35,
            "inventory_turnover_ratio": 4.85,
            "account_receivable_turnover_ratio": 2.21,
            "reinvestment_rate": -154.7,
            "research_to_sale_ratio": null,
            "price_fair": 19.71,
            "eps_avg_yearly": 0.56,
            "eps_latest_yearly": 0.48,
            "eps_growth_yearly": 206.6
        },
        "20091": {
            "year_quarter": 20091,
            "year": 2009,
            "quarter": 1,
            "eps": 0.05,
            "eps_growth_year": null,
            "eps_4q": 0.31,
            "eps_4q_growth_year": -41.11,
            "roe": 0.31,
            "roe_4q": 1.9300000000000002,
            "gross_profit": 20467,
            "gross_margin": 11.97,
            "gross_margin_4q_avg": 10.69,
            "net_income": 2401,
            "revenue": 170995,
            "common_shares": 465922,
            "book_valuer_per_share": 16.48,
            "book_valuer_per_share_4q_avg": 16.23,
            "equity": 767845,
            "current_ratio": 175.04,
            "debt_ratio": 17.26,
            "inventory_turnover_ratio": 4.31,
            "account_receivable_turnover_ratio": 0.97,
            "reinvestment_rate": -158.12,
            "research_to_sale_ratio": null,
            "price_fair": 18.8,
            "eps_avg_yearly": 0.54,
            "eps_latest_yearly": 0.2,
            "eps_growth_yearly": 175.18
        },
        "20092": {
            "year_quarter": 20092,
            "year": 2009,
            "quarter": 2,
            "eps": 0.17,
            "eps_growth_year": 88.89,
            "eps_4q": 0.4,
            "eps_4q_growth_year": -20.49,
            "roe": 1.01,
            "roe_4q": 2.4,
            "gross_profit": 26606,
            "gross_margin": 13.22,
            "gross_margin_4q_avg": 11.28,
            "net_income": 7770,
            "revenue": 201199,
            "common_shares": 465922,
            "book_valuer_per_share": 16.45,
            "book_valuer_per_share_4q_avg": 16.35,
            "equity": 766297,
            "current_ratio": 172.15,
            "debt_ratio": 19.74,
            "inventory_turnover_ratio": 5.19,
            "account_receivable_turnover_ratio": 1.18,
            "reinvestment_rate": -149.92,
            "research_to_sale_ratio": null,
            "price_fair": 19.5,
            "eps_avg_yearly": 0.56,
            "eps_latest_yearly": 0.68,
            "eps_growth_yearly": 248.51
        },
        "20093": {
            "year_quarter": 20093,
            "year": 2009,
            "quarter": 3,
            "eps": 0.13,
            "eps_growth_year": 160,
            "eps_4q": 0.46,
            "eps_4q_growth_year": 27.09,
            "roe": 0.81,
            "roe_4q": 2.8899999999999997,
            "gross_profit": 24999,
            "gross_margin": 12.98,
            "gross_margin_4q_avg": 12.43,
            "net_income": 6235,
            "revenue": 192612,
            "common_shares": 465922,
            "book_valuer_per_share": 16.58,
            "book_valuer_per_share_4q_avg": 16.49,
            "equity": 772532,
            "current_ratio": 181.56,
            "debt_ratio": 19.41,
            "inventory_turnover_ratio": 4.82,
            "account_receivable_turnover_ratio": 1.02,
            "reinvestment_rate": -157.74,
            "research_to_sale_ratio": null,
            "price_fair": 20,
            "eps_avg_yearly": 0.57,
            "eps_latest_yearly": 0.52,
            "eps_growth_yearly": 247.5
        },
        "20094": {
            "year_quarter": 20094,
            "year": 2009,
            "quarter": 4,
            "eps": 0.27,
            "eps_growth_year": 125,
            "eps_4q": 0.62,
            "eps_4q_growth_year": 165.92,
            "roe": 1.61,
            "roe_4q": 3.7399999999999998,
            "gross_profit": 30933,
            "gross_margin": 11.37,
            "gross_margin_4q_avg": 12.39,
            "net_income": 12507,
            "revenue": 271959,
            "common_shares": 465922,
            "book_valuer_per_share": 16.85,
            "book_valuer_per_share_4q_avg": 16.59,
            "equity": 785039,
            "current_ratio": 166.27,
            "debt_ratio": 25.11,
            "inventory_turnover_ratio": 6.55,
            "account_receivable_turnover_ratio": 2.13,
            "reinvestment_rate": -135.4,
            "research_to_sale_ratio": null,
            "price_fair": 21.8,
            "eps_avg_yearly": 0.62,
            "eps_latest_yearly": 1.08,
            "eps_growth_yearly": 274.7
        },
        "20101": {
            "year_quarter": 20101,
            "year": 2010,
            "quarter": 1,
            "eps": 0.17,
            "eps_growth_year": 240,
            "eps_4q": 0.74,
            "eps_4q_growth_year": 139.19,
            "roe": 0.98,
            "roe_4q": 4.41,
            "gross_profit": 21212,
            "gross_margin": 9.83,
            "gross_margin_4q_avg": 11.85,
            "net_income": 7759,
            "revenue": 215896,
            "common_shares": 465922,
            "book_valuer_per_share": 17.02,
            "book_valuer_per_share_4q_avg": 16.73,
            "equity": 792798,
            "current_ratio": 160.75,
            "debt_ratio": 26.31,
            "inventory_turnover_ratio": 4.3,
            "account_receivable_turnover_ratio": 0.88,
            "reinvestment_rate": -134.71,
            "research_to_sale_ratio": 0.26,
            "price_fair": 20.9,
            "eps_avg_yearly": 0.6,
            "eps_latest_yearly": 0.68,
            "eps_growth_yearly": 210.15
        },
        "20102": {
            "year_quarter": 20102,
            "year": 2010,
            "quarter": 2,
            "eps": 0.26,
            "eps_growth_year": 51.54,
            "eps_4q": 0.83,
            "eps_4q_growth_year": 105.45,
            "roe": 1.53,
            "roe_4q": 4.93,
            "gross_profit": 32821,
            "gross_margin": 12.47,
            "gross_margin_4q_avg": 11.66,
            "net_income": 12003,
            "revenue": 263283,
            "common_shares": 465922,
            "book_valuer_per_share": 16.67,
            "book_valuer_per_share_4q_avg": 16.78,
            "equity": 776846,
            "current_ratio": 163.76,
            "debt_ratio": 26.16,
            "inventory_turnover_ratio": 5.25,
            "account_receivable_turnover_ratio": 1.06,
            "reinvestment_rate": -130.05,
            "research_to_sale_ratio": 0.35,
            "price_fair": 23.1,
            "eps_avg_yearly": 0.66,
            "eps_latest_yearly": 1.04,
            "eps_growth_yearly": 249.45
        },
        "20103": {
            "year_quarter": 20103,
            "year": 2010,
            "quarter": 3,
            "eps": 0.27,
            "eps_growth_year": 105.7,
            "eps_4q": 0.96,
            "eps_4q_growth_year": 107.18,
            "roe": 1.59,
            "roe_4q": 5.71,
            "gross_profit": 31263,
            "gross_margin": 13.21,
            "gross_margin_4q_avg": 11.72,
            "net_income": 12459,
            "revenue": 236661,
            "common_shares": 465922,
            "book_valuer_per_share": 16.94,
            "book_valuer_per_share_4q_avg": 16.87,
            "equity": 789305,
            "current_ratio": 191.36,
            "debt_ratio": 22.15,
            "inventory_turnover_ratio": 5.34,
            "account_receivable_turnover_ratio": 0.95,
            "reinvestment_rate": -126.24,
            "research_to_sale_ratio": 0.38,
            "price_fair": 23.6,
            "eps_avg_yearly": 0.67,
            "eps_latest_yearly": 1.08,
            "eps_growth_yearly": 121.98
        },
        "20104": {
            "year_quarter": 20104,
            "year": 2010,
            "quarter": 4,
            "eps": 0.29,
            "eps_growth_year": 9.1,
            "eps_4q": 0.99,
            "eps_4q_growth_year": 58.91,
            "roe": 1.72,
            "roe_4q": 5.82,
            "gross_profit": 34926,
            "gross_margin": 13.41,
            "gross_margin_4q_avg": 12.23,
            "net_income": 13725,
            "revenue": 260490,
            "common_shares": 465922,
            "book_valuer_per_share": 17.24,
            "book_valuer_per_share_4q_avg": 16.97,
            "equity": 803030,
            "current_ratio": 200.59,
            "debt_ratio": 23.25,
            "inventory_turnover_ratio": 5.64,
            "account_receivable_turnover_ratio": 1.05,
            "reinvestment_rate": -115.51,
            "research_to_sale_ratio": 0.32,
            "price_fair": 25.3,
            "eps_avg_yearly": 0.72,
            "eps_latest_yearly": 1.16,
            "eps_growth_yearly": 137.08
        },
        "20111": {
            "year_quarter": 20111,
            "year": 2011,
            "quarter": 1,
            "eps": 0.24,
            "eps_growth_year": 41.18,
            "eps_4q": 1.06,
            "eps_4q_growth_year": 43.46,
            "roe": 1.36,
            "roe_4q": 6.2,
            "gross_profit": 27095,
            "gross_margin": 14.35,
            "gross_margin_4q_avg": 13.36,
            "net_income": 10979,
            "revenue": 188779,
            "common_shares": 465922,
            "book_valuer_per_share": 17.47,
            "book_valuer_per_share_4q_avg": 17.08,
            "equity": 814009,
            "current_ratio": 247.79,
            "debt_ratio": 18.6,
            "inventory_turnover_ratio": 3.72,
            "account_receivable_turnover_ratio": 0.81,
            "reinvestment_rate": -109.8,
            "research_to_sale_ratio": 0.27,
            "price_fair": 26.4,
            "eps_avg_yearly": 0.75,
            "eps_latest_yearly": 0.96,
            "eps_growth_yearly": 129.77
        },
        "20112": {
            "year_quarter": 20112,
            "year": 2011,
            "quarter": 2,
            "eps": 0.26,
            "eps_growth_year": 0.18,
            "eps_4q": 1.06,
            "eps_4q_growth_year": 27.75,
            "roe": 1.5,
            "roe_4q": 6.17,
            "gross_profit": 29009,
            "gross_margin": 14.35,
            "gross_margin_4q_avg": 13.83,
            "net_income": 12025,
            "revenue": 202178,
            "common_shares": 465922,
            "book_valuer_per_share": 16.83,
            "book_valuer_per_share_4q_avg": 17.12,
            "equity": 784101,
            "current_ratio": 222.21,
            "debt_ratio": 21.31,
            "inventory_turnover_ratio": 3.58,
            "account_receivable_turnover_ratio": 1.03,
            "reinvestment_rate": -114,
            "research_to_sale_ratio": 0.35,
            "price_fair": 27.2,
            "eps_avg_yearly": 0.78,
            "eps_latest_yearly": 1.04,
            "eps_growth_yearly": 121.17
        },
        "20113": {
            "year_quarter": 20113,
            "year": 2011,
            "quarter": 3,
            "eps": 0.17,
            "eps_growth_year": -37.62,
            "eps_4q": 0.96,
            "eps_4q_growth_year": -0.51,
            "roe": 0.99,
            "roe_4q": 5.57,
            "gross_profit": 24692,
            "gross_margin": 11.91,
            "gross_margin_4q_avg": 13.51,
            "net_income": 7772,
            "revenue": 207340,
            "common_shares": 465922,
            "book_valuer_per_share": 17,
            "book_valuer_per_share_4q_avg": 17.14,
            "equity": 791873,
            "current_ratio": 250.48,
            "debt_ratio": 19.12,
            "inventory_turnover_ratio": 3.56,
            "account_receivable_turnover_ratio": 1.11,
            "reinvestment_rate": -122.21,
            "research_to_sale_ratio": 0.41,
            "price_fair": 27.1,
            "eps_avg_yearly": 0.77,
            "eps_latest_yearly": 0.68,
            "eps_growth_yearly": 111.28
        },
        "20114": {
            "year_quarter": 20114,
            "year": 2011,
            "quarter": 4,
            "eps": 0.42,
            "eps_growth_year": 41.2,
            "eps_4q": 1.08,
            "eps_4q_growth_year": 9.16,
            "roe": 2.42,
            "roe_4q": 6.2700000000000005,
            "gross_profit": 38343,
            "gross_margin": 16.07,
            "gross_margin_4q_avg": 14.17,
            "net_income": 19380,
            "revenue": 238643,
            "common_shares": 465922,
            "book_valuer_per_share": 17.41,
            "book_valuer_per_share_4q_avg": 17.18,
            "equity": 811253,
            "current_ratio": 241.57,
            "debt_ratio": 21.07,
            "inventory_turnover_ratio": 3.62,
            "account_receivable_turnover_ratio": 1.18,
            "reinvestment_rate": -123.03,
            "research_to_sale_ratio": 0.28,
            "price_fair": 28.7,
            "eps_avg_yearly": 0.82,
            "eps_latest_yearly": 1.68,
            "eps_growth_yearly": 140.59
        },
        "20121": {
            "year_quarter": 20121,
            "year": 2012,
            "quarter": 1,
            "eps": 0.21,
            "eps_growth_year": -12.5,
            "eps_4q": 1.05,
            "eps_4q_growth_year": -0.26,
            "roe": 1.21,
            "roe_4q": 6.12,
            "gross_profit": 27163,
            "gross_margin": 14.41,
            "gross_margin_4q_avg": 14.19,
            "net_income": 9862,
            "revenue": 188521,
            "common_shares": 465922,
            "book_valuer_per_share": 17.62,
            "book_valuer_per_share_4q_avg": 17.22,
            "equity": 821115,
            "current_ratio": 304.88,
            "debt_ratio": 16.7,
            "inventory_turnover_ratio": 3.08,
            "account_receivable_turnover_ratio": 0.96,
            "reinvestment_rate": -112.87,
            "research_to_sale_ratio": 0.26,
            "price_fair": 28.75,
            "eps_avg_yearly": 0.82,
            "eps_latest_yearly": 0.84,
            "eps_growth_yearly": 117.89
        },
        "20122": {
            "year_quarter": 20122,
            "year": 2012,
            "quarter": 2,
            "eps": 0.34,
            "eps_growth_year": 32.41,
            "eps_4q": 1.14,
            "eps_4q_growth_year": 7.62,
            "roe": 1.96,
            "roe_4q": 6.58,
            "gross_profit": 31841,
            "gross_margin": 15.56,
            "gross_margin_4q_avg": 14.49,
            "net_income": 15922,
            "revenue": 204583,
            "common_shares": 465922,
            "book_valuer_per_share": 17.17,
            "book_valuer_per_share_4q_avg": 17.3,
            "equity": 799764,
            "current_ratio": 252.04,
            "debt_ratio": 21.05,
            "inventory_turnover_ratio": 3.45,
            "account_receivable_turnover_ratio": 1.1,
            "reinvestment_rate": -102.42,
            "research_to_sale_ratio": 0.34,
            "price_fair": 29.93,
            "eps_avg_yearly": 0.86,
            "eps_latest_yearly": 1.36,
            "eps_growth_yearly": 126
        },
        "20123": {
            "year_quarter": 20123,
            "year": 2012,
            "quarter": 3,
            "eps": 0.3,
            "eps_growth_year": 81.69,
            "eps_4q": 1.27,
            "eps_4q_growth_year": 33.22,
            "roe": 1.75,
            "roe_4q": 7.34,
            "gross_profit": 32839,
            "gross_margin": 16.05,
            "gross_margin_4q_avg": 15.52,
            "net_income": 14121,
            "revenue": 204595,
            "common_shares": 465922,
            "book_valuer_per_share": 17.47,
            "book_valuer_per_share_4q_avg": 17.42,
            "equity": 813885,
            "current_ratio": 286.53,
            "debt_ratio": 18.71,
            "inventory_turnover_ratio": 3,
            "account_receivable_turnover_ratio": 1.01,
            "reinvestment_rate": -93.09,
            "research_to_sale_ratio": 0.36,
            "price_fair": 32.11,
            "eps_avg_yearly": 0.92,
            "eps_latest_yearly": 1.2,
            "eps_growth_yearly": 134.17
        },
        "20124": {
            "year_quarter": 20124,
            "year": 2012,
            "quarter": 4,
            "eps": 0.35,
            "eps_growth_year": -16.94,
            "eps_4q": 1.2,
            "eps_4q_growth_year": 11.66,
            "roe": 1.96,
            "roe_4q": 6.88,
            "gross_profit": 34856,
            "gross_margin": 15.79,
            "gross_margin_4q_avg": 15.45,
            "net_income": 16097,
            "revenue": 220800,
            "common_shares": 465922,
            "book_valuer_per_share": 17.81,
            "book_valuer_per_share_4q_avg": 17.52,
            "equity": 829982,
            "current_ratio": 272.56,
            "debt_ratio": 19.53,
            "inventory_turnover_ratio": 3.27,
            "account_receivable_turnover_ratio": 1.06,
            "reinvestment_rate": -74.31,
            "research_to_sale_ratio": 0.34,
            "price_fair": 34.13,
            "eps_avg_yearly": 0.98,
            "eps_latest_yearly": 1.4,
            "eps_growth_yearly": 103.33
        },
        "20131": {
            "year_quarter": 20131,
            "year": 2013,
            "quarter": 1,
            "eps": 0.31,
            "eps_growth_year": 47.62,
            "eps_4q": 1.3,
            "eps_4q_growth_year": 23.38,
            "roe": 1.76,
            "roe_4q": 7.43,
            "gross_profit": 28816,
            "gross_margin": 15.94,
            "gross_margin_4q_avg": 15.84,
            "net_income": 14363,
            "revenue": 180802,
            "common_shares": 465922,
            "book_valuer_per_share": 17.29,
            "book_valuer_per_share_4q_avg": 17.44,
            "equity": 805611,
            "current_ratio": 191.68,
            "debt_ratio": 19.28,
            "inventory_turnover_ratio": 3.26,
            "account_receivable_turnover_ratio": 0.96,
            "reinvestment_rate": 31.71,
            "research_to_sale_ratio": 0.16,
            "price_fair": 36.4,
            "eps_avg_yearly": 1.04,
            "eps_latest_yearly": 1.24,
            "eps_growth_yearly": 115.06
        },
        "20132": {
            "year_quarter": 20132,
            "year": 2013,
            "quarter": 2,
            "eps": 0.44,
            "eps_growth_year": 28.76,
            "eps_4q": 1.4,
            "eps_4q_growth_year": 23.09,
            "roe": 2.58,
            "roe_4q": 8.05,
            "gross_profit": 36835,
            "gross_margin": 19.97,
            "gross_margin_4q_avg": 16.94,
            "net_income": 20578,
            "revenue": 184409,
            "common_shares": 465922,
            "book_valuer_per_share": 16.88,
            "book_valuer_per_share_4q_avg": 17.36,
            "equity": 786586,
            "current_ratio": 222.01,
            "debt_ratio": 22.53,
            "inventory_turnover_ratio": 3.36,
            "account_receivable_turnover_ratio": 1.08,
            "reinvestment_rate": -1.53,
            "research_to_sale_ratio": 0.29,
            "price_fair": 38.76,
            "eps_avg_yearly": 1.11,
            "eps_latest_yearly": 1.76,
            "eps_growth_yearly": 65.54
        },
        "20133": {
            "year_quarter": 20133,
            "year": 2013,
            "quarter": 3,
            "eps": 0.35,
            "eps_growth_year": 15.48,
            "eps_4q": 1.45,
            "eps_4q_growth_year": 13.84,
            "roe": 2.07,
            "roe_4q": 8.370000000000001,
            "gross_profit": 36534,
            "gross_margin": 19.51,
            "gross_margin_4q_avg": 17.8,
            "net_income": 16453,
            "revenue": 187225,
            "common_shares": 465922,
            "book_valuer_per_share": 17.24,
            "book_valuer_per_share_4q_avg": 17.31,
            "equity": 803039,
            "current_ratio": 269.38,
            "debt_ratio": 19.52,
            "inventory_turnover_ratio": 3.21,
            "account_receivable_turnover_ratio": 1.1,
            "reinvestment_rate": -2.47,
            "research_to_sale_ratio": 0.25,
            "price_fair": 40.69,
            "eps_avg_yearly": 1.16,
            "eps_latest_yearly": 1.4,
            "eps_growth_yearly": 66.31
        },
        "20134": {
            "year_quarter": 20134,
            "year": 2013,
            "quarter": 4,
            "eps": 0.47,
            "eps_growth_year": 37.12,
            "eps_4q": 1.58,
            "eps_4q_growth_year": 31.18,
            "roe": 2.7,
            "roe_4q": 9.11,
            "gross_profit": 43958,
            "gross_margin": 19.65,
            "gross_margin_4q_avg": 18.77,
            "net_income": 22072,
            "revenue": 223728,
            "common_shares": 465922,
            "book_valuer_per_share": 17.82,
            "book_valuer_per_share_4q_avg": 17.31,
            "equity": 830409,
            "current_ratio": 247.73,
            "debt_ratio": 21.82,
            "inventory_turnover_ratio": 3.6,
            "account_receivable_turnover_ratio": 1.27,
            "reinvestment_rate": -11.45,
            "research_to_sale_ratio": 0.42,
            "price_fair": 42.44,
            "eps_avg_yearly": 1.21,
            "eps_latest_yearly": 1.88,
            "eps_growth_yearly": 47.96
        },
        "20141": {
            "year_quarter": 20141,
            "year": 2014,
            "quarter": 1,
            "eps": 0.3,
            "eps_growth_year": -3.23,
            "eps_4q": 1.57,
            "eps_4q_growth_year": 20.53,
            "roe": 1.65,
            "roe_4q": 9,
            "gross_profit": 30590,
            "gross_margin": 18.36,
            "gross_margin_4q_avg": 19.37,
            "net_income": 13821,
            "revenue": 166654,
            "common_shares": 465922,
            "book_valuer_per_share": 18.12,
            "book_valuer_per_share_4q_avg": 17.52,
            "equity": 844230,
            "current_ratio": 338.94,
            "debt_ratio": 16.33,
            "inventory_turnover_ratio": 2.92,
            "account_receivable_turnover_ratio": 1.05,
            "reinvestment_rate": -16.92,
            "research_to_sale_ratio": 0.25,
            "price_fair": 43.58,
            "eps_avg_yearly": 1.25,
            "eps_latest_yearly": 1.2,
            "eps_growth_yearly": 48.18
        },
        "20142": {
            "year_quarter": 20142,
            "year": 2014,
            "quarter": 2,
            "eps": 0.36,
            "eps_growth_year": -18.18,
            "eps_4q": 1.48,
            "eps_4q_growth_year": 6.09,
            "roe": 2.03,
            "roe_4q": 8.45,
            "gross_profit": 35638,
            "gross_margin": 20.32,
            "gross_margin_4q_avg": 19.46,
            "net_income": 16780,
            "revenue": 175363,
            "common_shares": 465922,
            "book_valuer_per_share": 17.3,
            "book_valuer_per_share_4q_avg": 17.62,
            "equity": 806171,
            "current_ratio": 246.27,
            "debt_ratio": 21.75,
            "inventory_turnover_ratio": 3.28,
            "account_receivable_turnover_ratio": 1.19,
            "reinvestment_rate": -14.41,
            "research_to_sale_ratio": 0.44,
            "price_fair": 44.45,
            "eps_avg_yearly": 1.27,
            "eps_latest_yearly": 1.44,
            "eps_growth_yearly": 39.94
        },
        "20143": {
            "year_quarter": 20143,
            "year": 2014,
            "quarter": 3,
            "eps": 0.25,
            "eps_growth_year": -28.57,
            "eps_4q": 1.38,
            "eps_4q_growth_year": -4.71,
            "roe": 1.43,
            "roe_4q": 7.81,
            "gross_profit": 28959,
            "gross_margin": 16.72,
            "gross_margin_4q_avg": 18.76,
            "net_income": 11637,
            "revenue": 173230,
            "common_shares": 465922,
            "book_valuer_per_share": 17.55,
            "book_valuer_per_share_4q_avg": 17.7,
            "equity": 817668,
            "current_ratio": 289.18,
            "debt_ratio": 18.04,
            "inventory_turnover_ratio": 3.02,
            "account_receivable_turnover_ratio": 1.12,
            "reinvestment_rate": -1.85,
            "research_to_sale_ratio": 0.34,
            "price_fair": 44.28,
            "eps_avg_yearly": 1.27,
            "eps_latest_yearly": 1,
            "eps_growth_yearly": 31.34
        },
        "20144": {
            "year_quarter": 20144,
            "year": 2014,
            "quarter": 4,
            "eps": 0.29,
            "eps_growth_year": -38.05,
            "eps_4q": 1.2,
            "eps_4q_growth_year": -23.9,
            "roe": 1.66,
            "roe_4q": 6.77,
            "gross_profit": 32169,
            "gross_margin": 15.6,
            "gross_margin_4q_avg": 17.75,
            "net_income": 13673,
            "revenue": 206262,
            "common_shares": 465922,
            "book_valuer_per_share": 17.9,
            "book_valuer_per_share_4q_avg": 17.72,
            "equity": 833847,
            "current_ratio": 239.67,
            "debt_ratio": 21.43,
            "inventory_turnover_ratio": 3.12,
            "account_receivable_turnover_ratio": 1.28,
            "reinvestment_rate": 9.06,
            "research_to_sale_ratio": 0.31,
            "price_fair": 44.28,
            "eps_avg_yearly": 1.27,
            "eps_latest_yearly": 1.16,
            "eps_growth_yearly": 33.49
        },
        "20151": {
            "year_quarter": 20151,
            "year": 2015,
            "quarter": 1,
            "eps": 0.18,
            "eps_growth_year": -40,
            "eps_4q": 1.08,
            "eps_4q_growth_year": -30.98,
            "roe": 0.98,
            "roe_4q": 6.1,
            "gross_profit": 24157,
            "gross_margin": 14.18,
            "gross_margin_4q_avg": 16.71,
            "net_income": 8240,
            "revenue": 170362,
            "common_shares": 465922,
            "book_valuer_per_share": 18.07,
            "book_valuer_per_share_4q_avg": 17.71,
            "equity": 842087,
            "current_ratio": 250.16,
            "debt_ratio": 17.59,
            "inventory_turnover_ratio": 2.72,
            "account_receivable_turnover_ratio": 1.05,
            "reinvestment_rate": 39.88,
            "research_to_sale_ratio": 0.3,
            "price_fair": 43.75,
            "eps_avg_yearly": 1.25,
            "eps_latest_yearly": 0.72,
            "eps_growth_yearly": 28.32
        },
        "20152": {
            "year_quarter": 20152,
            "year": 2015,
            "quarter": 2,
            "eps": 0.22,
            "eps_growth_year": -38.89,
            "eps_4q": 0.94,
            "eps_4q_growth_year": -36.92,
            "roe": 1.22,
            "roe_4q": 5.29,
            "gross_profit": 27338,
            "gross_margin": 15.3,
            "gross_margin_4q_avg": 15.45,
            "net_income": 10058,
            "revenue": 178707,
            "common_shares": 465922,
            "book_valuer_per_share": 17.29,
            "book_valuer_per_share_4q_avg": 17.7,
            "equity": 805553,
            "current_ratio": 202.14,
            "debt_ratio": 21.6,
            "inventory_turnover_ratio": 3.27,
            "account_receivable_turnover_ratio": 1.18,
            "reinvestment_rate": 42.38,
            "research_to_sale_ratio": 0.41,
            "price_fair": 43.4,
            "eps_avg_yearly": 1.24,
            "eps_latest_yearly": 0.88,
            "eps_growth_yearly": 31.79
        },
        "20153": {
            "year_quarter": 20153,
            "year": 2015,
            "quarter": 3,
            "eps": 0.24,
            "eps_growth_year": -4,
            "eps_4q": 0.93,
            "eps_4q_growth_year": -32.59,
            "roe": 1.4,
            "roe_4q": 5.26,
            "gross_profit": 28059,
            "gross_margin": 15.27,
            "gross_margin_4q_avg": 15.09,
            "net_income": 11381,
            "revenue": 183695,
            "common_shares": 465922,
            "book_valuer_per_share": 17.53,
            "book_valuer_per_share_4q_avg": 17.7,
            "equity": 816934,
            "current_ratio": 267.5,
            "debt_ratio": 18.16,
            "inventory_turnover_ratio": 3.49,
            "account_receivable_turnover_ratio": 1.16,
            "reinvestment_rate": 27.33,
            "research_to_sale_ratio": 0.38,
            "price_fair": 44.01,
            "eps_avg_yearly": 1.26,
            "eps_latest_yearly": 0.96,
            "eps_growth_yearly": 42.71
        },
        "20154": {
            "year_quarter": 20154,
            "year": 2015,
            "quarter": 4,
            "eps": 0.21,
            "eps_growth_year": -28.39,
            "eps_4q": 0.85,
            "eps_4q_growth_year": -29.41,
            "roe": 1.19,
            "roe_4q": 4.789999999999999,
            "gross_profit": 32843,
            "gross_margin": 17.14,
            "gross_margin_4q_avg": 15.47,
            "net_income": 9791,
            "revenue": 191632,
            "common_shares": 465922,
            "book_valuer_per_share": 17.74,
            "book_valuer_per_share_4q_avg": 17.66,
            "equity": 826662,
            "current_ratio": 306.23,
            "debt_ratio": 18.64,
            "inventory_turnover_ratio": 3.38,
            "account_receivable_turnover_ratio": 1.14,
            "reinvestment_rate": 3.17,
            "research_to_sale_ratio": 0.27,
            "price_fair": 15.45,
            "eps_avg_yearly": 1.21,
            "eps_latest_yearly": 0.84,
            "eps_growth_yearly": 2.83
        },
        "20161": {
            "year_quarter": 20161,
            "year": 2016,
            "quarter": 1,
            "eps": 0.23,
            "eps_growth_year": 27.78,
            "eps_4q": 0.9,
            "eps_4q_growth_year": -16.69,
            "roe": 1.29,
            "roe_4q": 5.1,
            "gross_profit": 26168,
            "gross_margin": 17.4,
            "gross_margin_4q_avg": 16.28,
            "net_income": 10698,
            "revenue": 150395,
            "common_shares": 465922,
            "book_valuer_per_share": 17.97,
            "book_valuer_per_share_4q_avg": 17.63,
            "equity": 837360,
            "current_ratio": 437.57,
            "debt_ratio": 14.93,
            "inventory_turnover_ratio": 2.74,
            "account_receivable_turnover_ratio": 1.01,
            "reinvestment_rate": -20.43,
            "research_to_sale_ratio": 0.43,
            "price_fair": 33.52,
            "eps_avg_yearly": 1.21,
            "eps_latest_yearly": 0.92,
            "eps_growth_yearly": 17.71
        },
        "20162": {
            "year_quarter": 20162,
            "year": 2016,
            "quarter": 2,
            "eps": 0.33,
            "eps_growth_year": 50,
            "eps_4q": 1.01,
            "eps_4q_growth_year": 7.83,
            "roe": 1.83,
            "roe_4q": 5.710000000000001,
            "gross_profit": 27671,
            "gross_margin": 18.26,
            "gross_margin_4q_avg": 17.02,
            "net_income": 15152,
            "revenue": 151563,
            "common_shares": 465922,
            "book_valuer_per_share": 17.55,
            "book_valuer_per_share_4q_avg": 17.7,
            "equity": 817534,
            "current_ratio": 310.63,
            "debt_ratio": 18.48,
            "inventory_turnover_ratio": 3.09,
            "account_receivable_turnover_ratio": 1.17,
            "reinvestment_rate": 9.2,
            "research_to_sale_ratio": 0.57,
            "price_fair": 27.89,
            "eps_avg_yearly": 1.21,
            "eps_latest_yearly": 1.32,
            "eps_growth_yearly": 13.1
        },
        "20163": {
            "year_quarter": 20163,
            "year": 2016,
            "quarter": 3,
            "eps": 0.12,
            "eps_growth_year": -50,
            "eps_4q": 0.89,
            "eps_4q_growth_year": -4.6,
            "roe": 0.7,
            "roe_4q": 5.01,
            "gross_profit": 18164,
            "gross_margin": 13.11,
            "gross_margin_4q_avg": 16.48,
            "net_income": 5718,
            "revenue": 138572,
            "common_shares": 465922,
            "book_valuer_per_share": 17.68,
            "book_valuer_per_share_4q_avg": 17.74,
            "equity": 823635,
            "current_ratio": 298.11,
            "debt_ratio": 16.01,
            "inventory_turnover_ratio": 2.78,
            "account_receivable_turnover_ratio": 1.05,
            "reinvestment_rate": 51.78,
            "research_to_sale_ratio": 1.01,
            "price_fair": 11.63,
            "eps_avg_yearly": 1.16,
            "eps_latest_yearly": 0.48,
            "eps_growth_yearly": 0.13
        },
        "20164": {
            "year_quarter": 20164,
            "year": 2016,
            "quarter": 4,
            "eps": 0.15,
            "eps_growth_year": -29.51,
            "eps_4q": 0.83,
            "eps_4q_growth_year": -2.53,
            "roe": 0.83,
            "roe_4q": 4.65,
            "gross_profit": 24591,
            "gross_margin": 15.55,
            "gross_margin_4q_avg": 16.08,
            "net_income": 6902,
            "revenue": 158131,
            "common_shares": 465922,
            "book_valuer_per_share": 17.87,
            "book_valuer_per_share_4q_avg": 17.77,
            "equity": 832375,
            "current_ratio": 229.67,
            "debt_ratio": 17.15,
            "inventory_turnover_ratio": 2.92,
            "account_receivable_turnover_ratio": 1.16,
            "reinvestment_rate": 83.83,
            "research_to_sale_ratio": 0.53,
            "price_fair": 13.59,
            "eps_avg_yearly": 1.11,
            "eps_latest_yearly": 0.6,
            "eps_growth_yearly": 2.22
        },
        "20171": {
            "year_quarter": 20171,
            "year": 2017,
            "quarter": 1,
            "eps": 0.05,
            "eps_growth_year": -78.26,
            "eps_4q": 0.64,
            "eps_4q_growth_year": -28.68,
            "roe": 0.26,
            "roe_4q": 3.62,
            "gross_profit": 15154,
            "gross_margin": 12.64,
            "gross_margin_4q_avg": 14.89,
            "net_income": 2129,
            "revenue": 119862,
            "common_shares": 465922,
            "book_valuer_per_share": 17.96,
            "book_valuer_per_share_4q_avg": 17.77,
            "equity": 836670,
            "current_ratio": 220.69,
            "debt_ratio": 13.38,
            "inventory_turnover_ratio": 2.24,
            "account_receivable_turnover_ratio": 1.02,
            "reinvestment_rate": 31.59,
            "research_to_sale_ratio": 0.44,
            "price_fair": 3.14,
            "eps_avg_yearly": 1.05,
            "eps_latest_yearly": 0.2,
            "eps_growth_yearly": -11.59
        },
        "20172": {
            "year_quarter": 20172,
            "year": 2017,
            "quarter": 2,
            "eps": 0.04,
            "eps_growth_year": -87.88,
            "eps_4q": 0.35,
            "eps_4q_growth_year": -64.89,
            "roe": 0.22,
            "roe_4q": 2.01,
            "gross_profit": 16034,
            "gross_margin": 13.1,
            "gross_margin_4q_avg": 13.6,
            "net_income": 1761,
            "revenue": 122421,
            "common_shares": 465922,
            "book_valuer_per_share": 17.17,
            "book_valuer_per_share_4q_avg": 17.67,
            "equity": 800019,
            "current_ratio": 183.6,
            "debt_ratio": 16.52,
            "inventory_turnover_ratio": 2.24,
            "account_receivable_turnover_ratio": 1.27,
            "reinvestment_rate": 66.11,
            "research_to_sale_ratio": 0.41,
            "price_fair": 2.84,
            "eps_avg_yearly": 0.95,
            "eps_latest_yearly": 0.16,
            "eps_growth_yearly": -27.08
        },
        "20173": {
            "year_quarter": 20173,
            "year": 2017,
            "quarter": 3,
            "eps": 0.13,
            "eps_growth_year": 8.33,
            "eps_4q": 0.36,
            "eps_4q_growth_year": -59.68,
            "roe": 0.73,
            "roe_4q": 2.04,
            "gross_profit": 19454,
            "gross_margin": 14.38,
            "gross_margin_4q_avg": 13.92,
            "net_income": 5885,
            "revenue": 135266,
            "common_shares": 465922,
            "book_valuer_per_share": 17.32,
            "book_valuer_per_share_4q_avg": 17.58,
            "equity": 806888,
            "current_ratio": 268.55,
            "debt_ratio": 15.39,
            "inventory_turnover_ratio": 2.28,
            "account_receivable_turnover_ratio": 1.3,
            "reinvestment_rate": 25.69,
            "research_to_sale_ratio": 0.42,
            "price_fair": 31.24,
            "eps_avg_yearly": 0.89,
            "eps_latest_yearly": 0.52,
            "eps_growth_yearly": 34.29
        },
        "20174": {
            "year_quarter": 20174,
            "year": 2017,
            "quarter": 4,
            "eps": 0.06,
            "eps_growth_year": -57.24,
            "eps_4q": 0.27,
            "eps_4q_growth_year": -66.92,
            "roe": 0.36,
            "roe_4q": 1.5699999999999998,
            "gross_profit": 24725,
            "gross_margin": 14.95,
            "gross_margin_4q_avg": 13.77,
            "net_income": 2951,
            "revenue": 165438,
            "common_shares": 465922,
            "book_valuer_per_share": 17.52,
            "book_valuer_per_share_4q_avg": 17.49,
            "equity": 816307,
            "current_ratio": 296.05,
            "debt_ratio": 16.91,
            "inventory_turnover_ratio": 2.35,
            "account_receivable_turnover_ratio": 1.34,
            "reinvestment_rate": -9.01,
            "research_to_sale_ratio": 0.33,
            "price_fair": 17.58,
            "eps_avg_yearly": 0.79,
            "eps_latest_yearly": 0.24,
            "eps_growth_yearly": 12.25
        },
        "20181": {
            "year_quarter": 20181,
            "year": 2018,
            "quarter": 1,
            "eps": 0.03,
            "eps_growth_year": -40,
            "eps_4q": 0.26,
            "eps_4q_growth_year": -59.74,
            "roe": 0.18,
            "roe_4q": 1.49,
            "gross_profit": 14121,
            "gross_margin": 12.23,
            "gross_margin_4q_avg": 13.67,
            "net_income": 1440,
            "revenue": 115489,
            "common_shares": 465922,
            "book_valuer_per_share": 17.73,
            "book_valuer_per_share_4q_avg": 17.44,
            "equity": 826212,
            "current_ratio": 364.69,
            "debt_ratio": 12.83,
            "inventory_turnover_ratio": 1.61,
            "account_receivable_turnover_ratio": 1,
            "reinvestment_rate": -96.11,
            "research_to_sale_ratio": 0.45,
            "price_fair": 13.58,
            "eps_avg_yearly": 0.72,
            "eps_latest_yearly": 0.12,
            "eps_growth_yearly": 8.79
        },
        "20182": {
            "year_quarter": 20182,
            "year": 2018,
            "quarter": 2,
            "eps": 0.04,
            "eps_growth_year": 0,
            "eps_4q": 0.26,
            "eps_4q_growth_year": -26.35,
            "roe": 0.23,
            "roe_4q": 1.5,
            "gross_profit": 15928,
            "gross_margin": 13.32,
            "gross_margin_4q_avg": 13.72,
            "net_income": 1884,
            "revenue": 119570,
            "common_shares": 465922,
            "book_valuer_per_share": 17.66,
            "book_valuer_per_share_4q_avg": 17.56,
            "equity": 822851,
            "current_ratio": 347.66,
            "debt_ratio": 13,
            "inventory_turnover_ratio": 1.81,
            "account_receivable_turnover_ratio": 1.21,
            "reinvestment_rate": -105.06,
            "research_to_sale_ratio": 0.47,
            "price_fair": 14.22,
            "eps_avg_yearly": 0.64,
            "eps_latest_yearly": 0.16,
            "eps_growth_yearly": 12.13
        },
        "20183": {
            "year_quarter": 20183,
            "year": 2018,
            "quarter": 3,
            "eps": 0.15,
            "eps_growth_year": 15.38,
            "eps_4q": 0.29,
            "eps_4q_growth_year": -19.26,
            "roe": 0.87,
            "roe_4q": 1.6400000000000001,
            "gross_profit": 14906,
            "gross_margin": 11.87,
            "gross_margin_4q_avg": 13.09,
            "net_income": 7190,
            "revenue": 125591,
            "common_shares": 465922,
            "book_valuer_per_share": 17.93,
            "book_valuer_per_share_4q_avg": 17.71,
            "equity": 835281,
            "current_ratio": 312.13,
            "debt_ratio": 13.74,
            "inventory_turnover_ratio": 1.9,
            "account_receivable_turnover_ratio": 1.16,
            "reinvestment_rate": -128.07,
            "research_to_sale_ratio": 0.59,
            "price_fair": 21.61,
            "eps_avg_yearly": 0.62,
            "eps_latest_yearly": 0.6,
            "eps_growth_yearly": 88.52
        },
        "20184": {
            "year_quarter": 20184,
            "year": 2018,
            "quarter": 4,
            "eps": 0.09,
            "eps_growth_year": 38.9,
            "eps_4q": 0.31,
            "eps_4q_growth_year": 14.83,
            "roe": 0.49,
            "roe_4q": 1.7699999999999998,
            "gross_profit": 25831,
            "gross_margin": 14.87,
            "gross_margin_4q_avg": 13.07,
            "net_income": 4099,
            "revenue": 173727,
            "common_shares": 465922,
            "book_valuer_per_share": 17.83,
            "book_valuer_per_share_4q_avg": 17.79,
            "equity": 830923,
            "current_ratio": 208.17,
            "debt_ratio": 15.67,
            "inventory_turnover_ratio": 2.42,
            "account_receivable_turnover_ratio": 1.42,
            "reinvestment_rate": -159.2,
            "research_to_sale_ratio": 0.23,
            "price_fair": 19.86,
            "eps_avg_yearly": 0.57,
            "eps_latest_yearly": 0.36,
            "eps_growth_yearly": 74.52
        },
        "20191": {
            "year_quarter": 20191,
            "year": 2019,
            "quarter": 1,
            "eps": 0.06,
            "eps_growth_year": 100,
            "eps_4q": 0.35,
            "eps_4q_growth_year": 34.24,
            "roe": 0.36,
            "roe_4q": 1.95,
            "gross_profit": 13475,
            "gross_margin": 11.03,
            "gross_margin_4q_avg": 12.77,
            "net_income": 2985,
            "revenue": 122197,
            "common_shares": 465922,
            "book_valuer_per_share": 18.18,
            "book_valuer_per_share_4q_avg": 17.9,
            "equity": 846862,
            "current_ratio": 258.21,
            "debt_ratio": 13.21,
            "inventory_turnover_ratio": 1.89,
            "account_receivable_turnover_ratio": 1.09,
            "reinvestment_rate": -227.82,
            "research_to_sale_ratio": 0.29,
            "price_fair": 18.81,
            "eps_avg_yearly": 0.54,
            "eps_latest_yearly": 0.24,
            "eps_growth_yearly": 75.67
        },
        "20192": {
            "year_quarter": 20192,
            "year": 2019,
            "quarter": 2,
            "eps": 0.03,
            "eps_growth_year": -25,
            "eps_4q": 0.34,
            "eps_4q_growth_year": 28.45,
            "roe": 0.16,
            "roe_4q": 1.88,
            "gross_profit": 15369,
            "gross_margin": 12.33,
            "gross_margin_4q_avg": 12.53,
            "net_income": 1346,
            "revenue": 124621,
            "common_shares": 465922,
            "book_valuer_per_share": 18.28,
            "book_valuer_per_share_4q_avg": 18.06,
            "equity": 851599,
            "current_ratio": 242.61,
            "debt_ratio": 14.19,
            "inventory_turnover_ratio": 1.93,
            "account_receivable_turnover_ratio": 1.31,
            "reinvestment_rate": -245.03,
            "research_to_sale_ratio": 0.26,
            "price_fair": 17.15,
            "eps_avg_yearly": 0.49,
            "eps_latest_yearly": 0.12,
            "eps_growth_yearly": 57.61
        },
        "20193": {
            "year_quarter": 20193,
            "year": 2019,
            "quarter": 3,
            "eps": 0.3,
            "eps_growth_year": 100,
            "eps_4q": 0.48,
            "eps_4q_growth_year": 64.85,
            "roe": 1.62,
            "roe_4q": 2.63,
            "gross_profit": 20610,
            "gross_margin": 15.57,
            "gross_margin_4q_avg": 13.45,
            "net_income": 13767,
            "revenue": 132335,
            "common_shares": 465922,
            "book_valuer_per_share": 18.28,
            "book_valuer_per_share_4q_avg": 18.14,
            "equity": 851808,
            "current_ratio": 278.71,
            "debt_ratio": 13.48,
            "inventory_turnover_ratio": 1.89,
            "account_receivable_turnover_ratio": 1.29,
            "reinvestment_rate": -195.33,
            "research_to_sale_ratio": 0.22,
            "price_fair": 17.68,
            "eps_avg_yearly": 0.51,
            "eps_latest_yearly": 1.2,
            "eps_growth_yearly": 280.34
        },
        "20194": {
            "year_quarter": 20194,
            "year": 2019,
            "quarter": 4,
            "eps": 0.11,
            "eps_growth_year": 28.23,
            "eps_4q": 0.5,
            "eps_4q_growth_year": 59.82,
            "roe": 0.61,
            "roe_4q": 2.75,
            "gross_profit": 24434,
            "gross_margin": 15.28,
            "gross_margin_4q_avg": 13.55,
            "net_income": 5256,
            "revenue": 159911,
            "common_shares": 465922,
            "book_valuer_per_share": 18.76,
            "book_valuer_per_share_4q_avg": 18.38,
            "equity": 874084,
            "current_ratio": 277.66,
            "debt_ratio": 15.36,
            "inventory_turnover_ratio": 2.12,
            "account_receivable_turnover_ratio": 1.45,
            "reinvestment_rate": -126.71,
            "research_to_sale_ratio": 0.19,
            "price_fair": 16.8,
            "eps_avg_yearly": 0.48,
            "eps_latest_yearly": 0.44,
            "eps_growth_yearly": 267.63
        },
        "20201": {
            "year_quarter": 20201,
            "year": 2020,
            "quarter": 1,
            "eps": 0.06,
            "eps_growth_year": 0,
            "eps_4q": 0.49,
            "eps_4q_growth_year": 42.6,
            "roe": 0.31,
            "roe_4q": 2.7,
            "gross_profit": 20756,
            "gross_margin": 15.91,
            "gross_margin_4q_avg": 14.77,
            "net_income": 2673,
            "revenue": 130496,
            "common_shares": 465922,
            "book_valuer_per_share": 18.18,
            "book_valuer_per_share_4q_avg": 18.38,
            "equity": 847043,
            "current_ratio": 296.91,
            "debt_ratio": 13.65,
            "inventory_turnover_ratio": 1.71,
            "account_receivable_turnover_ratio": 1.23,
            "reinvestment_rate": -64.02,
            "research_to_sale_ratio": 0.2,
            "price_fair": 15.31,
            "eps_avg_yearly": 0.44,
            "eps_latest_yearly": 0.24,
            "eps_growth_yearly": 253.89
        },
        "20202": {
            "year_quarter": 20202,
            "year": 2020,
            "quarter": 2,
            "eps": 0.14,
            "eps_growth_year": 366.67,
            "eps_4q": 0.61,
            "eps_4q_growth_year": 80.88,
            "roe": 0.78,
            "roe_4q": 3.3200000000000003,
            "gross_profit": 16947,
            "gross_margin": 13.18,
            "gross_margin_4q_avg": 14.99,
            "net_income": 6558,
            "revenue": 128609,
            "common_shares": 465922,
            "book_valuer_per_share": 17.98,
            "book_valuer_per_share_4q_avg": 18.3,
            "equity": 837672,
            "current_ratio": 251.54,
            "debt_ratio": 15.67,
            "inventory_turnover_ratio": 1.8,
            "account_receivable_turnover_ratio": 1.37,
            "reinvestment_rate": -155.63,
            "research_to_sale_ratio": 0.3,
            "price_fair": 13.65,
            "eps_avg_yearly": 0.39,
            "eps_latest_yearly": 0.56,
            "eps_growth_yearly": 276.35
        },
        "20203": {
            "year_quarter": 20203,
            "year": 2020,
            "quarter": 3,
            "eps": 0.16,
            "eps_growth_year": -46.67,
            "eps_4q": 0.47,
            "eps_4q_growth_year": -0.38,
            "roe": 0.91,
            "roe_4q": 2.61,
            "gross_profit": 20309,
            "gross_margin": 14.88,
            "gross_margin_4q_avg": 14.81,
            "net_income": 7625,
            "revenue": 136505,
            "common_shares": 465922,
            "book_valuer_per_share": 17.91,
            "book_valuer_per_share_4q_avg": 18.21,
            "equity": 834244,
            "current_ratio": 251.73,
            "debt_ratio": 13.93,
            "inventory_turnover_ratio": 1.8,
            "account_receivable_turnover_ratio": 1.44,
            "reinvestment_rate": -269.32,
            "research_to_sale_ratio": 0.47,
            "price_fair": 14,
            "eps_avg_yearly": 0.4,
            "eps_latest_yearly": 0.64,
            "eps_growth_yearly": 295.83
        },
        "20204": {
            "year_quarter": 20204,
            "year": 2020,
            "quarter": 4,
            "eps": 0.06,
            "eps_growth_year": -50.11,
            "eps_4q": 0.42,
            "eps_4q_growth_year": -16.6,
            "roe": 0.31,
            "roe_4q": 2.31,
            "gross_profit": 26408,
            "gross_margin": 16.25,
            "gross_margin_4q_avg": 15.06,
            "net_income": 2622,
            "revenue": 162502,
            "common_shares": 465922,
            "book_valuer_per_share": 18.26,
            "book_valuer_per_share_4q_avg": 18.08,
            "equity": 851004,
            "current_ratio": 213.66,
            "debt_ratio": 15.95,
            "inventory_turnover_ratio": 1.92,
            "account_receivable_turnover_ratio": 1.55,
            "reinvestment_rate": -387.9,
            "research_to_sale_ratio": 0.35,
            "price_fair": 13.21,
            "eps_avg_yearly": 0.38,
            "eps_latest_yearly": 0.24,
            "eps_growth_yearly": 273.95
        },
        "20211": {
            "year_quarter": 20211,
            "year": 2021,
            "quarter": 1,
            "eps": 0.02,
            "eps_growth_year": -66.67,
            "eps_4q": 0.38,
            "eps_4q_growth_year": -23.05,
            "roe": 0.11,
            "roe_4q": 2.1100000000000003,
            "gross_profit": 19371,
            "gross_margin": 15.21,
            "gross_margin_4q_avg": 14.88,
            "net_income": 925,
            "revenue": 127354,
            "common_shares": 465922,
            "book_valuer_per_share": 18.69,
            "book_valuer_per_share_4q_avg": 18.21,
            "equity": 870984,
            "current_ratio": 263.92,
            "debt_ratio": 12.51,
            "inventory_turnover_ratio": 1.49,
            "account_receivable_turnover_ratio": 1.35,
            "reinvestment_rate": -502.5,
            "research_to_sale_ratio": 0.23,
            "price_fair": 12.95,
            "eps_avg_yearly": 0.37,
            "eps_latest_yearly": 0.08,
            "eps_growth_yearly": 273.95
        },
        "20212": {
            "year_quarter": 20212,
            "year": 2021,
            "quarter": 2,
            "eps": -0.09,
            "eps_growth_year": -164.29,
            "eps_4q": 0.15,
            "eps_4q_growth_year": -75.47,
            "roe": -0.48,
            "roe_4q": 0.8500000000000001,
            "gross_profit": 16501,
            "gross_margin": 14.23,
            "gross_margin_4q_avg": 15.14,
            "net_income": -4240,
            "revenue": 115929,
            "common_shares": 465922,
            "book_valuer_per_share": 18.91,
            "book_valuer_per_share_4q_avg": 18.44,
            "equity": 880827,
            "current_ratio": 255.39,
            "debt_ratio": 12.1,
            "inventory_turnover_ratio": 1.36,
            "account_receivable_turnover_ratio": 1.48,
            "reinvestment_rate": -520.02,
            "research_to_sale_ratio": 0.33,
            "price_fair": 13.44,
            "eps_avg_yearly": 0.38,
            "eps_latest_yearly": 0.08,
            "eps_growth_yearly": 297.55
        },
        "20213": {
            "year_quarter": 20213,
            "year": 2021,
            "quarter": 3,
            "eps": 0.36,
            "eps_growth_year": 125,
            "eps_4q": 0.34,
            "eps_4q_growth_year": -27.34,
            "roe": 1.91,
            "roe_4q": 1.85,
            "gross_profit": 19986,
            "gross_margin": 15.33,
            "gross_margin_4q_avg": 15.26,
            "net_income": 16760,
            "revenue": 130365,
            "common_shares": 465922,
            "book_valuer_per_share": 18.85,
            "book_valuer_per_share_4q_avg": 18.68,
            "equity": 878115,
            "current_ratio": 269.64,
            "debt_ratio": 13.61,
            "inventory_turnover_ratio": 1.43,
            "account_receivable_turnover_ratio": 1.57,
            "reinvestment_rate": -330.16,
            "research_to_sale_ratio": 0.45,
            "price_fair": 13.1,
            "eps_avg_yearly": 0.37,
            "eps_latest_yearly": 0.08,
            "eps_growth_yearly": 254.52
        },
        "20214": {
            "year_quarter": 20214,
            "year": 2021,
            "quarter": 4,
            "eps": 0.03,
            "eps_growth_year": -54.5,
            "eps_4q": 0.31,
            "eps_4q_growth_year": -24.85,
            "roe": 0.13,
            "roe_4q": 1.6700000000000002,
            "gross_profit": 23685,
            "gross_margin": 15.9,
            "gross_margin_4q_avg": 15.17,
            "net_income": 1193,
            "revenue": 148927,
            "common_shares": 465922,
            "book_valuer_per_share": 19.58,
            "book_valuer_per_share_4q_avg": 19.01,
            "equity": 912447,
            "current_ratio": 274.75,
            "debt_ratio": 16.09,
            "inventory_turnover_ratio": 1.48,
            "account_receivable_turnover_ratio": 1.56,
            "reinvestment_rate": -250.93,
            "research_to_sale_ratio": 0.33,
            "price_fair": 12.8,
            "eps_avg_yearly": 0.37,
            "eps_latest_yearly": 0.12,
            "eps_growth_yearly": 243.71
        },
        "20221": {
            "year_quarter": 20221,
            "year": 2022,
            "quarter": 1,
            "eps": 0.39,
            "eps_growth_year": 1850,
            "eps_4q": 0.69,
            "eps_4q_growth_year": 80.11,
            "roe": 1.46,
            "roe_4q": 3.02,
            "gross_profit": 14761,
            "gross_margin": 10.56,
            "gross_margin_4q_avg": 14.01,
            "net_income": 13863,
            "revenue": 139717,
            "common_shares": 465922,
            "book_valuer_per_share": 20.84,
            "book_valuer_per_share_4q_avg": 19.55,
            "equity": 985945,
            "current_ratio": 226.36,
            "debt_ratio": 25.02,
            "inventory_turnover_ratio": 1.36,
            "account_receivable_turnover_ratio": 1.48,
            "reinvestment_rate": 76.13,
            "research_to_sale_ratio": 0.28,
            "price_fair": 16.4,
            "eps_avg_yearly": 0.47,
            "eps_latest_yearly": 1.56,
            "eps_growth_yearly": 600.86
        },
        "20222": {
            "year_quarter": 20222,
            "year": 2022,
            "quarter": 2,
            "eps": -0.08,
            "eps_growth_year": null,
            "eps_4q": 0.69,
            "eps_4q_growth_year": 366.66,
            "roe": -0.58,
            "roe_4q": 2.92,
            "gross_profit": 16520,
            "gross_margin": 10.78,
            "gross_margin_4q_avg": 13.14,
            "net_income": -5547,
            "revenue": 153241,
            "common_shares": 465922,
            "book_valuer_per_share": 19.56,
            "book_valuer_per_share_4q_avg": 19.71,
            "equity": 930255,
            "current_ratio": 215.41,
            "debt_ratio": 26.08,
            "inventory_turnover_ratio": 1.4,
            "account_receivable_turnover_ratio": 1.68,
            "reinvestment_rate": 76.86,
            "research_to_sale_ratio": 0.27,
            "price_fair": 17.23,
            "eps_avg_yearly": 0.49,
            "eps_latest_yearly": 1.56,
            "eps_growth_yearly": 636.82
        },
        "20223": {
            "year_quarter": 20223,
            "year": 2022,
            "quarter": 3,
            "eps": 0.31,
            "eps_growth_year": -13.89,
            "eps_4q": 0.64,
            "eps_4q_growth_year": 86.56,
            "roe": 1.39,
            "roe_4q": 2.4,
            "gross_profit": 18627,
            "gross_margin": 11.31,
            "gross_margin_4q_avg": 12.14,
            "net_income": 13085,
            "revenue": 164631,
            "common_shares": 465922,
            "book_valuer_per_share": 19.99,
            "book_valuer_per_share_4q_avg": 19.99,
            "equity": 949282,
            "current_ratio": 240.5,
            "debt_ratio": 23.56,
            "inventory_turnover_ratio": 1.4,
            "account_receivable_turnover_ratio": 1.64,
            "reinvestment_rate": 75.64,
            "research_to_sale_ratio": 0.25,
            "price_fair": 16.92,
            "eps_avg_yearly": 0.48,
            "eps_latest_yearly": 1.56,
            "eps_growth_yearly": 598.22
        },
        "20224": {
            "year_quarter": 20224,
            "year": 2022,
            "quarter": 4,
            "eps": -0.11,
            "eps_growth_year": -515.51,
            "eps_4q": 0.51,
            "eps_4q_growth_year": 62.76,
            "roe": -0.62,
            "roe_4q": 1.65,
            "gross_profit": 24570,
            "gross_margin": 12.44,
            "gross_margin_4q_avg": 11.27,
            "net_income": -5839,
            "revenue": 197536,
            "common_shares": 465922,
            "book_valuer_per_share": 19.82,
            "book_valuer_per_share_4q_avg": 20.05,
            "equity": 940257,
            "current_ratio": 190.18,
            "debt_ratio": 24.42,
            "inventory_turnover_ratio": 1.62,
            "account_receivable_turnover_ratio": 1.59,
            "reinvestment_rate": 82.84,
            "research_to_sale_ratio": 0.26,
            "price_fair": 17.31,
            "eps_avg_yearly": 0.49,
            "eps_latest_yearly": 1.56,
            "eps_growth_yearly": 667.15
        },
        "20231": {
            "year_quarter": 20231,
            "year": 2023,
            "quarter": 1,
            "eps": -0.17,
            "eps_growth_year": -143.59,
            "eps_4q": -0.05,
            "eps_4q_growth_year": -107.61,
            "roe": -0.94,
            "roe_4q": -0.7500000000000001,
            "gross_profit": 14861,
            "gross_margin": 8.47,
            "gross_margin_4q_avg": 10.75,
            "net_income": -8827,
            "revenue": 175394,
            "common_shares": 465922,
            "book_valuer_per_share": 19.77,
            "book_valuer_per_share_4q_avg": 19.79,
            "equity": 937085,
            "current_ratio": 202.05,
            "debt_ratio": 20.32,
            "inventory_turnover_ratio": 1.83,
            "account_receivable_turnover_ratio": 1.36,
            "reinvestment_rate": 86.21,
            "research_to_sale_ratio": 0.23,
            "price_fair": 18.2,
            "eps_avg_yearly": 0.52,
            "eps_latest_yearly": 1.56,
            "eps_growth_yearly": 747.2
        },
        "20232": {
            "year_quarter": 20232,
            "year": 2023,
            "quarter": 2,
            "eps": -0.02,
            "eps_growth_year": null,
            "eps_4q": 0.01,
            "eps_4q_growth_year": -98.45,
            "roe": -0.17,
            "roe_4q": -0.3400000000000001,
            "gross_profit": 16547,
            "gross_margin": 10.76,
            "gross_margin_4q_avg": 10.75,
            "net_income": -1608,
            "revenue": 153805,
            "common_shares": 465922,
            "book_valuer_per_share": 19.71,
            "book_valuer_per_share_4q_avg": 19.82,
            "equity": 933728,
            "current_ratio": 177.14,
            "debt_ratio": 20.99,
            "inventory_turnover_ratio": 2.25,
            "account_receivable_turnover_ratio": 1.37,
            "reinvestment_rate": 86.82,
            "research_to_sale_ratio": 0.25,
            "price_fair": 19.76,
            "eps_avg_yearly": 0.56,
            "eps_latest_yearly": 1.56,
            "eps_growth_yearly": 852.44
        }
    },
    "months": {
        "2001-06": {
            "month": "2001-06",
            "price": "9.95",
            "revenue": 66898
        },
        "2001-07": {
            "month": "2001-07",
            "price": "8.90",
            "revenue": 69879
        },
        "2001-08": {
            "month": "2001-08",
            "price": "8.77",
            "revenue": 50835
        },
        "2001-09": {
            "month": "2001-09",
            "price": "8.82",
            "revenue": 42735
        },
        "2001-10": {
            "month": "2001-10",
            "price": "7.75",
            "revenue": 46929
        },
        "2001-11": {
            "month": "2001-11",
            "price": "6.91",
            "revenue": 51980
        },
        "2001-12": {
            "month": "2001-12",
            "price": "7.16",
            "revenue": 58474
        },
        "2002-01": {
            "month": "2002-01",
            "price": "7.35",
            "revenue": 56955
        },
        "2002-02": {
            "month": "2002-02",
            "price": "7.45",
            "revenue": 42312
        },
        "2002-03": {
            "month": "2002-03",
            "price": "7.61",
            "revenue": 43939
        },
        "2002-04": {
            "month": "2002-04",
            "price": "8.33",
            "revenue": 58794
        },
        "2002-05": {
            "month": "2002-05",
            "price": "8.09",
            "revenue": 61692
        },
        "2002-06": {
            "month": "2002-06",
            "price": "8.07",
            "revenue": 72271
        },
        "2002-07": {
            "month": "2002-07",
            "price": "7.86",
            "revenue": 45666
        },
        "2002-08": {
            "month": "2002-08",
            "price": "7.90",
            "revenue": 60138
        },
        "2002-09": {
            "month": "2002-09",
            "price": "7.62",
            "revenue": 59790
        },
        "2002-10": {
            "month": "2002-10",
            "price": "7.51",
            "revenue": 68707
        },
        "2002-11": {
            "month": "2002-11",
            "price": "6.94",
            "revenue": 67112
        },
        "2002-12": {
            "month": "2002-12",
            "price": "6.80",
            "revenue": 73624
        },
        "2003-01": {
            "month": "2003-01",
            "price": "6.74",
            "revenue": 80235
        },
        "2003-02": {
            "month": "2003-02",
            "price": "6.90",
            "revenue": 66382
        },
        "2003-03": {
            "month": "2003-03",
            "price": "6.94",
            "revenue": 77252
        },
        "2003-04": {
            "month": "2003-04",
            "price": "7.93",
            "revenue": 79903
        },
        "2003-05": {
            "month": "2003-05",
            "price": "7.60",
            "revenue": 75131
        },
        "2003-06": {
            "month": "2003-06",
            "price": "7.36",
            "revenue": 72704
        },
        "2003-07": {
            "month": "2003-07",
            "price": "7.88",
            "revenue": 67529
        },
        "2003-08": {
            "month": "2003-08",
            "price": "8.16",
            "revenue": 72966
        },
        "2003-09": {
            "month": "2003-09",
            "price": "7.84",
            "revenue": 69509
        },
        "2003-10": {
            "month": "2003-10",
            "price": "7.81",
            "revenue": 68204
        },
        "2003-11": {
            "month": "2003-11",
            "price": "7.76",
            "revenue": 80398
        },
        "2003-12": {
            "month": "2003-12",
            "price": "7.83",
            "revenue": 78801
        },
        "2004-01": {
            "month": "2004-01",
            "price": "8.05",
            "revenue": 67906
        },
        "2004-02": {
            "month": "2004-02",
            "price": "9.84",
            "revenue": 63147
        },
        "2004-03": {
            "month": "2004-03",
            "price": "9.55",
            "revenue": 67297
        },
        "2004-04": {
            "month": "2004-04",
            "price": "9.18",
            "revenue": 100506
        },
        "2004-05": {
            "month": "2004-05",
            "price": "8.35",
            "revenue": 58911
        },
        "2004-06": {
            "month": "2004-06",
            "price": "8.47",
            "revenue": 68659
        },
        "2004-07": {
            "month": "2004-07",
            "price": "8.57",
            "revenue": 73063
        },
        "2004-08": {
            "month": "2004-08",
            "price": "8.14",
            "revenue": 70583
        },
        "2004-09": {
            "month": "2004-09",
            "price": "7.56",
            "revenue": 77602
        },
        "2004-10": {
            "month": "2004-10",
            "price": "7.33",
            "revenue": 70084
        },
        "2004-11": {
            "month": "2004-11",
            "price": "7.41",
            "revenue": 76139
        },
        "2004-12": {
            "month": "2004-12",
            "price": "7.46",
            "revenue": 85472
        },
        "2005-01": {
            "month": "2005-01",
            "price": "7.58",
            "revenue": 101953
        },
        "2005-02": {
            "month": "2005-02",
            "price": "7.66",
            "revenue": 82197
        },
        "2005-03": {
            "month": "2005-03",
            "price": "7.68",
            "revenue": 80140
        },
        "2005-04": {
            "month": "2005-04",
            "price": "7.79",
            "revenue": 74899
        },
        "2005-05": {
            "month": "2005-05",
            "price": "7.80",
            "revenue": 77195
        },
        "2005-06": {
            "month": "2005-06",
            "price": "7.90",
            "revenue": 74580
        },
        "2005-07": {
            "month": "2005-07",
            "price": "7.94",
            "revenue": 62349
        },
        "2005-08": {
            "month": "2005-08",
            "price": "8.00",
            "revenue": 69999
        },
        "2005-09": {
            "month": "2005-09",
            "price": "7.85",
            "revenue": 61396
        },
        "2005-10": {
            "month": "2005-10",
            "price": "7.90",
            "revenue": 71536
        },
        "2005-11": {
            "month": "2005-11",
            "price": "8.03",
            "revenue": 95075
        },
        "2005-12": {
            "month": "2005-12",
            "price": "8.99",
            "revenue": 82533
        },
        "2006-01": {
            "month": "2006-01",
            "price": "9.58",
            "revenue": 87146
        },
        "2006-02": {
            "month": "2006-02",
            "price": "9.58",
            "revenue": 68803
        },
        "2006-03": {
            "month": "2006-03",
            "price": "9.38",
            "revenue": 67763
        },
        "2006-04": {
            "month": "2006-04",
            "price": "9.66",
            "revenue": 63815
        },
        "2006-05": {
            "month": "2006-05",
            "price": "10.05",
            "revenue": 62767
        },
        "2006-06": {
            "month": "2006-06",
            "price": "10.05",
            "revenue": 90041
        },
        "2006-07": {
            "month": "2006-07",
            "price": "8.99",
            "revenue": 80117
        },
        "2006-08": {
            "month": "2006-08",
            "price": "8.97",
            "revenue": 70408
        },
        "2006-09": {
            "month": "2006-09",
            "price": "9.64",
            "revenue": 76598
        },
        "2006-10": {
            "month": "2006-10",
            "price": "10.13",
            "revenue": 98007
        },
        "2006-11": {
            "month": "2006-11",
            "price": "10.26",
            "revenue": 85485
        },
        "2006-12": {
            "month": "2006-12",
            "price": "10.22",
            "revenue": 75720
        },
        "2007-01": {
            "month": "2007-01",
            "price": "10.02",
            "revenue": 80109
        },
        "2007-02": {
            "month": "2007-02",
            "price": "10.02",
            "revenue": 66385
        },
        "2007-03": {
            "month": "2007-03",
            "price": "10.75",
            "revenue": 69065
        },
        "2007-04": {
            "month": "2007-04",
            "price": "11.11",
            "revenue": 74626
        },
        "2007-05": {
            "month": "2007-05",
            "price": "10.85",
            "revenue": 83002
        },
        "2007-06": {
            "month": "2007-06",
            "price": "11.65",
            "revenue": 66058
        },
        "2007-07": {
            "month": "2007-07",
            "price": "12.50",
            "revenue": 78463
        },
        "2007-08": {
            "month": "2007-08",
            "price": "11.95",
            "revenue": 73848
        },
        "2007-09": {
            "month": "2007-09",
            "price": "11.34",
            "revenue": 72452
        },
        "2007-10": {
            "month": "2007-10",
            "price": "12.06",
            "revenue": 72540
        },
        "2007-11": {
            "month": "2007-11",
            "price": "12.50",
            "revenue": 83967
        },
        "2007-12": {
            "month": "2007-12",
            "price": "12.37",
            "revenue": 81576
        },
        "2008-01": {
            "month": "2008-01",
            "price": "11.81",
            "revenue": 71958
        },
        "2008-03": {
            "month": "2008-03",
            "price": "11.88",
            "revenue": 56632
        },
        "2008-04": {
            "month": "2008-04",
            "price": "12.22",
            "revenue": 61817
        },
        "2008-05": {
            "month": "2008-05",
            "price": "12.46",
            "revenue": 50646
        },
        "2008-06": {
            "month": "2008-06",
            "price": "12.55",
            "revenue": 58388
        },
        "2008-07": {
            "month": "2008-07",
            "price": "11.28",
            "revenue": 74825
        },
        "2008-08": {
            "month": "2008-08",
            "price": "10.44",
            "revenue": 65299
        },
        "2008-09": {
            "month": "2008-09",
            "price": "10.02",
            "revenue": 57844
        },
        "2008-10": {
            "month": "2008-10",
            "price": "10.44",
            "revenue": 65889
        },
        "2008-11": {
            "month": "2008-11",
            "price": "10.55",
            "revenue": 82487
        },
        "2008-12": {
            "month": "2008-12",
            "price": "9.77",
            "revenue": 73227
        },
        "2009-01": {
            "month": "2009-01",
            "price": "9.68",
            "revenue": 60787
        },
        "2009-02": {
            "month": "2009-02",
            "price": "10.20",
            "revenue": 46964
        },
        "2009-03": {
            "month": "2009-03",
            "price": "10.37",
            "revenue": 63243
        },
        "2009-04": {
            "month": "2009-04",
            "price": "9.45",
            "revenue": 62942
        },
        "2009-05": {
            "month": "2009-05",
            "price": "9.48",
            "revenue": 68548
        },
        "2009-06": {
            "month": "2009-06",
            "price": "9.54",
            "revenue": 69710
        },
        "2009-07": {
            "month": "2009-07",
            "price": "9.58",
            "revenue": 69372
        },
        "2009-08": {
            "month": "2009-08",
            "price": "9.34",
            "revenue": 58058
        },
        "2009-09": {
            "month": "2009-09",
            "price": "9.83",
            "revenue": 65181
        },
        "2009-10": {
            "month": "2009-10",
            "price": "10.08",
            "revenue": 70010
        },
        "2009-11": {
            "month": "2009-11",
            "price": "10.26",
            "revenue": 90248
        },
        "2009-12": {
            "month": "2009-12",
            "price": "10.77",
            "revenue": 111721
        },
        "2010-01": {
            "month": "2010-01",
            "price": "12.08",
            "revenue": 91206
        },
        "2010-02": {
            "month": "2010-02",
            "price": "12.00",
            "revenue": 53722
        },
        "2010-03": {
            "month": "2010-03",
            "price": "12.53",
            "revenue": 70968
        },
        "2010-04": {
            "month": "2010-04",
            "price": "12.84",
            "revenue": 87242
        },
        "2010-05": {
            "month": "2010-05",
            "price": "13.23",
            "revenue": 89762
        },
        "2010-06": {
            "month": "2010-06",
            "price": "12.66",
            "revenue": 86278
        },
        "2010-07": {
            "month": "2010-07",
            "price": "12.66",
            "revenue": 78869
        },
        "2010-08": {
            "month": "2010-08",
            "price": "14.12",
            "revenue": 77861
        },
        "2010-09": {
            "month": "2010-09",
            "price": "13.53",
            "revenue": 79932
        },
        "2010-10": {
            "month": "2010-10",
            "price": "14.07",
            "revenue": 87650
        },
        "2010-11": {
            "month": "2010-11",
            "price": "14.13",
            "revenue": 86734
        },
        "2010-12": {
            "month": "2010-12",
            "price": "14.00",
            "revenue": 86106
        },
        "2011-01": {
            "month": "2011-01",
            "price": "13.99",
            "revenue": 69301
        },
        "2011-02": {
            "month": "2011-02",
            "price": "14.08",
            "revenue": 53411
        },
        "2011-03": {
            "month": "2011-03",
            "price": "14.96",
            "revenue": 66066
        },
        "2011-04": {
            "month": "2011-04",
            "price": "14.61",
            "revenue": 70287
        },
        "2011-05": {
            "month": "2011-05",
            "price": "14.46",
            "revenue": 67236
        },
        "2011-06": {
            "month": "2011-06",
            "price": "14.28",
            "revenue": 64655
        },
        "2011-07": {
            "month": "2011-07",
            "price": "13.57",
            "revenue": 67633
        },
        "2011-08": {
            "month": "2011-08",
            "price": "12.65",
            "revenue": 72426
        },
        "2011-09": {
            "month": "2011-09",
            "price": "12.86",
            "revenue": 67281
        },
        "2011-10": {
            "month": "2011-10",
            "price": "13.27",
            "revenue": 70924
        },
        "2011-11": {
            "month": "2011-11",
            "price": "13.82",
            "revenue": 90026
        },
        "2011-12": {
            "month": "2011-12",
            "price": "13.91",
            "revenue": 77693
        },
        "2012-01": {
            "month": "2012-01",
            "price": "14.00",
            "revenue": 67145
        },
        "2012-02": {
            "month": "2012-02",
            "price": "14.73",
            "revenue": 56353
        },
        "2012-03": {
            "month": "2012-03",
            "price": "15.80",
            "revenue": 65023
        },
        "2012-04": {
            "month": "2012-04",
            "price": "15.10",
            "revenue": 65976
        },
        "2012-05": {
            "month": "2012-05",
            "price": "15.50",
            "revenue": 59969
        },
        "2012-06": {
            "month": "2012-06",
            "price": "15.28",
            "revenue": 78638
        },
        "2012-07": {
            "month": "2012-07",
            "price": "16.10",
            "revenue": 67908
        },
        "2012-08": {
            "month": "2012-08",
            "price": "16.28",
            "revenue": 63070
        },
        "2012-09": {
            "month": "2012-09",
            "price": "16.42",
            "revenue": 73616
        },
        "2012-10": {
            "month": "2012-10",
            "price": "16.44",
            "revenue": 71255
        },
        "2012-11": {
            "month": "2012-11",
            "price": "17.87",
            "revenue": 76800
        },
        "2012-12": {
            "month": "2012-12",
            "price": "18.20",
            "revenue": 72757
        },
        "2013-01": {
            "month": "2013-01",
            "price": "18.97",
            "revenue": 66220
        },
        "2013-02": {
            "month": "2013-02",
            "price": "18.21",
            "revenue": 52333
        },
        "2013-03": {
            "month": "2013-03",
            "price": "18.03",
            "revenue": 62248
        },
        "2013-04": {
            "month": "2013-04",
            "price": "18.34",
            "revenue": 64973
        },
        "2013-05": {
            "month": "2013-05",
            "price": "18.06",
            "revenue": 57809
        },
        "2013-06": {
            "month": "2013-06",
            "price": "17.62",
            "revenue": 61628
        },
        "2013-07": {
            "month": "2013-07",
            "price": "16.66",
            "revenue": 62158
        },
        "2013-08": {
            "month": "2013-08",
            "price": "16.81",
            "revenue": 63393
        },
        "2013-09": {
            "month": "2013-09",
            "price": "17.18",
            "revenue": 61673
        },
        "2013-10": {
            "month": "2013-10",
            "price": "19.76",
            "revenue": 71726
        },
        "2013-11": {
            "month": "2013-11",
            "price": "19.13",
            "revenue": 76936
        },
        "2013-12": {
            "month": "2013-12",
            "price": "18.04",
            "revenue": 75067
        },
        "2014-01": {
            "month": "2014-01",
            "price": "18.98",
            "revenue": 62072
        },
        "2014-02": {
            "month": "2014-02",
            "price": "20.42",
            "revenue": 47344
        },
        "2014-03": {
            "month": "2014-03",
            "price": "21.08",
            "revenue": 57238
        },
        "2014-04": {
            "month": "2014-04",
            "price": "21.12",
            "revenue": 60899
        },
        "2014-05": {
            "month": "2014-05",
            "price": "21.26",
            "revenue": 55395
        },
        "2014-06": {
            "month": "2014-06",
            "price": "21.24",
            "revenue": 59069
        },
        "2014-07": {
            "month": "2014-07",
            "price": "21.78",
            "revenue": 67392
        },
        "2014-08": {
            "month": "2014-08",
            "price": "21.56",
            "revenue": 53948
        },
        "2014-09": {
            "month": "2014-09",
            "price": "21.58",
            "revenue": 51890
        },
        "2014-10": {
            "month": "2014-10",
            "price": "20.98",
            "revenue": 67845
        },
        "2014-11": {
            "month": "2014-11",
            "price": "20.50",
            "revenue": 72105
        },
        "2014-12": {
            "month": "2014-12",
            "price": "20.20",
            "revenue": 66311
        },
        "2015-01": {
            "month": "2015-01",
            "price": "19.52",
            "revenue": 56889
        },
        "2015-02": {
            "month": "2015-02",
            "price": "18.90",
            "revenue": 55936
        },
        "2015-03": {
            "month": "2015-03",
            "price": "19.41",
            "revenue": 57537
        },
        "2015-04": {
            "month": "2015-04",
            "price": "19.68",
            "revenue": 56879
        },
        "2015-05": {
            "month": "2015-05",
            "price": "19.57",
            "revenue": 56795
        },
        "2015-06": {
            "month": "2015-06",
            "price": "19.38",
            "revenue": 65033
        },
        "2015-07": {
            "month": "2015-07",
            "price": "18.74",
            "revenue": 65118
        },
        "2015-08": {
            "month": "2015-08",
            "price": "17.73",
            "revenue": 57229
        },
        "2015-09": {
            "month": "2015-09",
            "price": "17.30",
            "revenue": 61349
        },
        "2015-10": {
            "month": "2015-10",
            "price": "17.59",
            "revenue": 61517
        },
        "2015-11": {
            "month": "2015-11",
            "price": "16.35",
            "revenue": 67506
        },
        "2015-12": {
            "month": "2015-12",
            "price": "16.43",
            "revenue": 62615
        },
        "2016-01": {
            "month": "2016-01",
            "price": "15.06",
            "revenue": 52462
        },
        "2016-02": {
            "month": "2016-02",
            "price": "17.19",
            "revenue": 45225
        },
        "2016-03": {
            "month": "2016-03",
            "price": "18.12",
            "revenue": 52707
        },
        "2016-04": {
            "month": "2016-04",
            "price": "17.80",
            "revenue": 52057
        },
        "2016-05": {
            "month": "2016-05",
            "price": "17.25",
            "revenue": 55392
        },
        "2016-06": {
            "month": "2016-06",
            "price": "17.72",
            "revenue": 44114
        },
        "2016-07": {
            "month": "2016-07",
            "price": "17.83",
            "revenue": 50610
        },
        "2016-08": {
            "month": "2016-08",
            "price": "18.35",
            "revenue": 37759
        },
        "2016-09": {
            "month": "2016-09",
            "price": "17.54",
            "revenue": 50204
        },
        "2016-10": {
            "month": "2016-10",
            "price": "16.55",
            "revenue": 52417
        },
        "2016-11": {
            "month": "2016-11",
            "price": "16.10",
            "revenue": 53208
        },
        "2016-12": {
            "month": "2016-12",
            "price": "15.58",
            "revenue": 52505
        },
        "2017-01": {
            "month": "2017-01",
            "price": "15.42",
            "revenue": 44237
        },
        "2017-02": {
            "month": "2017-02",
            "price": "15.52",
            "revenue": 35387
        },
        "2017-03": {
            "month": "2017-03",
            "price": "15.62",
            "revenue": 40238
        },
        "2017-04": {
            "month": "2017-04",
            "price": "15.73",
            "revenue": 40705
        },
        "2017-05": {
            "month": "2017-05",
            "price": "15.20",
            "revenue": 41142
        },
        "2017-06": {
            "month": "2017-06",
            "price": "15.00",
            "revenue": 40574
        },
        "2017-07": {
            "month": "2017-07",
            "price": "14.67",
            "revenue": 46811
        },
        "2017-08": {
            "month": "2017-08",
            "price": "13.41",
            "revenue": 41622
        },
        "2017-09": {
            "month": "2017-09",
            "price": "13.50",
            "revenue": 46834
        },
        "2017-10": {
            "month": "2017-10",
            "price": "13.52",
            "revenue": 52054
        },
        "2017-11": {
            "month": "2017-11",
            "price": "13.04",
            "revenue": 63058
        },
        "2017-12": {
            "month": "2017-12",
            "price": "13.40",
            "revenue": 50349
        },
        "2018-01": {
            "month": "2018-01",
            "price": "13.08",
            "revenue": 43044
        },
        "2018-02": {
            "month": "2018-02",
            "price": "13.32",
            "revenue": 34569
        },
        "2018-03": {
            "month": "2018-03",
            "price": "13.10",
            "revenue": 37876
        },
        "2018-04": {
            "month": "2018-04",
            "price": "14.19",
            "revenue": 36153
        },
        "2018-05": {
            "month": "2018-05",
            "price": "14.03",
            "revenue": 41406
        },
        "2018-06": {
            "month": "2018-06",
            "price": "13.55",
            "revenue": 42011
        },
        "2018-07": {
            "month": "2018-07",
            "price": "13.26",
            "revenue": 43484
        },
        "2018-08": {
            "month": "2018-08",
            "price": "13.44",
            "revenue": 40883
        },
        "2018-09": {
            "month": "2018-09",
            "price": "14.49",
            "revenue": 41223
        },
        "2018-10": {
            "month": "2018-10",
            "price": "14.08",
            "revenue": 56514
        },
        "2018-11": {
            "month": "2018-11",
            "price": "13.53",
            "revenue": 69141
        },
        "2018-12": {
            "month": "2018-12",
            "price": "13.19",
            "revenue": 48088
        },
        "2019-01": {
            "month": "2019-01",
            "price": "13.11",
            "revenue": 43789
        },
        "2019-02": {
            "month": "2019-02",
            "price": "13.62",
            "revenue": 35467
        },
        "2019-03": {
            "month": "2019-03",
            "price": "14.77",
            "revenue": 42940
        },
        "2019-04": {
            "month": "2019-04",
            "price": "14.54",
            "revenue": 40035
        },
        "2019-05": {
            "month": "2019-05",
            "price": "14.00",
            "revenue": 42876
        },
        "2019-06": {
            "month": "2019-06",
            "price": "13.90",
            "revenue": 41710
        },
        "2019-07": {
            "month": "2019-07",
            "price": "13.42",
            "revenue": 48407
        },
        "2019-08": {
            "month": "2019-08",
            "price": "14.01",
            "revenue": 41974
        },
        "2019-09": {
            "month": "2019-09",
            "price": "13.50",
            "revenue": 41955
        },
        "2019-10": {
            "month": "2019-10",
            "price": "13.24",
            "revenue": 54298
        },
        "2019-11": {
            "month": "2019-11",
            "price": "13.35",
            "revenue": 54272
        },
        "2019-12": {
            "month": "2019-12",
            "price": "13.68",
            "revenue": 51341
        },
        "2020-01": {
            "month": "2020-01",
            "price": "13.73",
            "revenue": 43579
        },
        "2020-02": {
            "month": "2020-02",
            "price": "13.50",
            "revenue": 44362
        },
        "2020-03": {
            "month": "2020-03",
            "price": "13.28",
            "revenue": 42554
        },
        "2020-04": {
            "month": "2020-04",
            "price": "13.13",
            "revenue": 40750
        },
        "2020-05": {
            "month": "2020-05",
            "price": "13.05",
            "revenue": 45683
        },
        "2020-06": {
            "month": "2020-06",
            "price": "13.37",
            "revenue": 41511
        },
        "2020-07": {
            "month": "2020-07",
            "price": "13.74",
            "revenue": 45031
        },
        "2020-08": {
            "month": "2020-08",
            "price": "13.16",
            "revenue": 47969
        },
        "2020-09": {
            "month": "2020-09",
            "price": "14.08",
            "revenue": 45167
        },
        "2020-10": {
            "month": "2020-10",
            "price": "13.68",
            "revenue": 53260
        },
        "2020-11": {
            "month": "2020-11",
            "price": "13.71",
            "revenue": 52708
        },
        "2020-12": {
            "month": "2020-12",
            "price": "13.81",
            "revenue": 56534
        },
        "2021-01": {
            "month": "2021-01",
            "price": "13.74",
            "revenue": 46142
        },
        "2021-02": {
            "month": "2021-02",
            "price": "14.28",
            "revenue": 37716
        },
        "2021-03": {
            "month": "2021-03",
            "price": "16.98",
            "revenue": 43496
        },
        "2021-04": {
            "month": "2021-04",
            "price": "16.67",
            "revenue": 40655
        },
        "2021-05": {
            "month": "2021-05",
            "price": "15.90",
            "revenue": 39150
        },
        "2021-06": {
            "month": "2021-06",
            "price": "15.87",
            "revenue": 36124
        },
        "2021-07": {
            "month": "2021-07",
            "price": "15.95",
            "revenue": 45591
        },
        "2021-08": {
            "month": "2021-08",
            "price": "16.02",
            "revenue": 42245
        },
        "2021-09": {
            "month": "2021-09",
            "price": "15.38",
            "revenue": 42529
        },
        "2021-10": {
            "month": "2021-10",
            "price": "15.20",
            "revenue": 47503
        },
        "2021-11": {
            "month": "2021-11",
            "price": "15.04",
            "revenue": 49358
        },
        "2021-12": {
            "month": "2021-12",
            "price": "14.47",
            "revenue": 52066
        },
        "2022-01": {
            "month": "2022-01",
            "price": "14.39",
            "revenue": 46594
        },
        "2022-02": {
            "month": "2022-02",
            "price": "14.70",
            "revenue": 42466
        },
        "2022-03": {
            "month": "2022-03",
            "price": "14.89",
            "revenue": 50657
        },
        "2022-04": {
            "month": "2022-04",
            "price": "15.87",
            "revenue": 49675
        },
        "2022-05": {
            "month": "2022-05",
            "price": "15.63",
            "revenue": 52987
        },
        "2022-06": {
            "month": "2022-06",
            "price": "15.46",
            "revenue": 50571
        },
        "2022-07": {
            "month": "2022-07",
            "price": "15.51",
            "revenue": 49995
        },
        "2022-08": {
            "month": "2022-08",
            "price": "14.92",
            "revenue": 52944
        },
        "2022-09": {
            "month": "2022-09",
            "price": "14.71",
            "revenue": 61719
        },
        "2022-10": {
            "month": "2022-10",
            "price": "14.15",
            "revenue": 66073
        },
        "2022-11": {
            "month": "2022-11",
            "price": "14.17",
            "revenue": 62985
        },
        "2022-12": {
            "month": "2022-12",
            "price": "14.70",
            "revenue": 68593
        },
        "2023-01": {
            "month": "2023-01",
            "price": "14.86",
            "revenue": 51033
        },
        "2023-02": {
            "month": "2023-02",
            "price": "14.71",
            "revenue": 68259
        },
        "2023-03": {
            "month": "2023-03",
            "price": "15.16",
            "revenue": 56096
        },
        "2023-04": {
            "month": "2023-04",
            "price": "15.06",
            "revenue": 49396
        },
        "2023-05": {
            "month": "2023-05",
            "price": "15.00",
            "revenue": 56657
        },
        "2023-06": {
            "month": "2023-06",
            "price": "14.74",
            "revenue": 47757
        },
        "2023-07": {
            "month": "2023-07",
            "price": "14.75",
            "revenue": 47595
        },
        "2023-08": {
            "month": "2023-08",
            "price": "14.18",
            "revenue": 49296
        }
    }
}
