{
    "summary": {
        "stock_name": "時報",
        "stock_id": "8923",
        "category": "文化創意",
        "main_business": "出版",
        "website_url": "http://www.readingtimes.com.tw",
        "ceo": "趙政岷",
        "pe_ratio": 24,
        "report_year_from": 2001,
        "report_year_to": 2023,
        "age": 22,
        "eps_negative_percentage": 0,
        "eps_growth_avg": {
            "last_all": 3.2,
            "last_2y": 4.11,
            "last_4y": 2.17,
            "last_8y": 5.32,
            "last_12y": 2.27,
            "last_16y": 1.83,
            "last_20y": 3.2,
            "at_2006_last_3y": 12.51,
            "at_2007_last_3y": 22.5,
            "at_2008_last_3y": -2.99,
            "at_2009_last_3y": 0.37,
            "at_2010_last_3y": 3.14,
            "at_2011_last_3y": 3.31,
            "at_2012_last_3y": -7.69,
            "at_2013_last_3y": -4.58,
            "at_2014_last_3y": -3.4,
            "at_2015_last_3y": 1.78,
            "at_2016_last_3y": 15.09,
            "at_2017_last_3y": 9.26,
            "at_2018_last_3y": -0.12,
            "at_2019_last_3y": 1.46,
            "at_2020_last_3y": -1.85,
            "at_2021_last_3y": -0.53,
            "at_2022_last_3y": 4.66,
            "at_2023_last_3y": 4.66,
            "at_2006_last_all": 10.01,
            "at_2007_last_all": 4.78,
            "at_2008_last_all": 3.82,
            "at_2009_last_all": 4.7,
            "at_2010_last_all": 6.96,
            "at_2011_last_all": 4.19,
            "at_2012_last_all": -0.37,
            "at_2013_last_all": 1.61,
            "at_2014_last_all": 3.77,
            "at_2015_last_all": 3.5,
            "at_2016_last_all": 3.75,
            "at_2017_last_all": 3.52,
            "at_2018_last_all": 2.86,
            "at_2019_last_all": 3.05,
            "at_2020_last_all": 2.57,
            "at_2021_last_all": 2.71,
            "at_2022_last_all": 3.2,
            "at_2023_last_all": 3.2
        },
        "latest_eps": 0.88,
        "latest_price": 20.95,
        "latest_roe": 5.86,
        "latest_gross_margin": 40.88,
        "latest_equity": 454705,
        "latest_revenue": 100626,
        "latest_gross_profit": 41140,
        "latest_net_income": 2199,
        "latest_debt_ratio": 46.3,
        "latest_current_ratio": 162.47,
        "latest_account_receivable_turnover_ratio": 0.72,
        "latest_inventory_turnover_ratio": 0.42,
        "latest_reinvestment_rate": -6.3,
        "latest_research_to_sale_ratio": null
    },
    "eps_dividends": {
        "1999": {
            "cash": 1.2,
            "stock": 0.8,
            "eps": 0
        },
        "2000": {
            "cash": 1,
            "stock": 1,
            "eps": 0
        },
        "2001": {
            "cash": 1,
            "stock": 1,
            "eps": 1.5
        },
        "2002": {
            "cash": 1.24,
            "stock": 0,
            "eps": 1.5
        },
        "2003": {
            "cash": 1.29,
            "stock": 0,
            "eps": 0.58
        },
        "2004": {
            "cash": 0.5,
            "stock": 0,
            "eps": 1.18
        },
        "2005": {
            "cash": 1,
            "stock": 0,
            "eps": 1.15
        },
        "2006": {
            "cash": 1,
            "stock": 0,
            "eps": 1.31
        },
        "2007": {
            "cash": 1,
            "stock": 0,
            "eps": 1.03
        },
        "2008": {
            "cash": 0.7,
            "stock": 0,
            "eps": 1.01
        },
        "2009": {
            "cash": 0.85,
            "stock": 0,
            "eps": 1.12
        },
        "2010": {
            "cash": 1,
            "stock": 0,
            "eps": 1.4
        },
        "2011": {
            "cash": 1.25,
            "stock": 0,
            "eps": 1.11
        },
        "2012": {
            "cash": 1,
            "stock": 0,
            "eps": 0.6
        },
        "2013": {
            "cash": 0.8,
            "stock": 0,
            "eps": 0.74
        },
        "2014": {
            "cash": 1,
            "stock": 0,
            "eps": 0.96
        },
        "2015": {
            "cash": 0.85,
            "stock": 0,
            "eps": 0.96
        },
        "2016": {
            "cash": 0.85,
            "stock": 0,
            "eps": 1.03
        },
        "2017": {
            "cash": 0.9,
            "stock": 0,
            "eps": 1.03
        },
        "2018": {
            "cash": 0.9,
            "stock": 0,
            "eps": 0.95
        },
        "2019": {
            "cash": 0.85,
            "stock": 0,
            "eps": 1.01
        },
        "2020": {
            "cash": 0.85,
            "stock": 0,
            "eps": 0.95
        },
        "2021": {
            "cash": 0.85,
            "stock": 0,
            "eps": 1
        },
        "2022": {
            "cash": 0.9,
            "stock": 0,
            "eps": 1.13
        },
        "2023": {
            "cash": 1,
            "stock": 0,
            "eps": 0.07
        }
    },
    "dividends": {
        "1999-05-05": {
            "cash": 1.2,
            "stock": 0.8
        },
        "2000-06-08": {
            "cash": 1,
            "stock": 1
        },
        "2001-04-30": {
            "cash": 1,
            "stock": 1
        },
        "2002-05-21": {
            "cash": 1.24,
            "stock": 0
        },
        "2003-05-23": {
            "cash": 1.29,
            "stock": 0
        },
        "2004-03-01": {
            "cash": 0.5,
            "stock": 0
        },
        "2005-03-02": {
            "cash": 1,
            "stock": 0
        },
        "2006-03-07": {
            "cash": 1,
            "stock": 0
        },
        "2007-03-16": {
            "cash": 1,
            "stock": 0
        },
        "2008-03-04": {
            "cash": 0.7,
            "stock": 0
        },
        "2009-03-10": {
            "cash": 0.85,
            "stock": 0
        },
        "2010-03-23": {
            "cash": 1,
            "stock": 0
        },
        "2011-03-15": {
            "cash": 1.25,
            "stock": 0
        },
        "2012-06-05": {
            "cash": 1,
            "stock": 0
        },
        "2013-06-18": {
            "cash": 0.8,
            "stock": 0
        },
        "2014-06-06": {
            "cash": 1,
            "stock": 0
        },
        "2015-07-17": {
            "cash": 0.85,
            "stock": 0
        },
        "2016-07-27": {
            "cash": 0.85,
            "stock": 0
        },
        "2017-07-25": {
            "cash": 0.9,
            "stock": 0
        },
        "2018-07-25": {
            "cash": 0.9,
            "stock": 0
        },
        "2019-07-26": {
            "cash": 0.85,
            "stock": 0
        },
        "2020-07-31": {
            "cash": 0.85,
            "stock": 0
        },
        "2021-10-08": {
            "cash": 0.85,
            "stock": 0
        },
        "2022-07-26": {
            "cash": 0.9,
            "stock": 0
        },
        "2023-03-17": {
            "cash": 1,
            "stock": 0
        }
    },
    "prices": {
        "200101": "19.86",
        "200102": "25.28",
        "200103": "29.33",
        "200104": "24.20",
        "200105": "20.44",
        "200106": "17.12",
        "200107": "16.00",
        "200108": "20.17",
        "200109": "15.19",
        "200110": "13.92",
        "200111": "14.73",
        "200112": "15.99",
        "200201": "16.01",
        "200202": "16.08",
        "200203": "16.37",
        "200204": "16.69",
        "200205": "17.20",
        "200206": "16.97",
        "200207": "16.14",
        "200208": "15.75",
        "200209": "15.50",
        "200210": "15.00",
        "200211": "15.79",
        "200212": "15.68",
        "200301": "16.05",
        "200302": "16.06",
        "200303": "16.14",
        "200304": "15.58",
        "200305": "15.03",
        "200306": "14.67",
        "200307": "13.96",
        "200308": "13.82",
        "200309": "13.42",
        "200310": "13.29",
        "200311": "13.36",
        "200312": "13.14",
        "200401": "13.17",
        "200402": "14.06",
        "200403": "13.50",
        "200404": "13.70",
        "200405": "13.29",
        "200406": "13.08",
        "200407": "13.15",
        "200408": "13.17",
        "200409": "13.40",
        "200410": "13.17",
        "200411": "12.93",
        "200412": "12.97",
        "200501": "13.28",
        "200502": "13.40",
        "200503": "13.71",
        "200504": "13.78",
        "200505": "13.51",
        "200506": "13.66",
        "200507": "13.31",
        "200508": "13.11",
        "200509": "13.16",
        "200510": "12.73",
        "200511": "12.62",
        "200512": "12.59",
        "200601": "12.67",
        "200602": "12.56",
        "200603": "12.39",
        "200604": "12.62",
        "200605": "13.03",
        "200606": "12.72",
        "200607": "12.08",
        "200608": "12.06",
        "200609": "12.27",
        "200610": "12.78",
        "200611": "13.72",
        "200612": "14.00",
        "200701": "13.86",
        "200702": "13.95",
        "200703": "14.24",
        "200704": "14.75",
        "200705": "15.31",
        "200706": "15.22",
        "200707": "14.77",
        "200708": "14.13",
        "200709": "13.66",
        "200710": "13.69",
        "200711": "13.32",
        "200712": "13.07",
        "200801": "12.42",
        "200802": "12.36",
        "200803": "12.79",
        "200804": "13.10",
        "200805": "13.54",
        "200806": "12.70",
        "200807": "10.37",
        "200808": "10.41",
        "200809": "10.14",
        "200810": "9.04",
        "200811": "8.58",
        "200812": "8.64",
        "200901": "8.87",
        "200902": "9.33",
        "200903": "11.92",
        "200904": "13.64",
        "200905": "13.91",
        "200906": "13.83",
        "200907": "13.39",
        "200908": "13.23",
        "200909": "13.59",
        "200910": "13.61",
        "200911": "13.91",
        "200912": "14.48",
        "201001": "14.56",
        "201002": "14.43",
        "201003": "14.87",
        "201004": "15.86",
        "201005": "18.63",
        "201006": "19.05",
        "201007": "18.00",
        "201008": "20.54",
        "201009": "18.98",
        "201010": "19.01",
        "201011": "18.81",
        "201012": "18.96",
        "201101": "18.58",
        "201102": "18.62",
        "201103": "18.18",
        "201104": "18.35",
        "201105": "19.60",
        "201106": "19.98",
        "201107": "18.78",
        "201108": "18.24",
        "201109": "18.55",
        "201110": "18.68",
        "201111": "18.94",
        "201112": "17.31",
        "201201": "15.83",
        "201202": "16.17",
        "201203": "17.33",
        "201204": "17.66",
        "201205": "17.60",
        "201206": "18.14",
        "201207": "17.08",
        "201208": "16.85",
        "201209": "16.54",
        "201210": "16.02",
        "201211": "15.44",
        "201212": "15.94",
        "201301": "16.02",
        "201302": "16.30",
        "201303": "16.45",
        "201304": "16.70",
        "201305": "17.52",
        "201306": "17.98",
        "201307": "17.28",
        "201308": "16.93",
        "201309": "17.22",
        "201310": "17.90",
        "201311": "17.59",
        "201312": "17.93",
        "201401": "17.95",
        "201402": "18.22",
        "201403": "18.29",
        "201404": "18.39",
        "201405": "18.06",
        "201406": "18.16",
        "201407": "17.34",
        "201408": "17.38",
        "201409": "17.23",
        "201410": "16.92",
        "201411": "17.45",
        "201412": "17.14",
        "201501": "17.38",
        "201502": "17.18",
        "201503": "17.91",
        "201504": "17.71",
        "201505": "17.82",
        "201506": "17.75",
        "201507": "17.44",
        "201508": "16.79",
        "201509": "17.03",
        "201510": "17.52",
        "201511": "17.30",
        "201512": "16.98",
        "201601": "16.48",
        "201602": "16.76",
        "201603": "17.32",
        "201604": "17.66",
        "201605": "無",
        "201606": "18.01",
        "201607": "17.21",
        "201608": "16.87",
        "201609": "16.89",
        "201610": "16.97",
        "201611": "16.90",
        "201612": "17.20",
        "201701": "17.20",
        "201702": "17.22",
        "201703": "17.31",
        "201704": "17.51",
        "201705": "16.86",
        "201706": "16.74",
        "201707": "15.85",
        "201708": "15.48",
        "201709": "15.20",
        "201710": "15.12",
        "201711": "15.06",
        "201712": "14.78",
        "201801": "14.61",
        "201802": "14.58",
        "201803": "15.00",
        "201804": "15.44",
        "201805": "15.90",
        "201806": "16.02",
        "201807": "15.35",
        "201808": "15.34",
        "201809": "15.09",
        "201810": "14.89",
        "201811": "14.74",
        "201812": "14.38",
        "201901": "14.15",
        "201902": "14.30",
        "201903": "14.73",
        "201904": "14.99",
        "201905": "14.82",
        "201906": "15.21",
        "201907": "14.90",
        "201908": "14.86",
        "201909": "14.92",
        "201910": "15.06",
        "201911": "14.80",
        "201912": "15.11",
        "202001": "15.16",
        "202002": "15.07",
        "202003": "14.44",
        "202004": "14.91",
        "202005": "15.15",
        "202006": "15.34",
        "202007": "15.06",
        "202008": "14.66",
        "202009": "14.66",
        "202010": "14.64",
        "202011": "14.82",
        "202012": "15.12",
        "202101": "15.05",
        "202102": "15.03",
        "202103": "15.51",
        "202104": "16.76",
        "202105": "16.83",
        "202106": "17.04",
        "202107": "16.84",
        "202108": "16.32",
        "202109": "16.65",
        "202110": "16.58",
        "202111": "16.78",
        "202112": "17.14",
        "202201": "17.48",
        "202202": "19.08",
        "202203": "19.98",
        "202204": "21.10",
        "202205": "20.97",
        "202206": "21.05",
        "202207": "20.38",
        "202208": "19.50",
        "202209": "18.74",
        "202210": "18.10",
        "202211": "20.02",
        "202212": "21.39",
        "202301": "21.57",
        "202302": "21.32",
        "202303": "21.14",
        "202304": "21.12",
        "202305": "20.67"
    },
    "quarters": {
        "20011": {
            "year_quarter": 20011,
            "year": 2001,
            "quarter": 1,
            "eps": 0.49,
            "eps_growth_year": -58.12,
            "eps_4q": 1.7,
            "eps_4q_growth_year": -33.89,
            "roe": 3.48,
            "roe_4q": 3.48,
            "gross_profit": 55464,
            "gross_margin": 53.46,
            "gross_margin_4q_avg": 53.46,
            "net_income": 13487,
            "revenue": 103740,
            "common_shares": 274580,
            "book_valuer_per_share": 14.38,
            "book_valuer_per_share_4q_avg": 14.38,
            "equity": 394818,
            "current_ratio": 289.56,
            "debt_ratio": 25.88,
            "inventory_turnover_ratio": 0.54,
            "account_receivable_turnover_ratio": null,
            "reinvestment_rate": null,
            "research_to_sale_ratio": null,
            "price_fair": 0,
            "eps_avg_yearly": 0,
            "eps_latest_yearly": 0,
            "eps_growth_yearly": 0
        },
        "20012": {
            "year_quarter": 20012,
            "year": 2001,
            "quarter": 2,
            "eps": 0.32,
            "eps_growth_year": -39.62,
            "eps_4q": 1.44,
            "eps_4q_growth_year": -42.69,
            "roe": 2.49,
            "roe_4q": 5.970000000000001,
            "gross_profit": 40839,
            "gross_margin": 46.79,
            "gross_margin_4q_avg": 50.13,
            "net_income": 9580,
            "revenue": 87281,
            "common_shares": 303758,
            "book_valuer_per_share": 12.38,
            "book_valuer_per_share_4q_avg": 13.38,
            "equity": 376072,
            "current_ratio": 246.04,
            "debt_ratio": 30.62,
            "inventory_turnover_ratio": 0.49,
            "account_receivable_turnover_ratio": null,
            "reinvestment_rate": null,
            "research_to_sale_ratio": null,
            "price_fair": 0,
            "eps_avg_yearly": 0,
            "eps_latest_yearly": 0,
            "eps_growth_yearly": 0
        },
        "20013": {
            "year_quarter": 20013,
            "year": 2001,
            "quarter": 3,
            "eps": 0.3,
            "eps_growth_year": 25,
            "eps_4q": 1.52,
            "eps_4q_growth_year": -33.4,
            "roe": 2.36,
            "roe_4q": 8.33,
            "gross_profit": 42998,
            "gross_margin": 47.71,
            "gross_margin_4q_avg": 49.32,
            "net_income": 8974,
            "revenue": 90123,
            "common_shares": 303758,
            "book_valuer_per_share": 12.68,
            "book_valuer_per_share_4q_avg": 13.15,
            "equity": 385045,
            "current_ratio": 285.22,
            "debt_ratio": 26.31,
            "inventory_turnover_ratio": 0.47,
            "account_receivable_turnover_ratio": null,
            "reinvestment_rate": null,
            "research_to_sale_ratio": null,
            "price_fair": 0,
            "eps_avg_yearly": 0,
            "eps_latest_yearly": 0,
            "eps_growth_yearly": 0
        },
        "20014": {
            "year_quarter": 20014,
            "year": 2001,
            "quarter": 4,
            "eps": 0.39,
            "eps_growth_year": -20.41,
            "eps_4q": 1.44,
            "eps_4q_growth_year": -36.53,
            "roe": 3.03,
            "roe_4q": 11.36,
            "gross_profit": 55634,
            "gross_margin": 49.37,
            "gross_margin_4q_avg": 49.33,
            "net_income": 11867,
            "revenue": 112687,
            "common_shares": 303758,
            "book_valuer_per_share": 13.07,
            "book_valuer_per_share_4q_avg": 13.13,
            "equity": 397040,
            "current_ratio": 268.24,
            "debt_ratio": 28.34,
            "inventory_turnover_ratio": 0.55,
            "account_receivable_turnover_ratio": null,
            "reinvestment_rate": null,
            "research_to_sale_ratio": null,
            "price_fair": 0,
            "eps_avg_yearly": 0,
            "eps_latest_yearly": 0,
            "eps_growth_yearly": 0
        },
        "20021": {
            "year_quarter": 20021,
            "year": 2002,
            "quarter": 1,
            "eps": 0.48,
            "eps_growth_year": -2.04,
            "eps_4q": 1.48,
            "eps_4q_growth_year": -12.64,
            "roe": 3.61,
            "roe_4q": 11.49,
            "gross_profit": 54160,
            "gross_margin": 47.48,
            "gross_margin_4q_avg": 47.84,
            "net_income": 14584,
            "revenue": 114063,
            "common_shares": 303758,
            "book_valuer_per_share": 13.55,
            "book_valuer_per_share_4q_avg": 12.92,
            "equity": 411638,
            "current_ratio": 259.75,
            "debt_ratio": 29.88,
            "inventory_turnover_ratio": 0.56,
            "account_receivable_turnover_ratio": null,
            "reinvestment_rate": null,
            "research_to_sale_ratio": null,
            "price_fair": 67.2,
            "eps_avg_yearly": 1.92,
            "eps_latest_yearly": 1.92,
            "eps_growth_yearly": 92.31
        },
        "20022": {
            "year_quarter": 20022,
            "year": 2002,
            "quarter": 2,
            "eps": 0.29,
            "eps_growth_year": -9.38,
            "eps_4q": 1.45,
            "eps_4q_growth_year": 1.01,
            "roe": 2.23,
            "roe_4q": 11.229999999999999,
            "gross_profit": 51853,
            "gross_margin": 50.48,
            "gross_margin_4q_avg": 48.76,
            "net_income": 8846,
            "revenue": 102730,
            "common_shares": 303758,
            "book_valuer_per_share": 12.53,
            "book_valuer_per_share_4q_avg": 12.96,
            "equity": 380537,
            "current_ratio": 206.34,
            "debt_ratio": 37.67,
            "inventory_turnover_ratio": 0.47,
            "account_receivable_turnover_ratio": null,
            "reinvestment_rate": null,
            "research_to_sale_ratio": null,
            "price_fair": 4.62,
            "eps_avg_yearly": 1.54,
            "eps_latest_yearly": 1.16,
            "eps_growth_yearly": -33.01
        },
        "20023": {
            "year_quarter": 20023,
            "year": 2002,
            "quarter": 3,
            "eps": 0.35,
            "eps_growth_year": 16.67,
            "eps_4q": 1.52,
            "eps_4q_growth_year": -0.23,
            "roe": 2.74,
            "roe_4q": 11.61,
            "gross_profit": 44035,
            "gross_margin": 46.69,
            "gross_margin_4q_avg": 48.51,
            "net_income": 10587,
            "revenue": 94315,
            "common_shares": 303758,
            "book_valuer_per_share": 12.89,
            "book_valuer_per_share_4q_avg": 13.01,
            "equity": 391524,
            "current_ratio": 226.99,
            "debt_ratio": 34.19,
            "inventory_turnover_ratio": 0.45,
            "account_receivable_turnover_ratio": null,
            "reinvestment_rate": null,
            "research_to_sale_ratio": null,
            "price_fair": 23.26,
            "eps_avg_yearly": 1.49,
            "eps_latest_yearly": 1.4,
            "eps_growth_yearly": 5.58
        },
        "20024": {
            "year_quarter": 20024,
            "year": 2002,
            "quarter": 4,
            "eps": 0.38,
            "eps_growth_year": -2.56,
            "eps_4q": 1.51,
            "eps_4q_growth_year": 4.42,
            "roe": 2.89,
            "roe_4q": 11.47,
            "gross_profit": 53304,
            "gross_margin": 49.07,
            "gross_margin_4q_avg": 48.43,
            "net_income": 11472,
            "revenue": 108624,
            "common_shares": 303758,
            "book_valuer_per_share": 13.27,
            "book_valuer_per_share_4q_avg": 13.06,
            "equity": 402975,
            "current_ratio": 232.57,
            "debt_ratio": 33.15,
            "inventory_turnover_ratio": 0.49,
            "account_receivable_turnover_ratio": null,
            "reinvestment_rate": 0.8,
            "research_to_sale_ratio": null,
            "price_fair": 34.13,
            "eps_avg_yearly": 1.5,
            "eps_latest_yearly": 1.52,
            "eps_growth_yearly": 12.75
        },
        "20031": {
            "year_quarter": 20031,
            "year": 2003,
            "quarter": 1,
            "eps": 0.37,
            "eps_growth_year": -22.92,
            "eps_4q": 1.4,
            "eps_4q_growth_year": -5.5,
            "roe": 2.72,
            "roe_4q": 10.580000000000002,
            "gross_profit": 58368,
            "gross_margin": 46.5,
            "gross_margin_4q_avg": 48.19,
            "net_income": 11104,
            "revenue": 125533,
            "common_shares": 303758,
            "book_valuer_per_share": 13.63,
            "book_valuer_per_share_4q_avg": 13.08,
            "equity": 414050,
            "current_ratio": 227.04,
            "debt_ratio": 34.48,
            "inventory_turnover_ratio": 0.61,
            "account_receivable_turnover_ratio": null,
            "reinvestment_rate": 1,
            "research_to_sale_ratio": null,
            "price_fair": 27.08,
            "eps_avg_yearly": 1.5,
            "eps_latest_yearly": 1.48,
            "eps_growth_yearly": 8.1
        },
        "20032": {
            "year_quarter": 20032,
            "year": 2003,
            "quarter": 2,
            "eps": 0.03,
            "eps_growth_year": -89.66,
            "eps_4q": 1.01,
            "eps_4q_growth_year": -30.73,
            "roe": 0.26,
            "roe_4q": 8.610000000000001,
            "gross_profit": 38883,
            "gross_margin": 52.02,
            "gross_margin_4q_avg": 48.57,
            "net_income": 1020,
            "revenue": 74739,
            "common_shares": 303758,
            "book_valuer_per_share": 12.32,
            "book_valuer_per_share_4q_avg": 13.03,
            "equity": 374092,
            "current_ratio": 198.28,
            "debt_ratio": 39.17,
            "inventory_turnover_ratio": 0.31,
            "account_receivable_turnover_ratio": null,
            "reinvestment_rate": 0.48,
            "research_to_sale_ratio": null,
            "price_fair": 3.8,
            "eps_avg_yearly": 1.27,
            "eps_latest_yearly": 0.12,
            "eps_growth_yearly": -54.51
        },
        "20033": {
            "year_quarter": 20033,
            "year": 2003,
            "quarter": 3,
            "eps": 0.26,
            "eps_growth_year": -25.71,
            "eps_4q": 1.03,
            "eps_4q_growth_year": -32.11,
            "roe": 2.11,
            "roe_4q": 7.98,
            "gross_profit": 44036,
            "gross_margin": 50.55,
            "gross_margin_4q_avg": 49.54,
            "net_income": 7969,
            "revenue": 87114,
            "common_shares": 303758,
            "book_valuer_per_share": 12.57,
            "book_valuer_per_share_4q_avg": 12.95,
            "equity": 381891,
            "current_ratio": 209.41,
            "debt_ratio": 36.34,
            "inventory_turnover_ratio": 0.35,
            "account_receivable_turnover_ratio": null,
            "reinvestment_rate": 0.5,
            "research_to_sale_ratio": null,
            "price_fair": 43.2,
            "eps_avg_yearly": 1.23,
            "eps_latest_yearly": 1.04,
            "eps_growth_yearly": 391.37
        },
        "20034": {
            "year_quarter": 20034,
            "year": 2003,
            "quarter": 4,
            "eps": -0.08,
            "eps_growth_year": -121.05,
            "eps_4q": 0.58,
            "eps_4q_growth_year": -61.51,
            "roe": -0.61,
            "roe_4q": 4.48,
            "gross_profit": 28783,
            "gross_margin": 49.75,
            "gross_margin_4q_avg": 49.71,
            "net_income": -2326,
            "revenue": 57859,
            "common_shares": 303758,
            "book_valuer_per_share": 12.49,
            "book_valuer_per_share_4q_avg": 12.75,
            "equity": 379521,
            "current_ratio": 203.43,
            "debt_ratio": 37.52,
            "inventory_turnover_ratio": 0.21,
            "account_receivable_turnover_ratio": null,
            "reinvestment_rate": 1.07,
            "research_to_sale_ratio": null,
            "price_fair": 43.2,
            "eps_avg_yearly": 1.23,
            "eps_latest_yearly": 1.04,
            "eps_growth_yearly": 391.37
        },
        "20041": {
            "year_quarter": 20041,
            "year": 2004,
            "quarter": 1,
            "eps": 0.45,
            "eps_growth_year": 21.62,
            "eps_4q": 0.67,
            "eps_4q_growth_year": -52.28,
            "roe": 3.56,
            "roe_4q": 5.32,
            "gross_profit": 54581,
            "gross_margin": 50.39,
            "gross_margin_4q_avg": 50.68,
            "net_income": 13751,
            "revenue": 108309,
            "common_shares": 303758,
            "book_valuer_per_share": 12.93,
            "book_valuer_per_share_4q_avg": 12.58,
            "equity": 392821,
            "current_ratio": 207.78,
            "debt_ratio": 37.29,
            "inventory_turnover_ratio": 0.36,
            "account_receivable_turnover_ratio": null,
            "reinvestment_rate": 0.16,
            "research_to_sale_ratio": null,
            "price_fair": 43.2,
            "eps_avg_yearly": 1.23,
            "eps_latest_yearly": 1.04,
            "eps_growth_yearly": 391.37
        },
        "20042": {
            "year_quarter": 20042,
            "year": 2004,
            "quarter": 2,
            "eps": 0.11,
            "eps_growth_year": 266.67,
            "eps_4q": 0.73,
            "eps_4q_growth_year": -27.27,
            "roe": 0.89,
            "roe_4q": 5.95,
            "gross_profit": 44942,
            "gross_margin": 48.15,
            "gross_margin_4q_avg": 49.71,
            "net_income": 3434,
            "revenue": 93340,
            "common_shares": 303758,
            "book_valuer_per_share": 12.53,
            "book_valuer_per_share_4q_avg": 12.63,
            "equity": 380611,
            "current_ratio": 187.54,
            "debt_ratio": 41.12,
            "inventory_turnover_ratio": 0.31,
            "account_receivable_turnover_ratio": null,
            "reinvestment_rate": -0.52,
            "research_to_sale_ratio": null,
            "price_fair": 39.73,
            "eps_avg_yearly": 1.14,
            "eps_latest_yearly": 0.44,
            "eps_growth_yearly": 304.67
        },
        "20043": {
            "year_quarter": 20043,
            "year": 2004,
            "quarter": 3,
            "eps": 0.58,
            "eps_growth_year": 123.08,
            "eps_4q": 1.07,
            "eps_4q_growth_year": 3.92,
            "roe": 4.51,
            "roe_4q": 8.35,
            "gross_profit": 60524,
            "gross_margin": 56.06,
            "gross_margin_4q_avg": 51.09,
            "net_income": 17579,
            "revenue": 107971,
            "common_shares": 303758,
            "book_valuer_per_share": 13.11,
            "book_valuer_per_share_4q_avg": 12.77,
            "equity": 398341,
            "current_ratio": 209.53,
            "debt_ratio": 36.81,
            "inventory_turnover_ratio": 0.29,
            "account_receivable_turnover_ratio": null,
            "reinvestment_rate": -2.69,
            "research_to_sale_ratio": null,
            "price_fair": 44.33,
            "eps_avg_yearly": 1.27,
            "eps_latest_yearly": 2.32,
            "eps_growth_yearly": 460.72
        },
        "20044": {
            "year_quarter": 20044,
            "year": 2004,
            "quarter": 4,
            "eps": 0.04,
            "eps_growth_year": null,
            "eps_4q": 1.06,
            "eps_4q_growth_year": 83.44,
            "roe": 0.34,
            "roe_4q": 9.299999999999999,
            "gross_profit": 61940,
            "gross_margin": 54.38,
            "gross_margin_4q_avg": 52.25,
            "net_income": 1358,
            "revenue": 113909,
            "common_shares": 303758,
            "book_valuer_per_share": 13.13,
            "book_valuer_per_share_4q_avg": 12.93,
            "equity": 398955,
            "current_ratio": 201.26,
            "debt_ratio": 39.77,
            "inventory_turnover_ratio": 0.32,
            "account_receivable_turnover_ratio": null,
            "reinvestment_rate": -2.86,
            "research_to_sale_ratio": null,
            "price_fair": 40.46,
            "eps_avg_yearly": 1.16,
            "eps_latest_yearly": 0.16,
            "eps_growth_yearly": 377.4
        },
        "20051": {
            "year_quarter": 20051,
            "year": 2005,
            "quarter": 1,
            "eps": 0.42,
            "eps_growth_year": -6.67,
            "eps_4q": 1.16,
            "eps_4q_growth_year": 73.44,
            "roe": 3.14,
            "roe_4q": 8.88,
            "gross_profit": 81565,
            "gross_margin": 56.37,
            "gross_margin_4q_avg": 53.74,
            "net_income": 12720,
            "revenue": 144699,
            "common_shares": 303758,
            "book_valuer_per_share": 13.55,
            "book_valuer_per_share_4q_avg": 13.08,
            "equity": 411607,
            "current_ratio": 208.89,
            "debt_ratio": 38.75,
            "inventory_turnover_ratio": 0.42,
            "account_receivable_turnover_ratio": null,
            "reinvestment_rate": -2.92,
            "research_to_sale_ratio": null,
            "price_fair": 42.13,
            "eps_avg_yearly": 1.2,
            "eps_latest_yearly": 1.68,
            "eps_growth_yearly": 688.55
        },
        "20052": {
            "year_quarter": 20052,
            "year": 2005,
            "quarter": 2,
            "eps": 0.21,
            "eps_growth_year": 90.91,
            "eps_4q": 1.25,
            "eps_4q_growth_year": 70.79,
            "roe": 1.6,
            "roe_4q": 9.59,
            "gross_profit": 64570,
            "gross_margin": 53.82,
            "gross_margin_4q_avg": 55.16,
            "net_income": 6399,
            "revenue": 119984,
            "common_shares": 303758,
            "book_valuer_per_share": 12.71,
            "book_valuer_per_share_4q_avg": 13.13,
            "equity": 386228,
            "current_ratio": 193.17,
            "debt_ratio": 41.87,
            "inventory_turnover_ratio": 0.42,
            "account_receivable_turnover_ratio": null,
            "reinvestment_rate": -2.59,
            "research_to_sale_ratio": null,
            "price_fair": 41.07,
            "eps_avg_yearly": 1.17,
            "eps_latest_yearly": 0.84,
            "eps_growth_yearly": 614.5
        },
        "20053": {
            "year_quarter": 20053,
            "year": 2005,
            "quarter": 3,
            "eps": 0.13,
            "eps_growth_year": -77.59,
            "eps_4q": 0.82,
            "eps_4q_growth_year": -23.45,
            "roe": 0.99,
            "roe_4q": 6.07,
            "gross_profit": 48697,
            "gross_margin": 56.84,
            "gross_margin_4q_avg": 55.35,
            "net_income": 3862,
            "revenue": 85677,
            "common_shares": 303758,
            "book_valuer_per_share": 12.87,
            "book_valuer_per_share_4q_avg": 13.07,
            "equity": 390943,
            "current_ratio": 202.84,
            "debt_ratio": 38.07,
            "inventory_turnover_ratio": 0.28,
            "account_receivable_turnover_ratio": null,
            "reinvestment_rate": -2.54,
            "research_to_sale_ratio": null,
            "price_fair": 39.31,
            "eps_avg_yearly": 1.12,
            "eps_latest_yearly": 0.52,
            "eps_growth_yearly": 555.51
        },
        "20054": {
            "year_quarter": 20054,
            "year": 2005,
            "quarter": 4,
            "eps": 0.39,
            "eps_growth_year": 875,
            "eps_4q": 1.15,
            "eps_4q_growth_year": 8.42,
            "roe": 2.96,
            "roe_4q": 8.690000000000001,
            "gross_profit": 50496,
            "gross_margin": 55.72,
            "gross_margin_4q_avg": 55.69,
            "net_income": 11738,
            "revenue": 90626,
            "common_shares": 303758,
            "book_valuer_per_share": 13.25,
            "book_valuer_per_share_4q_avg": 13.1,
            "equity": 402591,
            "current_ratio": 220.44,
            "debt_ratio": 35.81,
            "inventory_turnover_ratio": 0.32,
            "account_receivable_turnover_ratio": null,
            "reinvestment_rate": -2.49,
            "research_to_sale_ratio": null,
            "price_fair": 40.4,
            "eps_avg_yearly": 1.15,
            "eps_latest_yearly": 1.56,
            "eps_growth_yearly": 572.98
        },
        "20061": {
            "year_quarter": 20061,
            "year": 2006,
            "quarter": 1,
            "eps": 0.44,
            "eps_growth_year": 4.76,
            "eps_4q": 1.17,
            "eps_4q_growth_year": 0.82,
            "roe": 3.24,
            "roe_4q": 8.790000000000001,
            "gross_profit": 60837,
            "gross_margin": 55.89,
            "gross_margin_4q_avg": 55.57,
            "net_income": 13292,
            "revenue": 108843,
            "common_shares": 303758,
            "book_valuer_per_share": 13.75,
            "book_valuer_per_share_4q_avg": 13.15,
            "equity": 417733,
            "current_ratio": 226.36,
            "debt_ratio": 34.3,
            "inventory_turnover_ratio": 0.42,
            "account_receivable_turnover_ratio": null,
            "reinvestment_rate": -2.56,
            "research_to_sale_ratio": null,
            "price_fair": 40,
            "eps_avg_yearly": 1.14,
            "eps_latest_yearly": 1.76,
            "eps_growth_yearly": 570.05
        },
        "20062": {
            "year_quarter": 20062,
            "year": 2006,
            "quarter": 2,
            "eps": 0.41,
            "eps_growth_year": 95.24,
            "eps_4q": 1.35,
            "eps_4q_growth_year": 8.14,
            "roe": 3.09,
            "roe_4q": 10.28,
            "gross_profit": 68187,
            "gross_margin": 59.42,
            "gross_margin_4q_avg": 56.97,
            "net_income": 12595,
            "revenue": 114746,
            "common_shares": 303758,
            "book_valuer_per_share": 13.12,
            "book_valuer_per_share_4q_avg": 13.25,
            "equity": 398413,
            "current_ratio": 189.24,
            "debt_ratio": 41.26,
            "inventory_turnover_ratio": 0.43,
            "account_receivable_turnover_ratio": null,
            "reinvestment_rate": -2.93,
            "research_to_sale_ratio": null,
            "price_fair": 41.2,
            "eps_avg_yearly": 1.18,
            "eps_latest_yearly": 1.64,
            "eps_growth_yearly": 579.41
        },
        "20063": {
            "year_quarter": 20063,
            "year": 2006,
            "quarter": 3,
            "eps": 0.48,
            "eps_growth_year": 269.23,
            "eps_4q": 1.71,
            "eps_4q_growth_year": 108.25,
            "roe": 3.62,
            "roe_4q": 12.91,
            "gross_profit": 64200,
            "gross_margin": 54.72,
            "gross_margin_4q_avg": 56.44,
            "net_income": 14729,
            "revenue": 117333,
            "common_shares": 303758,
            "book_valuer_per_share": 13.67,
            "book_valuer_per_share_4q_avg": 13.45,
            "equity": 415307,
            "current_ratio": 204.46,
            "debt_ratio": 38.14,
            "inventory_turnover_ratio": 0.52,
            "account_receivable_turnover_ratio": null,
            "reinvestment_rate": -0.48,
            "research_to_sale_ratio": null,
            "price_fair": 42.5,
            "eps_avg_yearly": 1.21,
            "eps_latest_yearly": 1.92,
            "eps_growth_yearly": 578.37
        },
        "20064": {
            "year_quarter": 20064,
            "year": 2006,
            "quarter": 4,
            "eps": -0.02,
            "eps_growth_year": -105.13,
            "eps_4q": 1.31,
            "eps_4q_growth_year": 13.56,
            "roe": -0.16,
            "roe_4q": 9.79,
            "gross_profit": 41141,
            "gross_margin": 48.6,
            "gross_margin_4q_avg": 54.66,
            "net_income": -686,
            "revenue": 84650,
            "common_shares": 303758,
            "book_valuer_per_share": 13.73,
            "book_valuer_per_share_4q_avg": 13.57,
            "equity": 417030,
            "current_ratio": 214.9,
            "debt_ratio": 36.82,
            "inventory_turnover_ratio": 0.46,
            "account_receivable_turnover_ratio": null,
            "reinvestment_rate": -1.05,
            "research_to_sale_ratio": null,
            "price_fair": 41.68,
            "eps_avg_yearly": 1.19,
            "eps_latest_yearly": 1.92,
            "eps_growth_yearly": 620.23
        },
        "20071": {
            "year_quarter": 20071,
            "year": 2007,
            "quarter": 1,
            "eps": 0.41,
            "eps_growth_year": -6.82,
            "eps_4q": 1.29,
            "eps_4q_growth_year": 10.56,
            "roe": 2.92,
            "roe_4q": 9.469999999999999,
            "gross_profit": 59027,
            "gross_margin": 55.07,
            "gross_margin_4q_avg": 54.45,
            "net_income": 12389,
            "revenue": 107187,
            "common_shares": 303758,
            "book_valuer_per_share": 14.2,
            "book_valuer_per_share_4q_avg": 13.68,
            "equity": 431247,
            "current_ratio": 188.32,
            "debt_ratio": 37.58,
            "inventory_turnover_ratio": 0.53,
            "account_receivable_turnover_ratio": null,
            "reinvestment_rate": -2.05,
            "research_to_sale_ratio": null,
            "price_fair": 40.83,
            "eps_avg_yearly": 1.17,
            "eps_latest_yearly": 1.92,
            "eps_growth_yearly": 672.79
        },
        "20072": {
            "year_quarter": 20072,
            "year": 2007,
            "quarter": 2,
            "eps": 0.33,
            "eps_growth_year": -19.51,
            "eps_4q": 1.2,
            "eps_4q_growth_year": -10.97,
            "roe": 2.38,
            "roe_4q": 8.76,
            "gross_profit": 50407,
            "gross_margin": 52.85,
            "gross_margin_4q_avg": 52.81,
            "net_income": 9999,
            "revenue": 95373,
            "common_shares": 303758,
            "book_valuer_per_share": 13.43,
            "book_valuer_per_share_4q_avg": 13.76,
            "equity": 407837,
            "current_ratio": 176.47,
            "debt_ratio": 40.11,
            "inventory_turnover_ratio": 0.51,
            "account_receivable_turnover_ratio": null,
            "reinvestment_rate": -1.88,
            "research_to_sale_ratio": null,
            "price_fair": 44.33,
            "eps_avg_yearly": 1.27,
            "eps_latest_yearly": 1.32,
            "eps_growth_yearly": 696.92
        },
        "20073": {
            "year_quarter": 20073,
            "year": 2007,
            "quarter": 3,
            "eps": 0.05,
            "eps_growth_year": -89.58,
            "eps_4q": 0.82,
            "eps_4q_growth_year": -51.84,
            "roe": 0.34,
            "roe_4q": 5.4799999999999995,
            "gross_profit": 41843,
            "gross_margin": 50.67,
            "gross_margin_4q_avg": 51.8,
            "net_income": 1406,
            "revenue": 82576,
            "common_shares": 303758,
            "book_valuer_per_share": 13.45,
            "book_valuer_per_share_4q_avg": 13.7,
            "equity": 408690,
            "current_ratio": 194,
            "debt_ratio": 36.33,
            "inventory_turnover_ratio": 0.48,
            "account_receivable_turnover_ratio": null,
            "reinvestment_rate": -2.51,
            "research_to_sale_ratio": null,
            "price_fair": 41.88,
            "eps_avg_yearly": 1.2,
            "eps_latest_yearly": 0.2,
            "eps_growth_yearly": 413.08
        },
        "20074": {
            "year_quarter": 20074,
            "year": 2007,
            "quarter": 4,
            "eps": 0.24,
            "eps_growth_year": null,
            "eps_4q": 1.03,
            "eps_4q_growth_year": -21.04,
            "roe": 1.75,
            "roe_4q": 7.39,
            "gross_profit": 42218,
            "gross_margin": 48.66,
            "gross_margin_4q_avg": 51.81,
            "net_income": 7189,
            "revenue": 86753,
            "common_shares": 303758,
            "book_valuer_per_share": 13.56,
            "book_valuer_per_share_4q_avg": 13.66,
            "equity": 411939,
            "current_ratio": 213.93,
            "debt_ratio": 37.47,
            "inventory_turnover_ratio": 0.5,
            "account_receivable_turnover_ratio": null,
            "reinvestment_rate": -3.99,
            "research_to_sale_ratio": null,
            "price_fair": 41.25,
            "eps_avg_yearly": 1.18,
            "eps_latest_yearly": 0.96,
            "eps_growth_yearly": 498.23
        },
        "20081": {
            "year_quarter": 20081,
            "year": 2008,
            "quarter": 1,
            "eps": 0.27,
            "eps_growth_year": -34.15,
            "eps_4q": 0.89,
            "eps_4q_growth_year": -31.28,
            "roe": 1.97,
            "roe_4q": 6.4399999999999995,
            "gross_profit": 46448,
            "gross_margin": 51.63,
            "gross_margin_4q_avg": 50.95,
            "net_income": 8130,
            "revenue": 89957,
            "common_shares": 303758,
            "book_valuer_per_share": 13.6,
            "book_valuer_per_share_4q_avg": 13.51,
            "equity": 413120,
            "current_ratio": 229.26,
            "debt_ratio": 34.9,
            "inventory_turnover_ratio": 0.46,
            "account_receivable_turnover_ratio": null,
            "reinvestment_rate": -3.6,
            "research_to_sale_ratio": null,
            "price_fair": 41,
            "eps_avg_yearly": 1.17,
            "eps_latest_yearly": 1.08,
            "eps_growth_yearly": 466.21
        },
        "20082": {
            "year_quarter": 20082,
            "year": 2008,
            "quarter": 2,
            "eps": 0.15,
            "eps_growth_year": -54.55,
            "eps_4q": 0.7,
            "eps_4q_growth_year": -42.17,
            "roe": 1.14,
            "roe_4q": 5.199999999999999,
            "gross_profit": 41144,
            "gross_margin": 46.43,
            "gross_margin_4q_avg": 49.35,
            "net_income": 4601,
            "revenue": 88621,
            "common_shares": 303758,
            "book_valuer_per_share": 13.03,
            "book_valuer_per_share_4q_avg": 13.41,
            "equity": 395704,
            "current_ratio": 214.54,
            "debt_ratio": 37.26,
            "inventory_turnover_ratio": 0.49,
            "account_receivable_turnover_ratio": null,
            "reinvestment_rate": -2.8,
            "research_to_sale_ratio": null,
            "price_fair": 41.4,
            "eps_avg_yearly": 1.18,
            "eps_latest_yearly": 0.6,
            "eps_growth_yearly": 475.1
        },
        "20083": {
            "year_quarter": 20083,
            "year": 2008,
            "quarter": 3,
            "eps": 0.19,
            "eps_growth_year": 280,
            "eps_4q": 0.86,
            "eps_4q_growth_year": 5.04,
            "roe": 1.41,
            "roe_4q": 6.27,
            "gross_profit": 44219,
            "gross_margin": 45.34,
            "gross_margin_4q_avg": 48.02,
            "net_income": 5622,
            "revenue": 97530,
            "common_shares": 303758,
            "book_valuer_per_share": 13.23,
            "book_valuer_per_share_4q_avg": 13.36,
            "equity": 401753,
            "current_ratio": 226.19,
            "debt_ratio": 35.58,
            "inventory_turnover_ratio": 0.53,
            "account_receivable_turnover_ratio": null,
            "reinvestment_rate": -2.45,
            "research_to_sale_ratio": null,
            "price_fair": 37.5,
            "eps_avg_yearly": 1.07,
            "eps_latest_yearly": 0.76,
            "eps_growth_yearly": 360.64
        },
        "20084": {
            "year_quarter": 20084,
            "year": 2008,
            "quarter": 4,
            "eps": 0.4,
            "eps_growth_year": 66.67,
            "eps_4q": 1,
            "eps_4q_growth_year": -3.56,
            "roe": 3,
            "roe_4q": 7.52,
            "gross_profit": 50288,
            "gross_margin": 50.06,
            "gross_margin_4q_avg": 48.37,
            "net_income": 12285,
            "revenue": 100455,
            "common_shares": 303758,
            "book_valuer_per_share": 13.72,
            "book_valuer_per_share_4q_avg": 13.4,
            "equity": 416822,
            "current_ratio": 247.96,
            "debt_ratio": 32.95,
            "inventory_turnover_ratio": 0.5,
            "account_receivable_turnover_ratio": 2.48,
            "reinvestment_rate": -1.94,
            "research_to_sale_ratio": null,
            "price_fair": 41.1,
            "eps_avg_yearly": 1.17,
            "eps_latest_yearly": 1.6,
            "eps_growth_yearly": 418.82
        },
        "20091": {
            "year_quarter": 20091,
            "year": 2009,
            "quarter": 1,
            "eps": 0.3,
            "eps_growth_year": 11.11,
            "eps_4q": 1.04,
            "eps_4q_growth_year": 17.13,
            "roe": 2.16,
            "roe_4q": 7.71,
            "gross_profit": 45366,
            "gross_margin": 45.44,
            "gross_margin_4q_avg": 46.82,
            "net_income": 9130,
            "revenue": 99844,
            "common_shares": 303758,
            "book_valuer_per_share": 14.08,
            "book_valuer_per_share_4q_avg": 13.52,
            "equity": 427613,
            "current_ratio": 261.34,
            "debt_ratio": 31.65,
            "inventory_turnover_ratio": 0.58,
            "account_receivable_turnover_ratio": 1.21,
            "reinvestment_rate": -2.18,
            "research_to_sale_ratio": null,
            "price_fair": 39.9,
            "eps_avg_yearly": 1.14,
            "eps_latest_yearly": 1.2,
            "eps_growth_yearly": 140.25
        },
        "20092": {
            "year_quarter": 20092,
            "year": 2009,
            "quarter": 2,
            "eps": 0.21,
            "eps_growth_year": 40,
            "eps_4q": 1.11,
            "eps_4q_growth_year": 60.28,
            "roe": 1.5,
            "roe_4q": 8.07,
            "gross_profit": 56222,
            "gross_margin": 50.89,
            "gross_margin_4q_avg": 47.93,
            "net_income": 6278,
            "revenue": 110479,
            "common_shares": 303758,
            "book_valuer_per_share": 13.52,
            "book_valuer_per_share_4q_avg": 13.64,
            "equity": 410642,
            "current_ratio": 224.96,
            "debt_ratio": 35.98,
            "inventory_turnover_ratio": 0.61,
            "account_receivable_turnover_ratio": 1.22,
            "reinvestment_rate": -0.04,
            "research_to_sale_ratio": null,
            "price_fair": 39.9,
            "eps_avg_yearly": 1.14,
            "eps_latest_yearly": 0.84,
            "eps_growth_yearly": 145.96
        },
        "20093": {
            "year_quarter": 20093,
            "year": 2009,
            "quarter": 3,
            "eps": 0.2,
            "eps_growth_year": 5.26,
            "eps_4q": 1.1,
            "eps_4q_growth_year": 27.55,
            "roe": 1.48,
            "roe_4q": 8.14,
            "gross_profit": 45956,
            "gross_margin": 46.4,
            "gross_margin_4q_avg": 48.2,
            "net_income": 6147,
            "revenue": 99048,
            "common_shares": 303758,
            "book_valuer_per_share": 13.81,
            "book_valuer_per_share_4q_avg": 13.78,
            "equity": 419504,
            "current_ratio": 249.26,
            "debt_ratio": 32.55,
            "inventory_turnover_ratio": 0.62,
            "account_receivable_turnover_ratio": 1.02,
            "reinvestment_rate": 0.92,
            "research_to_sale_ratio": null,
            "price_fair": 40.6,
            "eps_avg_yearly": 1.16,
            "eps_latest_yearly": 0.8,
            "eps_growth_yearly": 155.49
        },
        "20094": {
            "year_quarter": 20094,
            "year": 2009,
            "quarter": 4,
            "eps": 0.41,
            "eps_growth_year": 2.5,
            "eps_4q": 1.12,
            "eps_4q_growth_year": 11.98,
            "roe": 2.9,
            "roe_4q": 8.04,
            "gross_profit": 54431,
            "gross_margin": 50.99,
            "gross_margin_4q_avg": 48.43,
            "net_income": 12376,
            "revenue": 106755,
            "common_shares": 303758,
            "book_valuer_per_share": 14.3,
            "book_valuer_per_share_4q_avg": 13.93,
            "equity": 434282,
            "current_ratio": 248.36,
            "debt_ratio": 33.58,
            "inventory_turnover_ratio": 0.62,
            "account_receivable_turnover_ratio": 1.94,
            "reinvestment_rate": 24.23,
            "research_to_sale_ratio": null,
            "price_fair": 40.8,
            "eps_avg_yearly": 1.17,
            "eps_latest_yearly": 1.64,
            "eps_growth_yearly": 128.34
        },
        "20101": {
            "year_quarter": 20101,
            "year": 2010,
            "quarter": 1,
            "eps": 0.64,
            "eps_growth_year": 113.33,
            "eps_4q": 1.45,
            "eps_4q_growth_year": 39.69,
            "roe": 4.35,
            "roe_4q": 10.23,
            "gross_profit": 59856,
            "gross_margin": 50.47,
            "gross_margin_4q_avg": 49.69,
            "net_income": 19312,
            "revenue": 118596,
            "common_shares": 303758,
            "book_valuer_per_share": 14.96,
            "book_valuer_per_share_4q_avg": 14.15,
            "equity": 454410,
            "current_ratio": 276.07,
            "debt_ratio": 30.62,
            "inventory_turnover_ratio": 0.73,
            "account_receivable_turnover_ratio": 1.17,
            "reinvestment_rate": 23.12,
            "research_to_sale_ratio": null,
            "price_fair": 42.8,
            "eps_avg_yearly": 1.22,
            "eps_latest_yearly": 2.56,
            "eps_growth_yearly": 140.71
        },
        "20102": {
            "year_quarter": 20102,
            "year": 2010,
            "quarter": 2,
            "eps": 0.14,
            "eps_growth_year": -35.33,
            "eps_4q": 1.38,
            "eps_4q_growth_year": 23.96,
            "roe": 0.93,
            "roe_4q": 9.66,
            "gross_profit": 46800,
            "gross_margin": 47.92,
            "gross_margin_4q_avg": 48.95,
            "net_income": 4125,
            "revenue": 97670,
            "common_shares": 303758,
            "book_valuer_per_share": 14.13,
            "book_valuer_per_share_4q_avg": 14.3,
            "equity": 429223,
            "current_ratio": 231.65,
            "debt_ratio": 36.3,
            "inventory_turnover_ratio": 0.68,
            "account_receivable_turnover_ratio": 1.11,
            "reinvestment_rate": 23.31,
            "research_to_sale_ratio": null,
            "price_fair": 40.1,
            "eps_avg_yearly": 1.15,
            "eps_latest_yearly": 0.56,
            "eps_growth_yearly": 120.33
        },
        "20103": {
            "year_quarter": 20103,
            "year": 2010,
            "quarter": 3,
            "eps": 0.26,
            "eps_growth_year": 32.16,
            "eps_4q": 1.44,
            "eps_4q_growth_year": 31.09,
            "roe": 1.85,
            "roe_4q": 10.03,
            "gross_profit": 44207,
            "gross_margin": 46.88,
            "gross_margin_4q_avg": 49.07,
            "net_income": 8029,
            "revenue": 94303,
            "common_shares": 303758,
            "book_valuer_per_share": 14.5,
            "book_valuer_per_share_4q_avg": 14.47,
            "equity": 440572,
            "current_ratio": 253.87,
            "debt_ratio": 33.31,
            "inventory_turnover_ratio": 0.64,
            "account_receivable_turnover_ratio": 1.14,
            "reinvestment_rate": 21.69,
            "research_to_sale_ratio": null,
            "price_fair": 37.9,
            "eps_avg_yearly": 1.08,
            "eps_latest_yearly": 1.04,
            "eps_growth_yearly": 139.95
        },
        "20104": {
            "year_quarter": 20104,
            "year": 2010,
            "quarter": 4,
            "eps": 0.36,
            "eps_growth_year": -11.39,
            "eps_4q": 1.4,
            "eps_4q_growth_year": 25.26,
            "roe": 2.48,
            "roe_4q": 9.61,
            "gross_profit": 58299,
            "gross_margin": 48.03,
            "gross_margin_4q_avg": 48.33,
            "net_income": 11036,
            "revenue": 121376,
            "common_shares": 303758,
            "book_valuer_per_share": 14.76,
            "book_valuer_per_share_4q_avg": 14.59,
            "equity": 448473,
            "current_ratio": 235.89,
            "debt_ratio": 36.13,
            "inventory_turnover_ratio": 0.77,
            "account_receivable_turnover_ratio": 1.31,
            "reinvestment_rate": 18.13,
            "research_to_sale_ratio": null,
            "price_fair": 38.73,
            "eps_avg_yearly": 1.11,
            "eps_latest_yearly": 1.44,
            "eps_growth_yearly": 140.87
        },
        "20111": {
            "year_quarter": 20111,
            "year": 2011,
            "quarter": 1,
            "eps": 0.47,
            "eps_growth_year": -26.56,
            "eps_4q": 1.23,
            "eps_4q_growth_year": -15.24,
            "roe": 3.12,
            "roe_4q": 8.379999999999999,
            "gross_profit": 51062,
            "gross_margin": 47.38,
            "gross_margin_4q_avg": 47.55,
            "net_income": 14198,
            "revenue": 107782,
            "common_shares": 303758,
            "book_valuer_per_share": 15.19,
            "book_valuer_per_share_4q_avg": 14.65,
            "equity": 461272,
            "current_ratio": 254.97,
            "debt_ratio": 33.69,
            "inventory_turnover_ratio": 0.7,
            "account_receivable_turnover_ratio": 1.13,
            "reinvestment_rate": 18.34,
            "research_to_sale_ratio": null,
            "price_fair": 40.43,
            "eps_avg_yearly": 1.16,
            "eps_latest_yearly": 1.88,
            "eps_growth_yearly": 139.71
        },
        "20112": {
            "year_quarter": 20112,
            "year": 2011,
            "quarter": 2,
            "eps": 0.14,
            "eps_growth_year": 4.36,
            "eps_4q": 1.24,
            "eps_4q_growth_year": -10.47,
            "roe": 0.97,
            "roe_4q": 8.42,
            "gross_profit": 43942,
            "gross_margin": 47.47,
            "gross_margin_4q_avg": 47.44,
            "net_income": 4305,
            "revenue": 92574,
            "common_shares": 303758,
            "book_valuer_per_share": 14.06,
            "book_valuer_per_share_4q_avg": 14.63,
            "equity": 426969,
            "current_ratio": 221.33,
            "debt_ratio": 38.45,
            "inventory_turnover_ratio": 0.6,
            "account_receivable_turnover_ratio": 1.08,
            "reinvestment_rate": 18.95,
            "research_to_sale_ratio": null,
            "price_fair": 38.76,
            "eps_avg_yearly": 1.11,
            "eps_latest_yearly": 0.56,
            "eps_growth_yearly": 127.03
        },
        "20113": {
            "year_quarter": 20113,
            "year": 2011,
            "quarter": 3,
            "eps": 0.11,
            "eps_growth_year": -57.14,
            "eps_4q": 1.09,
            "eps_4q_growth_year": -24.78,
            "roe": 0.81,
            "roe_4q": 7.380000000000001,
            "gross_profit": 42234,
            "gross_margin": 42.97,
            "gross_margin_4q_avg": 46.46,
            "net_income": 3441,
            "revenue": 98285,
            "common_shares": 303758,
            "book_valuer_per_share": 13.94,
            "book_valuer_per_share_4q_avg": 14.49,
            "equity": 423464,
            "current_ratio": 246.07,
            "debt_ratio": 34.62,
            "inventory_turnover_ratio": 0.7,
            "account_receivable_turnover_ratio": 1.15,
            "reinvestment_rate": 19.31,
            "research_to_sale_ratio": null,
            "price_fair": 39.29,
            "eps_avg_yearly": 1.12,
            "eps_latest_yearly": 0.44,
            "eps_growth_yearly": 142.89
        },
        "20114": {
            "year_quarter": 20114,
            "year": 2011,
            "quarter": 4,
            "eps": 0.39,
            "eps_growth_year": 7.95,
            "eps_4q": 1.11,
            "eps_4q_growth_year": -20.34,
            "roe": 2.77,
            "roe_4q": 7.67,
            "gross_profit": 43988,
            "gross_margin": 51.04,
            "gross_margin_4q_avg": 47.22,
            "net_income": 11913,
            "revenue": 86187,
            "common_shares": 303758,
            "book_valuer_per_share": 14.39,
            "book_valuer_per_share_4q_avg": 14.4,
            "equity": 437032,
            "current_ratio": 242.15,
            "debt_ratio": 35.48,
            "inventory_turnover_ratio": 0.54,
            "account_receivable_turnover_ratio": 0.99,
            "reinvestment_rate": 19.39,
            "research_to_sale_ratio": null,
            "price_fair": 40.6,
            "eps_avg_yearly": 1.16,
            "eps_latest_yearly": 1.56,
            "eps_growth_yearly": 111.52
        },
        "20121": {
            "year_quarter": 20121,
            "year": 2012,
            "quarter": 1,
            "eps": 0.4,
            "eps_growth_year": -14.89,
            "eps_4q": 1.05,
            "eps_4q_growth_year": -14.89,
            "roe": 2.75,
            "roe_4q": 7.3,
            "gross_profit": 48263,
            "gross_margin": 50.72,
            "gross_margin_4q_avg": 48.05,
            "net_income": 12162,
            "revenue": 95158,
            "common_shares": 303758,
            "book_valuer_per_share": 14.77,
            "book_valuer_per_share_4q_avg": 14.29,
            "equity": 448633,
            "current_ratio": 229.73,
            "debt_ratio": 33.68,
            "inventory_turnover_ratio": 0.57,
            "account_receivable_turnover_ratio": 1.06,
            "reinvestment_rate": 17.96,
            "research_to_sale_ratio": null,
            "price_fair": 41.74,
            "eps_avg_yearly": 1.19,
            "eps_latest_yearly": 1.6,
            "eps_growth_yearly": 109.04
        },
        "20122": {
            "year_quarter": 20122,
            "year": 2012,
            "quarter": 2,
            "eps": 0.1,
            "eps_growth_year": -29.55,
            "eps_4q": 1.01,
            "eps_4q_growth_year": -18.68,
            "roe": 0.7,
            "roe_4q": 7.030000000000001,
            "gross_profit": 36426,
            "gross_margin": 42.05,
            "gross_margin_4q_avg": 46.7,
            "net_income": 3033,
            "revenue": 86632,
            "common_shares": 303758,
            "book_valuer_per_share": 13.92,
            "book_valuer_per_share_4q_avg": 14.26,
            "equity": 422961,
            "current_ratio": 206.32,
            "debt_ratio": 36.89,
            "inventory_turnover_ratio": 0.62,
            "account_receivable_turnover_ratio": 1.03,
            "reinvestment_rate": 18.51,
            "research_to_sale_ratio": null,
            "price_fair": 41.3,
            "eps_avg_yearly": 1.18,
            "eps_latest_yearly": 0.4,
            "eps_growth_yearly": 101.4
        },
        "20123": {
            "year_quarter": 20123,
            "year": 2012,
            "quarter": 3,
            "eps": 0.01,
            "eps_growth_year": -94.13,
            "eps_4q": 0.9,
            "eps_4q_growth_year": -17.19,
            "roe": 0.05,
            "roe_4q": 6.27,
            "gross_profit": 35814,
            "gross_margin": 44.7,
            "gross_margin_4q_avg": 47.13,
            "net_income": 202,
            "revenue": 80125,
            "common_shares": 303758,
            "book_valuer_per_share": 13.92,
            "book_valuer_per_share_4q_avg": 14.25,
            "equity": 422830,
            "current_ratio": 209.02,
            "debt_ratio": 35.93,
            "inventory_turnover_ratio": 0.55,
            "account_receivable_turnover_ratio": 1.11,
            "reinvestment_rate": 21.42,
            "research_to_sale_ratio": null,
            "price_fair": 39.73,
            "eps_avg_yearly": 1.14,
            "eps_latest_yearly": 0.04,
            "eps_growth_yearly": 72.23
        },
        "20124": {
            "year_quarter": 20124,
            "year": 2012,
            "quarter": 4,
            "eps": 0.09,
            "eps_growth_year": -76.29,
            "eps_4q": 0.6,
            "eps_4q_growth_year": -46.18,
            "roe": 0.66,
            "roe_4q": 4.16,
            "gross_profit": 31803,
            "gross_margin": 44.53,
            "gross_margin_4q_avg": 45.5,
            "net_income": 2825,
            "revenue": 71420,
            "common_shares": 303758,
            "book_valuer_per_share": 14.06,
            "book_valuer_per_share_4q_avg": 14.17,
            "equity": 426947,
            "current_ratio": 219.74,
            "debt_ratio": 34.26,
            "inventory_turnover_ratio": 0.48,
            "account_receivable_turnover_ratio": 1.07,
            "reinvestment_rate": -64.66,
            "research_to_sale_ratio": null,
            "price_fair": 37.01,
            "eps_avg_yearly": 1.06,
            "eps_latest_yearly": 0.36,
            "eps_growth_yearly": 244.6
        },
        "20131": {
            "year_quarter": 20131,
            "year": 2013,
            "quarter": 1,
            "eps": 0.15,
            "eps_growth_year": -62.5,
            "eps_4q": 0.35,
            "eps_4q_growth_year": -67.04,
            "roe": 1.03,
            "roe_4q": 2.44,
            "gross_profit": 37556,
            "gross_margin": 46.38,
            "gross_margin_4q_avg": 44.42,
            "net_income": 4427,
            "revenue": 80980,
            "common_shares": 303758,
            "book_valuer_per_share": 14.11,
            "book_valuer_per_share_4q_avg": 14,
            "equity": 428675,
            "current_ratio": 196.46,
            "debt_ratio": 38.28,
            "inventory_turnover_ratio": 0.53,
            "account_receivable_turnover_ratio": 0.98,
            "reinvestment_rate": -74.43,
            "research_to_sale_ratio": null,
            "price_fair": 35.7,
            "eps_avg_yearly": 1.02,
            "eps_latest_yearly": 0.6,
            "eps_growth_yearly": 267.52
        },
        "20132": {
            "year_quarter": 20132,
            "year": 2013,
            "quarter": 2,
            "eps": 0.08,
            "eps_growth_year": -19.88,
            "eps_4q": 0.33,
            "eps_4q_growth_year": -67.24,
            "roe": 0.61,
            "roe_4q": 2.35,
            "gross_profit": 37392,
            "gross_margin": 48.39,
            "gross_margin_4q_avg": 46,
            "net_income": 2555,
            "revenue": 77266,
            "common_shares": 303758,
            "book_valuer_per_share": 13.28,
            "book_valuer_per_share_4q_avg": 13.84,
            "equity": 403368,
            "current_ratio": 175.58,
            "debt_ratio": 41.26,
            "inventory_turnover_ratio": 0.48,
            "account_receivable_turnover_ratio": 0.75,
            "reinvestment_rate": -79.05,
            "research_to_sale_ratio": null,
            "price_fair": 34.56,
            "eps_avg_yearly": 0.99,
            "eps_latest_yearly": 0.32,
            "eps_growth_yearly": 263.35
        },
        "20133": {
            "year_quarter": 20133,
            "year": 2013,
            "quarter": 3,
            "eps": 0.07,
            "eps_growth_year": 952.63,
            "eps_4q": 0.39,
            "eps_4q_growth_year": -56.24,
            "roe": 0.53,
            "roe_4q": 2.83,
            "gross_profit": 38345,
            "gross_margin": 49.65,
            "gross_margin_4q_avg": 47.24,
            "net_income": 2145,
            "revenue": 77230,
            "common_shares": 303758,
            "book_valuer_per_share": 13.36,
            "book_valuer_per_share_4q_avg": 13.7,
            "equity": 405914,
            "current_ratio": 177.18,
            "debt_ratio": 39.67,
            "inventory_turnover_ratio": 0.45,
            "account_receivable_turnover_ratio": 0.73,
            "reinvestment_rate": -83.16,
            "research_to_sale_ratio": null,
            "price_fair": 33.43,
            "eps_avg_yearly": 0.96,
            "eps_latest_yearly": 0.28,
            "eps_growth_yearly": 261.42
        },
        "20134": {
            "year_quarter": 20134,
            "year": 2013,
            "quarter": 4,
            "eps": 0.44,
            "eps_growth_year": 376.88,
            "eps_4q": 0.74,
            "eps_4q_growth_year": 24.02,
            "roe": 3.25,
            "roe_4q": 5.420000000000001,
            "gross_profit": 49813,
            "gross_margin": 49.06,
            "gross_margin_4q_avg": 48.37,
            "net_income": 13472,
            "revenue": 101540,
            "common_shares": 303758,
            "book_valuer_per_share": 13.92,
            "book_valuer_per_share_4q_avg": 13.67,
            "equity": 422821,
            "current_ratio": 187.49,
            "debt_ratio": 38.61,
            "inventory_turnover_ratio": 0.57,
            "account_receivable_turnover_ratio": 0.89,
            "reinvestment_rate": -109.2,
            "research_to_sale_ratio": null,
            "price_fair": 33.69,
            "eps_avg_yearly": 0.96,
            "eps_latest_yearly": 1.76,
            "eps_growth_yearly": 367.31
        },
        "20141": {
            "year_quarter": 20141,
            "year": 2014,
            "quarter": 1,
            "eps": 0.22,
            "eps_growth_year": 46.67,
            "eps_4q": 0.82,
            "eps_4q_growth_year": 136.3,
            "roe": 1.55,
            "roe_4q": 5.94,
            "gross_profit": 41468,
            "gross_margin": 48.95,
            "gross_margin_4q_avg": 49.01,
            "net_income": 6609,
            "revenue": 84709,
            "common_shares": 303758,
            "book_valuer_per_share": 14.23,
            "book_valuer_per_share_4q_avg": 13.7,
            "equity": 432288,
            "current_ratio": 206.93,
            "debt_ratio": 36.06,
            "inventory_turnover_ratio": 0.48,
            "account_receivable_turnover_ratio": 0.77,
            "reinvestment_rate": -121.81,
            "research_to_sale_ratio": null,
            "price_fair": 30.01,
            "eps_avg_yearly": 0.86,
            "eps_latest_yearly": 0.88,
            "eps_growth_yearly": 340.79
        },
        "20142": {
            "year_quarter": 20142,
            "year": 2014,
            "quarter": 2,
            "eps": 0.1,
            "eps_growth_year": 25,
            "eps_4q": 0.83,
            "eps_4q_growth_year": 152.26,
            "roe": 0.72,
            "roe_4q": 6.05,
            "gross_profit": 42077,
            "gross_margin": 49.22,
            "gross_margin_4q_avg": 49.22,
            "net_income": 3023,
            "revenue": 85481,
            "common_shares": 303758,
            "book_valuer_per_share": 13.34,
            "book_valuer_per_share_4q_avg": 13.71,
            "equity": 405237,
            "current_ratio": 185.5,
            "debt_ratio": 40.05,
            "inventory_turnover_ratio": 0.47,
            "account_receivable_turnover_ratio": 0.82,
            "reinvestment_rate": -123.3,
            "research_to_sale_ratio": null,
            "price_fair": 29.66,
            "eps_avg_yearly": 0.85,
            "eps_latest_yearly": 0.4,
            "eps_growth_yearly": 346.68
        },
        "20143": {
            "year_quarter": 20143,
            "year": 2014,
            "quarter": 3,
            "eps": 0.13,
            "eps_growth_year": 85.71,
            "eps_4q": 0.89,
            "eps_4q_growth_year": 125.45,
            "roe": 0.94,
            "roe_4q": 6.46,
            "gross_profit": 39925,
            "gross_margin": 47.58,
            "gross_margin_4q_avg": 48.7,
            "net_income": 3842,
            "revenue": 83914,
            "common_shares": 303758,
            "book_valuer_per_share": 13.48,
            "book_valuer_per_share_4q_avg": 13.74,
            "equity": 409552,
            "current_ratio": 194.33,
            "debt_ratio": 38.08,
            "inventory_turnover_ratio": 0.47,
            "account_receivable_turnover_ratio": 0.78,
            "reinvestment_rate": -127.19,
            "research_to_sale_ratio": null,
            "price_fair": 28.53,
            "eps_avg_yearly": 0.82,
            "eps_latest_yearly": 0.52,
            "eps_growth_yearly": 332.75
        },
        "20144": {
            "year_quarter": 20144,
            "year": 2014,
            "quarter": 4,
            "eps": 0.51,
            "eps_growth_year": 15.31,
            "eps_4q": 0.96,
            "eps_4q_growth_year": 28.36,
            "roe": 3.67,
            "roe_4q": 6.879999999999999,
            "gross_profit": 52128,
            "gross_margin": 49.84,
            "gross_margin_4q_avg": 48.9,
            "net_income": 15535,
            "revenue": 104594,
            "common_shares": 303758,
            "book_valuer_per_share": 14.36,
            "book_valuer_per_share_4q_avg": 13.85,
            "equity": 436215,
            "current_ratio": 193.69,
            "debt_ratio": 38.29,
            "inventory_turnover_ratio": 0.52,
            "account_receivable_turnover_ratio": 0.86,
            "reinvestment_rate": -119.3,
            "research_to_sale_ratio": null,
            "price_fair": 29.84,
            "eps_avg_yearly": 0.85,
            "eps_latest_yearly": 2.04,
            "eps_growth_yearly": 396.21
        },
        "20151": {
            "year_quarter": 20151,
            "year": 2015,
            "quarter": 1,
            "eps": 0.26,
            "eps_growth_year": 18.18,
            "eps_4q": 1,
            "eps_4q_growth_year": 22.51,
            "roe": 1.81,
            "roe_4q": 7.14,
            "gross_profit": 48074,
            "gross_margin": 49.38,
            "gross_margin_4q_avg": 49.01,
            "net_income": 7960,
            "revenue": 97353,
            "common_shares": 303758,
            "book_valuer_per_share": 14.59,
            "book_valuer_per_share_4q_avg": 13.94,
            "equity": 443078,
            "current_ratio": 200.44,
            "debt_ratio": 36.86,
            "inventory_turnover_ratio": 0.48,
            "account_receivable_turnover_ratio": 0.76,
            "reinvestment_rate": -125.7,
            "research_to_sale_ratio": null,
            "price_fair": 28,
            "eps_avg_yearly": 0.8,
            "eps_latest_yearly": 1.04,
            "eps_growth_yearly": 376.32
        },
        "20152": {
            "year_quarter": 20152,
            "year": 2015,
            "quarter": 2,
            "eps": 0.09,
            "eps_growth_year": -10,
            "eps_4q": 0.99,
            "eps_4q_growth_year": 19.01,
            "roe": 0.63,
            "roe_4q": 7.049999999999999,
            "gross_profit": 44903,
            "gross_margin": 45.44,
            "gross_margin_4q_avg": 48.06,
            "net_income": 2713,
            "revenue": 98813,
            "common_shares": 303758,
            "book_valuer_per_share": 13.81,
            "book_valuer_per_share_4q_avg": 14.06,
            "equity": 419541,
            "current_ratio": 175.86,
            "debt_ratio": 41.94,
            "inventory_turnover_ratio": 0.5,
            "account_receivable_turnover_ratio": 0.78,
            "reinvestment_rate": -125.63,
            "research_to_sale_ratio": null,
            "price_fair": 27.56,
            "eps_avg_yearly": 0.79,
            "eps_latest_yearly": 0.36,
            "eps_growth_yearly": 377.53
        },
        "20153": {
            "year_quarter": 20153,
            "year": 2015,
            "quarter": 3,
            "eps": 0.27,
            "eps_growth_year": 107.69,
            "eps_4q": 1.13,
            "eps_4q_growth_year": 27.49,
            "roe": 1.92,
            "roe_4q": 8.03,
            "gross_profit": 48965,
            "gross_margin": 49.47,
            "gross_margin_4q_avg": 48.53,
            "net_income": 8145,
            "revenue": 98983,
            "common_shares": 303758,
            "book_valuer_per_share": 14.07,
            "book_valuer_per_share_4q_avg": 14.21,
            "equity": 427454,
            "current_ratio": 182.48,
            "debt_ratio": 40.08,
            "inventory_turnover_ratio": 0.42,
            "account_receivable_turnover_ratio": 0.74,
            "reinvestment_rate": -119.86,
            "research_to_sale_ratio": null,
            "price_fair": 28.96,
            "eps_avg_yearly": 0.83,
            "eps_latest_yearly": 1.08,
            "eps_growth_yearly": 432.88
        },
        "20154": {
            "year_quarter": 20154,
            "year": 2015,
            "quarter": 4,
            "eps": 0.34,
            "eps_growth_year": -34.04,
            "eps_4q": 0.96,
            "eps_4q_growth_year": 0.19,
            "roe": 2.38,
            "roe_4q": 6.74,
            "gross_profit": 49111,
            "gross_margin": 46.81,
            "gross_margin_4q_avg": 47.78,
            "net_income": 10247,
            "revenue": 104925,
            "common_shares": 303758,
            "book_valuer_per_share": 14.3,
            "book_valuer_per_share_4q_avg": 14.19,
            "equity": 434521,
            "current_ratio": 184.56,
            "debt_ratio": 39.91,
            "inventory_turnover_ratio": 0.45,
            "account_receivable_turnover_ratio": 0.78,
            "reinvestment_rate": -121.67,
            "research_to_sale_ratio": null,
            "price_fair": 28.53,
            "eps_avg_yearly": 0.82,
            "eps_latest_yearly": 1.36,
            "eps_growth_yearly": 375.73
        },
        "20161": {
            "year_quarter": 20161,
            "year": 2016,
            "quarter": 1,
            "eps": 0.34,
            "eps_growth_year": 30.77,
            "eps_4q": 1.03,
            "eps_4q_growth_year": 3.46,
            "roe": 2.35,
            "roe_4q": 7.28,
            "gross_profit": 52949,
            "gross_margin": 47.64,
            "gross_margin_4q_avg": 47.34,
            "net_income": 10306,
            "revenue": 111144,
            "common_shares": 303758,
            "book_valuer_per_share": 14.59,
            "book_valuer_per_share_4q_avg": 14.19,
            "equity": 443229,
            "current_ratio": 187.84,
            "debt_ratio": 39.03,
            "inventory_turnover_ratio": 0.45,
            "account_receivable_turnover_ratio": 0.83,
            "reinvestment_rate": -123.18,
            "research_to_sale_ratio": null,
            "price_fair": 28,
            "eps_avg_yearly": 0.8,
            "eps_latest_yearly": 1.36,
            "eps_growth_yearly": 375.09
        },
        "20162": {
            "year_quarter": 20162,
            "year": 2016,
            "quarter": 2,
            "eps": 0.14,
            "eps_growth_year": 55.56,
            "eps_4q": 1.08,
            "eps_4q_growth_year": 9.53,
            "roe": 0.97,
            "roe_4q": 7.62,
            "gross_profit": 49582,
            "gross_margin": 46.98,
            "gross_margin_4q_avg": 47.73,
            "net_income": 4215,
            "revenue": 105537,
            "common_shares": 303758,
            "book_valuer_per_share": 13.9,
            "book_valuer_per_share_4q_avg": 14.22,
            "equity": 422352,
            "current_ratio": 166.11,
            "debt_ratio": 43.35,
            "inventory_turnover_ratio": 0.42,
            "account_receivable_turnover_ratio": 0.77,
            "reinvestment_rate": -128.97,
            "research_to_sale_ratio": null,
            "price_fair": 28.35,
            "eps_avg_yearly": 0.81,
            "eps_latest_yearly": 0.56,
            "eps_growth_yearly": 379.13
        },
        "20163": {
            "year_quarter": 20163,
            "year": 2016,
            "quarter": 3,
            "eps": 0.22,
            "eps_growth_year": -18.52,
            "eps_4q": 1.04,
            "eps_4q_growth_year": -8.43,
            "roe": 1.58,
            "roe_4q": 7.28,
            "gross_profit": 49475,
            "gross_margin": 43.34,
            "gross_margin_4q_avg": 46.19,
            "net_income": 6689,
            "revenue": 114151,
            "common_shares": 303758,
            "book_valuer_per_share": 14.02,
            "book_valuer_per_share_4q_avg": 14.2,
            "equity": 425799,
            "current_ratio": 167.17,
            "debt_ratio": 42.56,
            "inventory_turnover_ratio": 0.46,
            "account_receivable_turnover_ratio": 0.83,
            "reinvestment_rate": -124.35,
            "research_to_sale_ratio": null,
            "price_fair": 30.19,
            "eps_avg_yearly": 0.86,
            "eps_latest_yearly": 0.88,
            "eps_growth_yearly": 415.92
        },
        "20164": {
            "year_quarter": 20164,
            "year": 2016,
            "quarter": 4,
            "eps": 0.33,
            "eps_growth_year": -1.02,
            "eps_4q": 1.03,
            "eps_4q_growth_year": 7.87,
            "roe": 2.35,
            "roe_4q": 7.25,
            "gross_profit": 52371,
            "gross_margin": 47.1,
            "gross_margin_4q_avg": 46.27,
            "net_income": 10142,
            "revenue": 111194,
            "common_shares": 303758,
            "book_valuer_per_share": 14.4,
            "book_valuer_per_share_4q_avg": 14.23,
            "equity": 437521,
            "current_ratio": 171.15,
            "debt_ratio": 41,
            "inventory_turnover_ratio": 0.41,
            "account_receivable_turnover_ratio": 0.81,
            "reinvestment_rate": -15.65,
            "research_to_sale_ratio": null,
            "price_fair": 32.29,
            "eps_avg_yearly": 0.92,
            "eps_latest_yearly": 1.32,
            "eps_growth_yearly": 228.42
        },
        "20171": {
            "year_quarter": 20171,
            "year": 2017,
            "quarter": 1,
            "eps": 0.18,
            "eps_growth_year": -47.06,
            "eps_4q": 0.88,
            "eps_4q_growth_year": -15.14,
            "roe": 1.28,
            "roe_4q": 6.18,
            "gross_profit": 50406,
            "gross_margin": 49.01,
            "gross_margin_4q_avg": 46.61,
            "net_income": 5608,
            "revenue": 102854,
            "common_shares": 303758,
            "book_valuer_per_share": 14.39,
            "book_valuer_per_share_4q_avg": 14.18,
            "equity": 437233,
            "current_ratio": 175.49,
            "debt_ratio": 39.21,
            "inventory_turnover_ratio": 0.36,
            "account_receivable_turnover_ratio": 0.78,
            "reinvestment_rate": -7.27,
            "research_to_sale_ratio": null,
            "price_fair": 32.55,
            "eps_avg_yearly": 0.93,
            "eps_latest_yearly": 0.72,
            "eps_growth_yearly": 200.39
        },
        "20172": {
            "year_quarter": 20172,
            "year": 2017,
            "quarter": 2,
            "eps": 0.2,
            "eps_growth_year": 42.86,
            "eps_4q": 0.94,
            "eps_4q_growth_year": -13.37,
            "roe": 1.42,
            "roe_4q": 6.630000000000001,
            "gross_profit": 49708,
            "gross_margin": 46.96,
            "gross_margin_4q_avg": 46.6,
            "net_income": 6072,
            "revenue": 105856,
            "common_shares": 303758,
            "book_valuer_per_share": 13.72,
            "book_valuer_per_share_4q_avg": 14.13,
            "equity": 416642,
            "current_ratio": 160.94,
            "debt_ratio": 43.53,
            "inventory_turnover_ratio": 0.37,
            "account_receivable_turnover_ratio": 0.84,
            "reinvestment_rate": -4.71,
            "research_to_sale_ratio": null,
            "price_fair": 33.6,
            "eps_avg_yearly": 0.96,
            "eps_latest_yearly": 0.8,
            "eps_growth_yearly": 214.83
        },
        "20173": {
            "year_quarter": 20173,
            "year": 2017,
            "quarter": 3,
            "eps": 0,
            "eps_growth_year": -100,
            "eps_4q": 0.72,
            "eps_4q_growth_year": -30.79,
            "roe": -0.01,
            "roe_4q": 5.04,
            "gross_profit": 39467,
            "gross_margin": 44.51,
            "gross_margin_4q_avg": 46.9,
            "net_income": -51,
            "revenue": 88663,
            "common_shares": 303758,
            "book_valuer_per_share": 13.77,
            "book_valuer_per_share_4q_avg": 14.07,
            "equity": 418230,
            "current_ratio": 171.28,
            "debt_ratio": 39.24,
            "inventory_turnover_ratio": 0.32,
            "account_receivable_turnover_ratio": 0.72,
            "reinvestment_rate": -4.22,
            "research_to_sale_ratio": null,
            "price_fair": 35.19,
            "eps_avg_yearly": 1.01,
            "eps_latest_yearly": 0.8,
            "eps_growth_yearly": 232.49
        },
        "20174": {
            "year_quarter": 20174,
            "year": 2017,
            "quarter": 4,
            "eps": 0.65,
            "eps_growth_year": 95.91,
            "eps_4q": 1.04,
            "eps_4q_growth_year": 0.47,
            "roe": 4.66,
            "roe_4q": 7.3500000000000005,
            "gross_profit": 71865,
            "gross_margin": 53.55,
            "gross_margin_4q_avg": 48.51,
            "net_income": 19869,
            "revenue": 134209,
            "common_shares": 303758,
            "book_valuer_per_share": 14.3,
            "book_valuer_per_share_4q_avg": 14.05,
            "equity": 434444,
            "current_ratio": 165.65,
            "debt_ratio": 43.26,
            "inventory_turnover_ratio": 0.4,
            "account_receivable_turnover_ratio": 0.9,
            "reinvestment_rate": -4.17,
            "research_to_sale_ratio": null,
            "price_fair": 33.3,
            "eps_avg_yearly": 0.95,
            "eps_latest_yearly": 0.8,
            "eps_growth_yearly": 98.07
        },
        "20181": {
            "year_quarter": 20181,
            "year": 2018,
            "quarter": 1,
            "eps": 0.45,
            "eps_growth_year": 150,
            "eps_4q": 1.31,
            "eps_4q_growth_year": 48.8,
            "roe": 3.13,
            "roe_4q": 9.2,
            "gross_profit": 57327,
            "gross_margin": 49.08,
            "gross_margin_4q_avg": 48.53,
            "net_income": 13772,
            "revenue": 116795,
            "common_shares": 303758,
            "book_valuer_per_share": 14.7,
            "book_valuer_per_share_4q_avg": 14.12,
            "equity": 446627,
            "current_ratio": 176.18,
            "debt_ratio": 39.51,
            "inventory_turnover_ratio": 0.4,
            "account_receivable_turnover_ratio": 0.71,
            "reinvestment_rate": -14.64,
            "research_to_sale_ratio": null,
            "price_fair": 35.6,
            "eps_avg_yearly": 1.02,
            "eps_latest_yearly": 1.8,
            "eps_growth_yearly": 103.57
        },
        "20182": {
            "year_quarter": 20182,
            "year": 2018,
            "quarter": 2,
            "eps": 0.14,
            "eps_growth_year": -30,
            "eps_4q": 1.25,
            "eps_4q_growth_year": 33.17,
            "roe": 1.01,
            "roe_4q": 8.790000000000001,
            "gross_profit": 46212,
            "gross_margin": 46.65,
            "gross_margin_4q_avg": 48.45,
            "net_income": 4377,
            "revenue": 99054,
            "common_shares": 303758,
            "book_valuer_per_share": 13.94,
            "book_valuer_per_share_4q_avg": 14.18,
            "equity": 423384,
            "current_ratio": 162.08,
            "debt_ratio": 43.66,
            "inventory_turnover_ratio": 0.39,
            "account_receivable_turnover_ratio": 0.69,
            "reinvestment_rate": -14.64,
            "research_to_sale_ratio": null,
            "price_fair": 36,
            "eps_avg_yearly": 1.03,
            "eps_latest_yearly": 0.56,
            "eps_growth_yearly": 99.47
        },
        "20183": {
            "year_quarter": 20183,
            "year": 2018,
            "quarter": 3,
            "eps": -0.13,
            "eps_growth_year": null,
            "eps_4q": 1.12,
            "eps_4q_growth_year": 56.04,
            "roe": -0.96,
            "roe_4q": 7.84,
            "gross_profit": 40831,
            "gross_margin": 42.9,
            "gross_margin_4q_avg": 48.05,
            "net_income": -4046,
            "revenue": 95187,
            "common_shares": 303758,
            "book_valuer_per_share": 13.84,
            "book_valuer_per_share_4q_avg": 14.2,
            "equity": 420463,
            "current_ratio": 171.4,
            "debt_ratio": 41.1,
            "inventory_turnover_ratio": 0.4,
            "account_receivable_turnover_ratio": 0.7,
            "reinvestment_rate": -16.12,
            "research_to_sale_ratio": null,
            "price_fair": 37.37,
            "eps_avg_yearly": 1.07,
            "eps_latest_yearly": 0.56,
            "eps_growth_yearly": 97.89
        },
        "20184": {
            "year_quarter": 20184,
            "year": 2018,
            "quarter": 4,
            "eps": 0.49,
            "eps_growth_year": -25.26,
            "eps_4q": 0.95,
            "eps_4q_growth_year": -8.08,
            "roe": 3.47,
            "roe_4q": 6.65,
            "gross_profit": 45735,
            "gross_margin": 41.25,
            "gross_margin_4q_avg": 44.97,
            "net_income": 14851,
            "revenue": 110870,
            "common_shares": 303758,
            "book_valuer_per_share": 14.36,
            "book_valuer_per_share_4q_avg": 14.21,
            "equity": 436302,
            "current_ratio": 167.5,
            "debt_ratio": 42.87,
            "inventory_turnover_ratio": 0.47,
            "account_receivable_turnover_ratio": 0.77,
            "reinvestment_rate": -17.5,
            "research_to_sale_ratio": null,
            "price_fair": 18.36,
            "eps_avg_yearly": 0.99,
            "eps_latest_yearly": 0.56,
            "eps_growth_yearly": 8.61
        },
        "20191": {
            "year_quarter": 20191,
            "year": 2019,
            "quarter": 1,
            "eps": 0.28,
            "eps_growth_year": -37.78,
            "eps_4q": 0.78,
            "eps_4q_growth_year": -39.95,
            "roe": 1.95,
            "roe_4q": 5.47,
            "gross_profit": 50000,
            "gross_margin": 43.84,
            "gross_margin_4q_avg": 43.66,
            "net_income": 8635,
            "revenue": 114057,
            "common_shares": 303758,
            "book_valuer_per_share": 14.8,
            "book_valuer_per_share_4q_avg": 14.24,
            "equity": 449515,
            "current_ratio": 167.05,
            "debt_ratio": 44.2,
            "inventory_turnover_ratio": 0.46,
            "account_receivable_turnover_ratio": 0.76,
            "reinvestment_rate": -18.4,
            "research_to_sale_ratio": null,
            "price_fair": 20.53,
            "eps_avg_yearly": 0.99,
            "eps_latest_yearly": 1.12,
            "eps_growth_yearly": 10.67
        },
        "20192": {
            "year_quarter": 20192,
            "year": 2019,
            "quarter": 2,
            "eps": 0.38,
            "eps_growth_year": 171.43,
            "eps_4q": 1.01,
            "eps_4q_growth_year": -19.12,
            "roe": 2.55,
            "roe_4q": 7.010000000000001,
            "gross_profit": 52800,
            "gross_margin": 45.3,
            "gross_margin_4q_avg": 43.32,
            "net_income": 11267,
            "revenue": 116559,
            "common_shares": 303758,
            "book_valuer_per_share": 14.28,
            "book_valuer_per_share_4q_avg": 14.32,
            "equity": 433697,
            "current_ratio": 155.58,
            "debt_ratio": 47.58,
            "inventory_turnover_ratio": 0.46,
            "account_receivable_turnover_ratio": 0.76,
            "reinvestment_rate": -18.54,
            "research_to_sale_ratio": null,
            "price_fair": 38.15,
            "eps_avg_yearly": 1.09,
            "eps_latest_yearly": 1.52,
            "eps_growth_yearly": 44.37
        },
        "20193": {
            "year_quarter": 20193,
            "year": 2019,
            "quarter": 3,
            "eps": 0.05,
            "eps_growth_year": null,
            "eps_4q": 1.19,
            "eps_4q_growth_year": 6.38,
            "roe": 0.32,
            "roe_4q": 8.29,
            "gross_profit": 35996,
            "gross_margin": 38.48,
            "gross_margin_4q_avg": 42.22,
            "net_income": 1385,
            "revenue": 93547,
            "common_shares": 303758,
            "book_valuer_per_share": 14.11,
            "book_valuer_per_share_4q_avg": 14.39,
            "equity": 428623,
            "current_ratio": 166.6,
            "debt_ratio": 43.97,
            "inventory_turnover_ratio": 0.41,
            "account_receivable_turnover_ratio": 0.63,
            "reinvestment_rate": -20.09,
            "research_to_sale_ratio": null,
            "price_fair": 3.05,
            "eps_avg_yearly": 1.02,
            "eps_latest_yearly": 0.2,
            "eps_growth_yearly": -51.25
        },
        "20194": {
            "year_quarter": 20194,
            "year": 2019,
            "quarter": 4,
            "eps": 0.3,
            "eps_growth_year": -39.32,
            "eps_4q": 1,
            "eps_4q_growth_year": 4.65,
            "roe": 2.08,
            "roe_4q": 6.8999999999999995,
            "gross_profit": 50550,
            "gross_margin": 48.82,
            "gross_margin_4q_avg": 44.11,
            "net_income": 9012,
            "revenue": 103554,
            "common_shares": 303758,
            "book_valuer_per_share": 14.41,
            "book_valuer_per_share_4q_avg": 14.4,
            "equity": 437704,
            "current_ratio": 166.15,
            "debt_ratio": 44.19,
            "inventory_turnover_ratio": 0.37,
            "account_receivable_turnover_ratio": 0.8,
            "reinvestment_rate": -20.32,
            "research_to_sale_ratio": null,
            "price_fair": 35.12,
            "eps_avg_yearly": 1,
            "eps_latest_yearly": 1.2,
            "eps_growth_yearly": 106.78
        },
        "20201": {
            "year_quarter": 20201,
            "year": 2020,
            "quarter": 1,
            "eps": 0.01,
            "eps_growth_year": -96.43,
            "eps_4q": 0.72,
            "eps_4q_growth_year": -7.66,
            "roe": 0.07,
            "roe_4q": 5.02,
            "gross_profit": 40975,
            "gross_margin": 42.18,
            "gross_margin_4q_avg": 43.7,
            "net_income": 328,
            "revenue": 97132,
            "common_shares": 303758,
            "book_valuer_per_share": 14.4,
            "book_valuer_per_share_4q_avg": 14.3,
            "equity": 437563,
            "current_ratio": 171.29,
            "debt_ratio": 42.13,
            "inventory_turnover_ratio": 0.39,
            "account_receivable_turnover_ratio": 0.82,
            "reinvestment_rate": -22.18,
            "research_to_sale_ratio": null,
            "price_fair": 31.27,
            "eps_avg_yearly": 0.89,
            "eps_latest_yearly": 0.04,
            "eps_growth_yearly": 74.56
        },
        "20202": {
            "year_quarter": 20202,
            "year": 2020,
            "quarter": 2,
            "eps": 0.28,
            "eps_growth_year": -26.32,
            "eps_4q": 0.63,
            "eps_4q_growth_year": -37.73,
            "roe": 1.96,
            "roe_4q": 4.43,
            "gross_profit": 43039,
            "gross_margin": 40.74,
            "gross_margin_4q_avg": 42.56,
            "net_income": 8395,
            "revenue": 105650,
            "common_shares": 303758,
            "book_valuer_per_share": 13.83,
            "book_valuer_per_share_4q_avg": 14.19,
            "equity": 420239,
            "current_ratio": 158.55,
            "debt_ratio": 45.44,
            "inventory_turnover_ratio": 0.44,
            "account_receivable_turnover_ratio": 0.92,
            "reinvestment_rate": -16.18,
            "research_to_sale_ratio": null,
            "price_fair": 32.9,
            "eps_avg_yearly": 0.94,
            "eps_latest_yearly": 1.12,
            "eps_growth_yearly": 994.16
        },
        "20203": {
            "year_quarter": 20203,
            "year": 2020,
            "quarter": 3,
            "eps": 0.21,
            "eps_growth_year": 320,
            "eps_4q": 0.79,
            "eps_4q_growth_year": -33.61,
            "roe": 1.48,
            "roe_4q": 5.59,
            "gross_profit": 44697,
            "gross_margin": 41.51,
            "gross_margin_4q_avg": 43.31,
            "net_income": 6256,
            "revenue": 107674,
            "common_shares": 303758,
            "book_valuer_per_share": 13.98,
            "book_valuer_per_share_4q_avg": 14.16,
            "equity": 424756,
            "current_ratio": 165.24,
            "debt_ratio": 43.01,
            "inventory_turnover_ratio": 0.45,
            "account_receivable_turnover_ratio": 0.87,
            "reinvestment_rate": -16.2,
            "research_to_sale_ratio": null,
            "price_fair": 32.78,
            "eps_avg_yearly": 0.94,
            "eps_latest_yearly": 0.84,
            "eps_growth_yearly": 966.78
        },
        "20204": {
            "year_quarter": 20204,
            "year": 2020,
            "quarter": 4,
            "eps": 0.45,
            "eps_growth_year": 52.14,
            "eps_4q": 0.94,
            "eps_4q_growth_year": -5.31,
            "roe": 3.18,
            "roe_4q": 6.69,
            "gross_profit": 56381,
            "gross_margin": 47.35,
            "gross_margin_4q_avg": 42.95,
            "net_income": 13711,
            "revenue": 119072,
            "common_shares": 303758,
            "book_valuer_per_share": 14.45,
            "book_valuer_per_share_4q_avg": 14.17,
            "equity": 438795,
            "current_ratio": 163.22,
            "debt_ratio": 44.18,
            "inventory_turnover_ratio": 0.45,
            "account_receivable_turnover_ratio": 0.87,
            "reinvestment_rate": -16.08,
            "research_to_sale_ratio": null,
            "price_fair": 34.18,
            "eps_avg_yearly": 0.98,
            "eps_latest_yearly": 1.8,
            "eps_growth_yearly": 988.21
        },
        "20211": {
            "year_quarter": 20211,
            "year": 2021,
            "quarter": 1,
            "eps": 0.16,
            "eps_growth_year": 1500,
            "eps_4q": 1.09,
            "eps_4q_growth_year": 50.76,
            "roe": 1.09,
            "roe_4q": 7.71,
            "gross_profit": 45325,
            "gross_margin": 41.61,
            "gross_margin_4q_avg": 42.8,
            "net_income": 4794,
            "revenue": 108928,
            "common_shares": 303758,
            "book_valuer_per_share": 14.6,
            "book_valuer_per_share_4q_avg": 14.22,
            "equity": 443615,
            "current_ratio": 168.94,
            "debt_ratio": 42.28,
            "inventory_turnover_ratio": 0.47,
            "account_receivable_turnover_ratio": 0.79,
            "reinvestment_rate": -16.17,
            "research_to_sale_ratio": null,
            "price_fair": 33.95,
            "eps_avg_yearly": 0.97,
            "eps_latest_yearly": 0.64,
            "eps_growth_yearly": 981.88
        },
        "20212": {
            "year_quarter": 20212,
            "year": 2021,
            "quarter": 2,
            "eps": 0.04,
            "eps_growth_year": -85.71,
            "eps_4q": 0.85,
            "eps_4q_growth_year": 35.5,
            "roe": 0.26,
            "roe_4q": 6.01,
            "gross_profit": 39881,
            "gross_margin": 46.67,
            "gross_margin_4q_avg": 44.29,
            "net_income": 1147,
            "revenue": 85459,
            "common_shares": 303758,
            "book_valuer_per_share": 14.64,
            "book_valuer_per_share_4q_avg": 14.42,
            "equity": 444582,
            "current_ratio": 172.1,
            "debt_ratio": 41.42,
            "inventory_turnover_ratio": 0.33,
            "account_receivable_turnover_ratio": 0.7,
            "reinvestment_rate": -19.48,
            "research_to_sale_ratio": null,
            "price_fair": 32.08,
            "eps_avg_yearly": 0.92,
            "eps_latest_yearly": 0.16,
            "eps_growth_yearly": 953.18
        },
        "20213": {
            "year_quarter": 20213,
            "year": 2021,
            "quarter": 3,
            "eps": 0.46,
            "eps_growth_year": 119.05,
            "eps_4q": 1.11,
            "eps_4q_growth_year": 39.96,
            "roe": 3.17,
            "roe_4q": 7.699999999999999,
            "gross_profit": 51737,
            "gross_margin": 45.54,
            "gross_margin_4q_avg": 45.29,
            "net_income": 13926,
            "revenue": 113605,
            "common_shares": 303758,
            "book_valuer_per_share": 14.26,
            "book_valuer_per_share_4q_avg": 14.49,
            "equity": 433036,
            "current_ratio": 160.07,
            "debt_ratio": 44.8,
            "inventory_turnover_ratio": 0.44,
            "account_receivable_turnover_ratio": 0.95,
            "reinvestment_rate": -17.58,
            "research_to_sale_ratio": null,
            "price_fair": 34.57,
            "eps_avg_yearly": 0.99,
            "eps_latest_yearly": 1.84,
            "eps_growth_yearly": 1202.93
        },
        "20214": {
            "year_quarter": 20214,
            "year": 2021,
            "quarter": 4,
            "eps": 0.34,
            "eps_growth_year": -24.25,
            "eps_4q": 1,
            "eps_4q_growth_year": 5.45,
            "roe": 2.37,
            "roe_4q": 6.89,
            "gross_profit": 60226,
            "gross_margin": 45.23,
            "gross_margin_4q_avg": 44.76,
            "net_income": 10386,
            "revenue": 133161,
            "common_shares": 303758,
            "book_valuer_per_share": 14.61,
            "book_valuer_per_share_4q_avg": 14.53,
            "equity": 443666,
            "current_ratio": 162.24,
            "debt_ratio": 44.54,
            "inventory_turnover_ratio": 0.53,
            "account_receivable_turnover_ratio": 0.95,
            "reinvestment_rate": -18.76,
            "research_to_sale_ratio": null,
            "price_fair": 35.5,
            "eps_avg_yearly": 1.01,
            "eps_latest_yearly": 1.36,
            "eps_growth_yearly": 1109.56
        },
        "20221": {
            "year_quarter": 20221,
            "year": 2022,
            "quarter": 1,
            "eps": 0.33,
            "eps_growth_year": 106.25,
            "eps_4q": 1.17,
            "eps_4q_growth_year": 6.85,
            "roe": 2.22,
            "roe_4q": 8.02,
            "gross_profit": 48718,
            "gross_margin": 42.78,
            "gross_margin_4q_avg": 45.06,
            "net_income": 9968,
            "revenue": 113884,
            "common_shares": 303758,
            "book_valuer_per_share": 14.95,
            "book_valuer_per_share_4q_avg": 14.62,
            "equity": 454030,
            "current_ratio": 169.88,
            "debt_ratio": 42.34,
            "inventory_turnover_ratio": 0.47,
            "account_receivable_turnover_ratio": 0.81,
            "reinvestment_rate": -7.55,
            "research_to_sale_ratio": null,
            "price_fair": 34.3,
            "eps_avg_yearly": 0.98,
            "eps_latest_yearly": 1.32,
            "eps_growth_yearly": 1117.51
        },
        "20222": {
            "year_quarter": 20222,
            "year": 2022,
            "quarter": 2,
            "eps": 0.29,
            "eps_growth_year": 625,
            "eps_4q": 1.42,
            "eps_4q_growth_year": 66.27,
            "roe": 1.98,
            "roe_4q": 9.74,
            "gross_profit": 46148,
            "gross_margin": 41.86,
            "gross_margin_4q_avg": 43.85,
            "net_income": 8796,
            "revenue": 110247,
            "common_shares": 303758,
            "book_valuer_per_share": 14.32,
            "book_valuer_per_share_4q_avg": 14.54,
            "equity": 434844,
            "current_ratio": 160.02,
            "debt_ratio": 45.12,
            "inventory_turnover_ratio": 0.46,
            "account_receivable_turnover_ratio": 0.85,
            "reinvestment_rate": -6.83,
            "research_to_sale_ratio": null,
            "price_fair": 35.8,
            "eps_avg_yearly": 1.02,
            "eps_latest_yearly": 1.16,
            "eps_growth_yearly": 1133.73
        },
        "20223": {
            "year_quarter": 20223,
            "year": 2022,
            "quarter": 3,
            "eps": 0.32,
            "eps_growth_year": -30.43,
            "eps_4q": 1.29,
            "eps_4q_growth_year": 16.3,
            "roe": 2.25,
            "roe_4q": 8.82,
            "gross_profit": 51285,
            "gross_margin": 45.59,
            "gross_margin_4q_avg": 43.87,
            "net_income": 9901,
            "revenue": 112492,
            "common_shares": 303758,
            "book_valuer_per_share": 14.65,
            "book_valuer_per_share_4q_avg": 14.63,
            "equity": 444936,
            "current_ratio": 161.29,
            "debt_ratio": 47.52,
            "inventory_turnover_ratio": 0.44,
            "account_receivable_turnover_ratio": 0.86,
            "reinvestment_rate": -6.06,
            "research_to_sale_ratio": null,
            "price_fair": 36.4,
            "eps_avg_yearly": 1.04,
            "eps_latest_yearly": 1.28,
            "eps_growth_yearly": 1060.9
        },
        "20224": {
            "year_quarter": 20224,
            "year": 2022,
            "quarter": 4,
            "eps": 0.19,
            "eps_growth_year": -44.65,
            "eps_4q": 1.13,
            "eps_4q_growth_year": 13.75,
            "roe": 1.28,
            "roe_4q": 7.73,
            "gross_profit": 61466,
            "gross_margin": 46.5,
            "gross_margin_4q_avg": 44.18,
            "net_income": 5749,
            "revenue": 132185,
            "common_shares": 303758,
            "book_valuer_per_share": 14.89,
            "book_valuer_per_share_4q_avg": 14.7,
            "equity": 452417,
            "current_ratio": 155.96,
            "debt_ratio": 48.59,
            "inventory_turnover_ratio": 0.5,
            "account_receivable_turnover_ratio": 0.93,
            "reinvestment_rate": -6.38,
            "research_to_sale_ratio": null,
            "price_fair": 35.79,
            "eps_avg_yearly": 1.02,
            "eps_latest_yearly": 0.76,
            "eps_growth_yearly": 984.44
        },
        "20231": {
            "year_quarter": 20231,
            "year": 2023,
            "quarter": 1,
            "eps": 0.07,
            "eps_growth_year": -78.79,
            "eps_4q": 0.88,
            "eps_4q_growth_year": -24.79,
            "roe": 0.48,
            "roe_4q": 5.99,
            "gross_profit": 41140,
            "gross_margin": 40.88,
            "gross_margin_4q_avg": 43.71,
            "net_income": 2199,
            "revenue": 100626,
            "common_shares": 303758,
            "book_valuer_per_share": 14.97,
            "book_valuer_per_share_4q_avg": 14.71,
            "equity": 454705,
            "current_ratio": 162.47,
            "debt_ratio": 46.3,
            "inventory_turnover_ratio": 0.42,
            "account_receivable_turnover_ratio": 0.72,
            "reinvestment_rate": -6.3,
            "research_to_sale_ratio": null,
            "price_fair": 33.95,
            "eps_avg_yearly": 0.97,
            "eps_latest_yearly": 0.28,
            "eps_growth_yearly": 979.36
        }
    },
    "months": {
        "2001-06": {
            "month": "2001-06",
            "price": "17.12",
            "revenue": 32739
        },
        "2001-07": {
            "month": "2001-07",
            "price": "16.00",
            "revenue": 27031
        },
        "2001-08": {
            "month": "2001-08",
            "price": "20.17",
            "revenue": 22354
        },
        "2001-09": {
            "month": "2001-09",
            "price": "15.19",
            "revenue": 30890
        },
        "2001-10": {
            "month": "2001-10",
            "price": "13.92",
            "revenue": 31765
        },
        "2001-11": {
            "month": "2001-11",
            "price": "14.73",
            "revenue": 41792
        },
        "2001-12": {
            "month": "2001-12",
            "price": "15.99",
            "revenue": 51127
        },
        "2002-01": {
            "month": "2002-01",
            "price": "16.01",
            "revenue": 33644
        },
        "2002-02": {
            "month": "2002-02",
            "price": "16.08",
            "revenue": 38011
        },
        "2002-03": {
            "month": "2002-03",
            "price": "16.37",
            "revenue": 39965
        },
        "2002-04": {
            "month": "2002-04",
            "price": "16.69",
            "revenue": 39831
        },
        "2002-05": {
            "month": "2002-05",
            "price": "17.20",
            "revenue": 35814
        },
        "2002-06": {
            "month": "2002-06",
            "price": "16.97",
            "revenue": 29234
        },
        "2002-07": {
            "month": "2002-07",
            "price": "16.14",
            "revenue": 31292
        },
        "2002-08": {
            "month": "2002-08",
            "price": "15.75",
            "revenue": 31477
        },
        "2002-09": {
            "month": "2002-09",
            "price": "15.50",
            "revenue": 35243
        },
        "2002-10": {
            "month": "2002-10",
            "price": "15.00",
            "revenue": 24154
        },
        "2002-11": {
            "month": "2002-11",
            "price": "15.79",
            "revenue": 38390
        },
        "2002-12": {
            "month": "2002-12",
            "price": "15.68",
            "revenue": 42678
        },
        "2003-01": {
            "month": "2003-01",
            "price": "16.05",
            "revenue": 48023
        },
        "2003-02": {
            "month": "2003-02",
            "price": "16.06",
            "revenue": 37625
        },
        "2003-03": {
            "month": "2003-03",
            "price": "16.14",
            "revenue": 40408
        },
        "2003-04": {
            "month": "2003-04",
            "price": "15.58",
            "revenue": 22335
        },
        "2003-05": {
            "month": "2003-05",
            "price": "15.03",
            "revenue": 28120
        },
        "2003-06": {
            "month": "2003-06",
            "price": "14.67",
            "revenue": 26894
        },
        "2003-07": {
            "month": "2003-07",
            "price": "13.96",
            "revenue": 23549
        },
        "2003-08": {
            "month": "2003-08",
            "price": "13.82",
            "revenue": 29999
        },
        "2003-09": {
            "month": "2003-09",
            "price": "13.42",
            "revenue": 33012
        },
        "2003-10": {
            "month": "2003-10",
            "price": "13.29",
            "revenue": 21613
        },
        "2003-11": {
            "month": "2003-11",
            "price": "13.36",
            "revenue": 19931
        },
        "2003-12": {
            "month": "2003-12",
            "price": "13.14",
            "revenue": 22358
        },
        "2004-01": {
            "month": "2004-01",
            "price": "13.17",
            "revenue": 28511
        },
        "2004-02": {
            "month": "2004-02",
            "price": "14.06",
            "revenue": 48117
        },
        "2004-03": {
            "month": "2004-03",
            "price": "13.50",
            "revenue": 30841
        },
        "2004-04": {
            "month": "2004-04",
            "price": "13.70",
            "revenue": 41489
        },
        "2004-05": {
            "month": "2004-05",
            "price": "13.29",
            "revenue": 23657
        },
        "2004-06": {
            "month": "2004-06",
            "price": "13.08",
            "revenue": 30603
        },
        "2004-07": {
            "month": "2004-07",
            "price": "13.15",
            "revenue": 36908
        },
        "2004-08": {
            "month": "2004-08",
            "price": "13.17",
            "revenue": 35293
        },
        "2004-09": {
            "month": "2004-09",
            "price": "13.40",
            "revenue": 38449
        },
        "2004-10": {
            "month": "2004-10",
            "price": "13.17",
            "revenue": 27249
        },
        "2004-11": {
            "month": "2004-11",
            "price": "12.93",
            "revenue": 41854
        },
        "2004-12": {
            "month": "2004-12",
            "price": "12.97",
            "revenue": 40743
        },
        "2005-01": {
            "month": "2005-01",
            "price": "13.28",
            "revenue": 49939
        },
        "2005-02": {
            "month": "2005-02",
            "price": "13.40",
            "revenue": 50403
        },
        "2005-03": {
            "month": "2005-03",
            "price": "13.71",
            "revenue": 40212
        },
        "2005-04": {
            "month": "2005-04",
            "price": "13.78",
            "revenue": 38272
        },
        "2005-05": {
            "month": "2005-05",
            "price": "13.51",
            "revenue": 41905
        },
        "2005-06": {
            "month": "2005-06",
            "price": "13.66",
            "revenue": 38331
        },
        "2005-07": {
            "month": "2005-07",
            "price": "13.31",
            "revenue": 46840
        },
        "2005-08": {
            "month": "2005-08",
            "price": "13.11",
            "revenue": 26690
        },
        "2005-09": {
            "month": "2005-09",
            "price": "13.16",
            "revenue": 17557
        },
        "2005-10": {
            "month": "2005-10",
            "price": "12.73",
            "revenue": 32496
        },
        "2005-11": {
            "month": "2005-11",
            "price": "12.62",
            "revenue": 23335
        },
        "2005-12": {
            "month": "2005-12",
            "price": "12.59",
            "revenue": 35006
        },
        "2006-01": {
            "month": "2006-01",
            "price": "12.67",
            "revenue": 34519
        },
        "2006-02": {
            "month": "2006-02",
            "price": "12.56",
            "revenue": 39685
        },
        "2006-03": {
            "month": "2006-03",
            "price": "12.39",
            "revenue": 34639
        },
        "2006-04": {
            "month": "2006-04",
            "price": "12.62",
            "revenue": 50753
        },
        "2006-05": {
            "month": "2006-05",
            "price": "13.03",
            "revenue": 37609
        },
        "2006-06": {
            "month": "2006-06",
            "price": "12.72",
            "revenue": 26384
        },
        "2006-07": {
            "month": "2006-07",
            "price": "12.08",
            "revenue": 27528
        },
        "2006-08": {
            "month": "2006-08",
            "price": "12.06",
            "revenue": 37192
        },
        "2006-09": {
            "month": "2006-09",
            "price": "12.27",
            "revenue": 52613
        },
        "2006-10": {
            "month": "2006-10",
            "price": "12.78",
            "revenue": 25870
        },
        "2006-11": {
            "month": "2006-11",
            "price": "13.72",
            "revenue": 15079
        },
        "2006-12": {
            "month": "2006-12",
            "price": "14.00",
            "revenue": 43698
        },
        "2007-01": {
            "month": "2007-01",
            "price": "13.86",
            "revenue": 36632
        },
        "2007-02": {
            "month": "2007-02",
            "price": "13.95",
            "revenue": 40717
        },
        "2007-03": {
            "month": "2007-03",
            "price": "14.24",
            "revenue": 29838
        },
        "2007-04": {
            "month": "2007-04",
            "price": "14.75",
            "revenue": 29179
        },
        "2007-05": {
            "month": "2007-05",
            "price": "15.31",
            "revenue": 29715
        },
        "2007-06": {
            "month": "2007-06",
            "price": "15.22",
            "revenue": 36479
        },
        "2007-07": {
            "month": "2007-07",
            "price": "14.77",
            "revenue": 22748
        },
        "2007-08": {
            "month": "2007-08",
            "price": "14.13",
            "revenue": 24908
        },
        "2007-09": {
            "month": "2007-09",
            "price": "13.66",
            "revenue": 34920
        },
        "2007-10": {
            "month": "2007-10",
            "price": "13.69",
            "revenue": 23626
        },
        "2007-11": {
            "month": "2007-11",
            "price": "13.32",
            "revenue": 29532
        },
        "2007-12": {
            "month": "2007-12",
            "price": "13.07",
            "revenue": 33595
        },
        "2008-01": {
            "month": "2008-01",
            "price": "12.42",
            "revenue": 31376
        },
        "2008-02": {
            "month": "2008-02",
            "price": "12.36",
            "revenue": 26919
        },
        "2008-03": {
            "month": "2008-03",
            "price": "12.79",
            "revenue": 29683
        },
        "2008-04": {
            "month": "2008-04",
            "price": "13.10",
            "revenue": 24153
        },
        "2008-05": {
            "month": "2008-05",
            "price": "13.54",
            "revenue": 24222
        },
        "2008-06": {
            "month": "2008-06",
            "price": "12.70",
            "revenue": 38540
        },
        "2008-07": {
            "month": "2008-07",
            "price": "10.37",
            "revenue": 33877
        },
        "2008-08": {
            "month": "2008-08",
            "price": "10.41",
            "revenue": 39635
        },
        "2008-09": {
            "month": "2008-09",
            "price": "10.14",
            "revenue": 20979
        },
        "2008-10": {
            "month": "2008-10",
            "price": "9.04",
            "revenue": 39221
        },
        "2008-11": {
            "month": "2008-11",
            "price": "8.58",
            "revenue": 28855
        },
        "2008-12": {
            "month": "2008-12",
            "price": "8.64",
            "revenue": 29133
        },
        "2009-01": {
            "month": "2009-01",
            "price": "8.87",
            "revenue": 28864
        },
        "2009-02": {
            "month": "2009-02",
            "price": "9.33",
            "revenue": 32623
        },
        "2009-03": {
            "month": "2009-03",
            "price": "11.92",
            "revenue": 38084
        },
        "2009-04": {
            "month": "2009-04",
            "price": "13.64",
            "revenue": 34386
        },
        "2009-05": {
            "month": "2009-05",
            "price": "13.91",
            "revenue": 30528
        },
        "2009-06": {
            "month": "2009-06",
            "price": "13.83",
            "revenue": 45550
        },
        "2009-07": {
            "month": "2009-07",
            "price": "13.39",
            "revenue": 25740
        },
        "2009-08": {
            "month": "2009-08",
            "price": "13.23",
            "revenue": 25504
        },
        "2009-09": {
            "month": "2009-09",
            "price": "13.59",
            "revenue": 47685
        },
        "2009-10": {
            "month": "2009-10",
            "price": "13.61",
            "revenue": 28055
        },
        "2009-11": {
            "month": "2009-11",
            "price": "13.91",
            "revenue": 51941
        },
        "2009-12": {
            "month": "2009-12",
            "price": "14.48",
            "revenue": 26761
        },
        "2010-01": {
            "month": "2010-01",
            "price": "14.56",
            "revenue": 38229
        },
        "2010-02": {
            "month": "2010-02",
            "price": "14.43",
            "revenue": 40897
        },
        "2010-03": {
            "month": "2010-03",
            "price": "14.87",
            "revenue": 39470
        },
        "2010-04": {
            "month": "2010-04",
            "price": "15.86",
            "revenue": 28705
        },
        "2010-05": {
            "month": "2010-05",
            "price": "18.63",
            "revenue": 30143
        },
        "2010-06": {
            "month": "2010-06",
            "price": "19.05",
            "revenue": 38804
        },
        "2010-07": {
            "month": "2010-07",
            "price": "18.00",
            "revenue": 32418
        },
        "2010-08": {
            "month": "2010-08",
            "price": "20.54",
            "revenue": 27658
        },
        "2010-09": {
            "month": "2010-09",
            "price": "18.98",
            "revenue": 34228
        },
        "2010-10": {
            "month": "2010-10",
            "price": "19.01",
            "revenue": 46609
        },
        "2010-11": {
            "month": "2010-11",
            "price": "18.81",
            "revenue": 39924
        },
        "2010-12": {
            "month": "2010-12",
            "price": "18.96",
            "revenue": 34842
        },
        "2011-01": {
            "month": "2011-01",
            "price": "18.58",
            "revenue": 37934
        },
        "2011-02": {
            "month": "2011-02",
            "price": "18.62",
            "revenue": 30214
        },
        "2011-03": {
            "month": "2011-03",
            "price": "18.18",
            "revenue": 39634
        },
        "2011-04": {
            "month": "2011-04",
            "price": "18.35",
            "revenue": 31623
        },
        "2011-05": {
            "month": "2011-05",
            "price": "19.60",
            "revenue": 31300
        },
        "2011-06": {
            "month": "2011-06",
            "price": "19.98",
            "revenue": 29651
        },
        "2011-07": {
            "month": "2011-07",
            "price": "18.78",
            "revenue": 29217
        },
        "2011-08": {
            "month": "2011-08",
            "price": "18.24",
            "revenue": 32820
        },
        "2011-09": {
            "month": "2011-09",
            "price": "18.55",
            "revenue": 36248
        },
        "2011-10": {
            "month": "2011-10",
            "price": "18.68",
            "revenue": 24641
        },
        "2011-11": {
            "month": "2011-11",
            "price": "18.94",
            "revenue": 25089
        },
        "2011-12": {
            "month": "2011-12",
            "price": "17.31",
            "revenue": 36457
        },
        "2012-01": {
            "month": "2012-01",
            "price": "15.83",
            "revenue": 34273
        },
        "2012-02": {
            "month": "2012-02",
            "price": "16.17",
            "revenue": 29847
        },
        "2012-03": {
            "month": "2012-03",
            "price": "17.33",
            "revenue": 31038
        },
        "2012-04": {
            "month": "2012-04",
            "price": "17.66",
            "revenue": 28622
        },
        "2012-05": {
            "month": "2012-05",
            "price": "17.60",
            "revenue": 24548
        },
        "2012-06": {
            "month": "2012-06",
            "price": "18.14",
            "revenue": 33413
        },
        "2012-07": {
            "month": "2012-07",
            "price": "17.08",
            "revenue": 23463
        },
        "2012-08": {
            "month": "2012-08",
            "price": "16.85",
            "revenue": 28662
        },
        "2012-09": {
            "month": "2012-09",
            "price": "16.54",
            "revenue": 27641
        },
        "2012-10": {
            "month": "2012-10",
            "price": "16.02",
            "revenue": 21123
        },
        "2012-11": {
            "month": "2012-11",
            "price": "15.44",
            "revenue": 25607
        },
        "2012-12": {
            "month": "2012-12",
            "price": "15.94",
            "revenue": 24691
        },
        "2013-01": {
            "month": "2013-01",
            "price": "16.02",
            "revenue": 29434
        },
        "2013-02": {
            "month": "2013-02",
            "price": "16.30",
            "revenue": 26667
        },
        "2013-03": {
            "month": "2013-03",
            "price": "16.45",
            "revenue": 24881
        },
        "2013-04": {
            "month": "2013-04",
            "price": "16.70",
            "revenue": 25260
        },
        "2013-05": {
            "month": "2013-05",
            "price": "17.52",
            "revenue": 20120
        },
        "2013-06": {
            "month": "2013-06",
            "price": "17.98",
            "revenue": 31880
        },
        "2013-07": {
            "month": "2013-07",
            "price": "17.28",
            "revenue": 24590
        },
        "2013-08": {
            "month": "2013-08",
            "price": "16.93",
            "revenue": 28232
        },
        "2013-09": {
            "month": "2013-09",
            "price": "17.22",
            "revenue": 24409
        },
        "2013-10": {
            "month": "2013-10",
            "price": "17.90",
            "revenue": 33716
        },
        "2013-11": {
            "month": "2013-11",
            "price": "17.59",
            "revenue": 29435
        },
        "2013-12": {
            "month": "2013-12",
            "price": "17.93",
            "revenue": 38388
        },
        "2014-01": {
            "month": "2014-01",
            "price": "17.95",
            "revenue": 36229
        },
        "2014-02": {
            "month": "2014-02",
            "price": "18.22",
            "revenue": 22084
        },
        "2014-03": {
            "month": "2014-03",
            "price": "18.29",
            "revenue": 26396
        },
        "2014-04": {
            "month": "2014-04",
            "price": "18.39",
            "revenue": 26068
        },
        "2014-05": {
            "month": "2014-05",
            "price": "18.06",
            "revenue": 27550
        },
        "2014-06": {
            "month": "2014-06",
            "price": "18.16",
            "revenue": 31862
        },
        "2014-07": {
            "month": "2014-07",
            "price": "17.34",
            "revenue": 32541
        },
        "2014-08": {
            "month": "2014-08",
            "price": "17.38",
            "revenue": 26876
        },
        "2014-09": {
            "month": "2014-09",
            "price": "17.23",
            "revenue": 24497
        },
        "2014-10": {
            "month": "2014-10",
            "price": "16.92",
            "revenue": 37183
        },
        "2014-11": {
            "month": "2014-11",
            "price": "17.45",
            "revenue": 37744
        },
        "2014-12": {
            "month": "2014-12",
            "price": "17.14",
            "revenue": 29668
        },
        "2015-01": {
            "month": "2015-01",
            "price": "17.38",
            "revenue": 23552
        },
        "2015-02": {
            "month": "2015-02",
            "price": "17.18",
            "revenue": 36329
        },
        "2015-03": {
            "month": "2015-03",
            "price": "17.91",
            "revenue": 37473
        },
        "2015-04": {
            "month": "2015-04",
            "price": "17.71",
            "revenue": 29362
        },
        "2015-05": {
            "month": "2015-05",
            "price": "17.82",
            "revenue": 34559
        },
        "2015-06": {
            "month": "2015-06",
            "price": "17.75",
            "revenue": 34892
        },
        "2015-07": {
            "month": "2015-07",
            "price": "17.44",
            "revenue": 30489
        },
        "2015-08": {
            "month": "2015-08",
            "price": "16.79",
            "revenue": 39742
        },
        "2015-09": {
            "month": "2015-09",
            "price": "17.03",
            "revenue": 28752
        },
        "2015-10": {
            "month": "2015-10",
            "price": "17.52",
            "revenue": 37981
        },
        "2015-11": {
            "month": "2015-11",
            "price": "17.30",
            "revenue": 33599
        },
        "2015-12": {
            "month": "2015-12",
            "price": "16.98",
            "revenue": 34685
        },
        "2016-01": {
            "month": "2016-01",
            "price": "16.48",
            "revenue": 45383
        },
        "2016-02": {
            "month": "2016-02",
            "price": "16.76",
            "revenue": 32983
        },
        "2016-03": {
            "month": "2016-03",
            "price": "17.32",
            "revenue": 32778
        },
        "2016-04": {
            "month": "2016-04",
            "price": "17.66",
            "revenue": 28304
        },
        "2016-06": {
            "month": "2016-06",
            "price": "18.01",
            "revenue": 46035
        },
        "2016-07": {
            "month": "2016-07",
            "price": "17.21",
            "revenue": 43844
        },
        "2016-08": {
            "month": "2016-08",
            "price": "16.87",
            "revenue": 34516
        },
        "2016-09": {
            "month": "2016-09",
            "price": "16.89",
            "revenue": 35792
        },
        "2016-10": {
            "month": "2016-10",
            "price": "16.97",
            "revenue": 41476
        },
        "2016-11": {
            "month": "2016-11",
            "price": "16.90",
            "revenue": 30047
        },
        "2016-12": {
            "month": "2016-12",
            "price": "17.20",
            "revenue": 39670
        },
        "2017-01": {
            "month": "2017-01",
            "price": "17.20",
            "revenue": 44482
        },
        "2017-02": {
            "month": "2017-02",
            "price": "17.22",
            "revenue": 27819
        },
        "2017-03": {
            "month": "2017-03",
            "price": "17.31",
            "revenue": 30553
        },
        "2017-04": {
            "month": "2017-04",
            "price": "17.51",
            "revenue": 34285
        },
        "2017-05": {
            "month": "2017-05",
            "price": "16.86",
            "revenue": 34748
        },
        "2017-06": {
            "month": "2017-06",
            "price": "16.74",
            "revenue": 36823
        },
        "2017-07": {
            "month": "2017-07",
            "price": "15.85",
            "revenue": 26870
        },
        "2017-08": {
            "month": "2017-08",
            "price": "15.48",
            "revenue": 25291
        },
        "2017-09": {
            "month": "2017-09",
            "price": "15.20",
            "revenue": 36502
        },
        "2017-10": {
            "month": "2017-10",
            "price": "15.12",
            "revenue": 37156
        },
        "2017-11": {
            "month": "2017-11",
            "price": "15.06",
            "revenue": 42988
        },
        "2017-12": {
            "month": "2017-12",
            "price": "14.78",
            "revenue": 54065
        },
        "2018-01": {
            "month": "2018-01",
            "price": "14.61",
            "revenue": 40703
        },
        "2018-02": {
            "month": "2018-02",
            "price": "14.58",
            "revenue": 36203
        },
        "2018-03": {
            "month": "2018-03",
            "price": "15.00",
            "revenue": 39889
        },
        "2018-04": {
            "month": "2018-04",
            "price": "15.44",
            "revenue": 28853
        },
        "2018-05": {
            "month": "2018-05",
            "price": "15.90",
            "revenue": 36066
        },
        "2018-06": {
            "month": "2018-06",
            "price": "16.02",
            "revenue": 34135
        },
        "2018-07": {
            "month": "2018-07",
            "price": "15.35",
            "revenue": 28378
        },
        "2018-08": {
            "month": "2018-08",
            "price": "15.34",
            "revenue": 32644
        },
        "2018-09": {
            "month": "2018-09",
            "price": "15.09",
            "revenue": 34165
        },
        "2018-10": {
            "month": "2018-10",
            "price": "14.89",
            "revenue": 38184
        },
        "2018-11": {
            "month": "2018-11",
            "price": "14.74",
            "revenue": 35520
        },
        "2018-12": {
            "month": "2018-12",
            "price": "14.38",
            "revenue": 37166
        },
        "2019-01": {
            "month": "2019-01",
            "price": "14.15",
            "revenue": 48428
        },
        "2019-02": {
            "month": "2019-02",
            "price": "14.30",
            "revenue": 27821
        },
        "2019-03": {
            "month": "2019-03",
            "price": "14.73",
            "revenue": 37808
        },
        "2019-04": {
            "month": "2019-04",
            "price": "14.99",
            "revenue": 34041
        },
        "2019-05": {
            "month": "2019-05",
            "price": "14.82",
            "revenue": 50808
        },
        "2019-06": {
            "month": "2019-06",
            "price": "15.21",
            "revenue": 31710
        },
        "2019-07": {
            "month": "2019-07",
            "price": "14.90",
            "revenue": 30852
        },
        "2019-08": {
            "month": "2019-08",
            "price": "14.86",
            "revenue": 30505
        },
        "2019-09": {
            "month": "2019-09",
            "price": "14.92",
            "revenue": 32190
        },
        "2019-10": {
            "month": "2019-10",
            "price": "15.06",
            "revenue": 28069
        },
        "2019-11": {
            "month": "2019-11",
            "price": "14.80",
            "revenue": 36462
        },
        "2019-12": {
            "month": "2019-12",
            "price": "15.11",
            "revenue": 39023
        },
        "2020-01": {
            "month": "2020-01",
            "price": "15.16",
            "revenue": 38188
        },
        "2020-02": {
            "month": "2020-02",
            "price": "15.07",
            "revenue": 26253
        },
        "2020-03": {
            "month": "2020-03",
            "price": "14.44",
            "revenue": 32691
        },
        "2020-04": {
            "month": "2020-04",
            "price": "14.91",
            "revenue": 38960
        },
        "2020-05": {
            "month": "2020-05",
            "price": "15.15",
            "revenue": 31422
        },
        "2020-06": {
            "month": "2020-06",
            "price": "15.34",
            "revenue": 35268
        },
        "2020-07": {
            "month": "2020-07",
            "price": "15.06",
            "revenue": 29151
        },
        "2020-08": {
            "month": "2020-08",
            "price": "14.66",
            "revenue": 37127
        },
        "2020-09": {
            "month": "2020-09",
            "price": "14.66",
            "revenue": 41396
        },
        "2020-10": {
            "month": "2020-10",
            "price": "14.64",
            "revenue": 39649
        },
        "2020-11": {
            "month": "2020-11",
            "price": "14.82",
            "revenue": 41306
        },
        "2020-12": {
            "month": "2020-12",
            "price": "15.12",
            "revenue": 38117
        },
        "2021-01": {
            "month": "2021-01",
            "price": "15.05",
            "revenue": 30842
        },
        "2021-02": {
            "month": "2021-02",
            "price": "15.03",
            "revenue": 30375
        },
        "2021-03": {
            "month": "2021-03",
            "price": "15.51",
            "revenue": 47711
        },
        "2021-04": {
            "month": "2021-04",
            "price": "16.76",
            "revenue": 34020
        },
        "2021-05": {
            "month": "2021-05",
            "price": "16.83",
            "revenue": 35480
        },
        "2021-06": {
            "month": "2021-06",
            "price": "17.04",
            "revenue": 15959
        },
        "2021-07": {
            "month": "2021-07",
            "price": "16.84",
            "revenue": 35476
        },
        "2021-08": {
            "month": "2021-08",
            "price": "16.32",
            "revenue": 49071
        },
        "2021-09": {
            "month": "2021-09",
            "price": "16.65",
            "revenue": 29058
        },
        "2021-10": {
            "month": "2021-10",
            "price": "16.58",
            "revenue": 41529
        },
        "2021-11": {
            "month": "2021-11",
            "price": "16.78",
            "revenue": 43481
        },
        "2021-12": {
            "month": "2021-12",
            "price": "17.14",
            "revenue": 48152
        },
        "2022-01": {
            "month": "2022-01",
            "price": "17.48",
            "revenue": 43529
        },
        "2022-02": {
            "month": "2022-02",
            "price": "19.08",
            "revenue": 30921
        },
        "2022-03": {
            "month": "2022-03",
            "price": "19.98",
            "revenue": 39434
        },
        "2022-04": {
            "month": "2022-04",
            "price": "21.10",
            "revenue": 32265
        },
        "2022-05": {
            "month": "2022-05",
            "price": "20.97",
            "revenue": 32628
        },
        "2022-06": {
            "month": "2022-06",
            "price": "21.05",
            "revenue": 45354
        },
        "2022-07": {
            "month": "2022-07",
            "price": "20.38",
            "revenue": 38372
        },
        "2022-08": {
            "month": "2022-08",
            "price": "19.50",
            "revenue": 45050
        },
        "2022-09": {
            "month": "2022-09",
            "price": "18.74",
            "revenue": 29070
        },
        "2022-10": {
            "month": "2022-10",
            "price": "18.10",
            "revenue": 43716
        },
        "2022-11": {
            "month": "2022-11",
            "price": "20.02",
            "revenue": 42521
        },
        "2022-12": {
            "month": "2022-12",
            "price": "21.39",
            "revenue": 45948
        },
        "2023-01": {
            "month": "2023-01",
            "price": "21.57",
            "revenue": 34539
        },
        "2023-02": {
            "month": "2023-02",
            "price": "21.32",
            "revenue": 27629
        },
        "2023-03": {
            "month": "2023-03",
            "price": "21.14",
            "revenue": 38458
        },
        "2023-04": {
            "month": "2023-04",
            "price": "21.12",
            "revenue": 37579
        }
    }
}
