{
    "summary": {
        "stock_name": "大田",
        "stock_id": "8924",
        "category": "運動休閒",
        "main_business": "高爾夫球桿頭及其半成品之製造、委託加工、裝配及銷售<br>藝術鑄品(不銹鋼質及銅質)之製造加工及銷售<br>前述各項有關產品之進出口貿易業務",
        "website_url": "http://www.o-ta.com.tw",
        "ceo": "許戎民",
        "pe_ratio": 9,
        "report_year_from": 2001,
        "report_year_to": 2023,
        "age": 23,
        "eps_negative_percentage": 17,
        "eps_growth_avg": {
            "last_all": -8.04,
            "last_2y": 7.69,
            "last_4y": 26.99,
            "last_8y": 6.99,
            "last_12y": -7.98,
            "last_16y": -12.94,
            "last_20y": -8.35,
            "at_2006_last_3y": 6.55,
            "at_2007_last_3y": 8.67,
            "at_2008_last_3y": -7.87,
            "at_2009_last_3y": -27.88,
            "at_2010_last_3y": -24.11,
            "at_2011_last_3y": -49.24,
            "at_2012_last_3y": -22.03,
            "at_2013_last_3y": -30.96,
            "at_2014_last_3y": -37.91,
            "at_2015_last_3y": -13.16,
            "at_2016_last_3y": -100,
            "at_2017_last_3y": null,
            "at_2018_last_3y": -93.02,
            "at_2019_last_3y": 3.49,
            "at_2020_last_3y": 6.29,
            "at_2021_last_3y": 29.71,
            "at_2022_last_3y": 54.51,
            "at_2023_last_3y": 8.74,
            "at_2024_last_3y": 8.74,
            "at_2006_last_all": 4.7,
            "at_2007_last_all": 6.1,
            "at_2008_last_all": 0.21,
            "at_2009_last_all": -7.85,
            "at_2010_last_all": -8.1,
            "at_2011_last_all": -16.04,
            "at_2012_last_all": -7.88,
            "at_2013_last_all": -15.56,
            "at_2014_last_all": -15.56,
            "at_2015_last_all": -15.56,
            "at_2016_last_all": -15.56,
            "at_2017_last_all": -15.56,
            "at_2018_last_all": -21.51,
            "at_2019_last_all": -12.83,
            "at_2020_last_all": -11.19,
            "at_2021_last_all": -4.24,
            "at_2022_last_all": -3.63,
            "at_2023_last_all": -8.04,
            "at_2024_last_all": -8.04
        },
        "latest_eps": 10.04,
        "latest_price": 89.1,
        "latest_roe": 21.11,
        "latest_gross_margin": 14.04,
        "latest_equity": 3910399,
        "latest_revenue": 1025686,
        "latest_gross_profit": 143987,
        "latest_net_income": 58525,
        "latest_debt_ratio": 26.01,
        "latest_current_ratio": 374.71,
        "latest_account_receivable_turnover_ratio": 1.3,
        "latest_inventory_turnover_ratio": 1.26,
        "latest_reinvestment_rate": 5.64,
        "latest_research_to_sale_ratio": 0.68
    },
    "eps_dividends": {
        "1999": {
            "cash": 0,
            "stock": 4.42,
            "eps": 0
        },
        "2000": {
            "cash": 1.7,
            "stock": 3.5,
            "eps": 0
        },
        "2001": {
            "cash": 1.46,
            "stock": 1.54,
            "eps": 5.55
        },
        "2002": {
            "cash": 1.8,
            "stock": 2,
            "eps": 5.4
        },
        "2003": {
            "cash": 3.2,
            "stock": 1,
            "eps": 5.65
        },
        "2004": {
            "cash": 4,
            "stock": 0.5,
            "eps": 7.4
        },
        "2005": {
            "cash": 4.5,
            "stock": 1,
            "eps": 8.57
        },
        "2006": {
            "cash": 5.6,
            "stock": 1,
            "eps": 6.41
        },
        "2007": {
            "cash": 6,
            "stock": 0.1,
            "eps": 7.25
        },
        "2008": {
            "cash": 6,
            "stock": 0.1,
            "eps": 4.7
        },
        "2009": {
            "cash": 3.5,
            "stock": 0,
            "eps": 1.68
        },
        "2010": {
            "cash": 2.5,
            "stock": 0,
            "eps": 1.51
        },
        "2011": {
            "cash": 0,
            "stock": 0,
            "eps": 0.19
        },
        "2012": {
            "cash": 0.6,
            "stock": 0,
            "eps": 0.33
        },
        "2013": {
            "cash": 0.5,
            "stock": 0,
            "eps": -0.71
        },
        "2014": {
            "cash": 0,
            "stock": 0,
            "eps": -0.5
        },
        "2015": {
            "cash": 0,
            "stock": 0,
            "eps": -0.57
        },
        "2016": {
            "cash": 0,
            "stock": 0,
            "eps": -1.84
        },
        "2017": {
            "cash": 0,
            "stock": 0,
            "eps": 8.74
        },
        "2018": {
            "cash": 3.4,
            "stock": 0,
            "eps": 0.61
        },
        "2019": {
            "cash": 1.2,
            "stock": 0,
            "eps": 5.81
        },
        "2020": {
            "cash": 3.8,
            "stock": 0,
            "eps": 6.5
        },
        "2021": {
            "cash": 5,
            "stock": 0,
            "eps": 20.15
        },
        "2022": {
            "cash": 13.7,
            "stock": 0,
            "eps": 21.39
        },
        "2023": {
            "cash": 12.85,
            "stock": 0,
            "eps": 3.62
        }
    },
    "dividends": {
        "1999-06-04": {
            "cash": 0,
            "stock": 4.42
        },
        "2000-05-09": {
            "cash": 1.7,
            "stock": 3.5
        },
        "2001-05-02": {
            "cash": 1.46,
            "stock": 1.54
        },
        "2002-06-05": {
            "cash": 1.8,
            "stock": 2
        },
        "2003-06-06": {
            "cash": 3.2,
            "stock": 1
        },
        "2004-04-06": {
            "cash": 4,
            "stock": 0.5
        },
        "2005-04-06": {
            "cash": 4.5,
            "stock": 1
        },
        "2006-03-07": {
            "cash": 5.6,
            "stock": 1
        },
        "2007-02-14": {
            "cash": 6,
            "stock": 0.1
        },
        "2008-03-27": {
            "cash": 6,
            "stock": 0.1
        },
        "2009-03-31": {
            "cash": 3.5,
            "stock": 0
        },
        "2010-04-12": {
            "cash": 2.5,
            "stock": 0
        },
        "2012-05-30": {
            "cash": 0.6,
            "stock": 0
        },
        "2013-06-05": {
            "cash": 0.5,
            "stock": 0
        },
        "2018-06-13": {
            "cash": 3.4,
            "stock": 0
        },
        "2019-07-10": {
            "cash": 1.2,
            "stock": 0
        },
        "2020-06-11": {
            "cash": 3.8,
            "stock": 0
        },
        "2021-07-09": {
            "cash": 5,
            "stock": 0
        },
        "2022-07-08": {
            "cash": 13.7,
            "stock": 0
        },
        "2023-06-02": {
            "cash": 12.85,
            "stock": 0
        }
    },
    "prices": {
        "200101": "33.92",
        "200102": "49.83",
        "200103": "79.27",
        "200104": "80.58",
        "200105": "68.00",
        "200106": "70.55",
        "200107": "67.71",
        "200108": "63.04",
        "200109": "61.74",
        "200110": "51.59",
        "200111": "65.41",
        "200112": "86.14",
        "200201": "101.36",
        "200202": "98.92",
        "200203": "94.79",
        "200204": "86.60",
        "200205": "78.73",
        "200206": "83.72",
        "200207": "78.83",
        "200208": "72.20",
        "200209": "66.98",
        "200210": "61.86",
        "200211": "70.76",
        "200212": "69.14",
        "200301": "66.16",
        "200302": "65.19",
        "200303": "67.29",
        "200304": "64.68",
        "200305": "63.43",
        "200306": "67.02",
        "200307": "63.35",
        "200308": "65.31",
        "200309": "66.21",
        "200310": "65.89",
        "200311": "65.00",
        "200312": "67.76",
        "200401": "72.10",
        "200402": "81.88",
        "200403": "82.37",
        "200404": "81.00",
        "200405": "75.40",
        "200406": "74.43",
        "200407": "70.05",
        "200408": "66.75",
        "200409": "71.05",
        "200410": "68.78",
        "200411": "66.91",
        "200412": "65.54",
        "200501": "65.52",
        "200502": "66.00",
        "200503": "64.43",
        "200504": "62.80",
        "200505": "63.98",
        "200506": "65.52",
        "200507": "57.90",
        "200508": "60.73",
        "200509": "62.18",
        "200510": "61.14",
        "200511": "60.69",
        "200512": "70.66",
        "200601": "77.02",
        "200602": "77.19",
        "200603": "80.57",
        "200604": "82.29",
        "200605": "82.61",
        "200606": "76.88",
        "200607": "69.70",
        "200608": "67.83",
        "200609": "66.36",
        "200610": "68.08",
        "200611": "67.62",
        "200612": "69.70",
        "200701": "69.59",
        "200702": "70.66",
        "200703": "72.78",
        "200704": "73.13",
        "200705": "73.31",
        "200706": "72.86",
        "200707": "71.50",
        "200708": "70.16",
        "200709": "70.33",
        "200710": "73.21",
        "200711": "70.76",
        "200712": "69.98",
        "200801": "68.18",
        "200802": "67.93",
        "200803": "68.68",
        "200804": "70.84",
        "200805": "69.45",
        "200806": "65.09",
        "200807": "51.18",
        "200808": "52.40",
        "200809": "47.46",
        "200810": "32.36",
        "200811": "27.48",
        "200812": "28.71",
        "200901": "29.69",
        "200902": "30.60",
        "200903": "34.18",
        "200904": "39.93",
        "200905": "40.37",
        "200906": "41.08",
        "200907": "36.50",
        "200908": "35.95",
        "200909": "38.15",
        "200910": "42.60",
        "200911": "42.59",
        "200912": "42.72",
        "201001": "44.76",
        "201002": "40.28",
        "201003": "40.88",
        "201004": "42.78",
        "201005": "41.87",
        "201006": "41.86",
        "201007": "40.44",
        "201008": "41.79",
        "201009": "41.46",
        "201010": "40.90",
        "201011": "38.78",
        "201012": "38.76",
        "201101": "38.24",
        "201102": "35.78",
        "201103": "33.92",
        "201104": "33.06",
        "201105": "30.23",
        "201106": "29.05",
        "201107": "27.95",
        "201108": "24.88",
        "201109": "21.63",
        "201110": "20.40",
        "201111": "19.99",
        "201112": "17.77",
        "201201": "18.68",
        "201202": "23.98",
        "201203": "25.05",
        "201204": "22.97",
        "201205": "21.82",
        "201206": "20.55",
        "201207": "20.14",
        "201208": "20.96",
        "201209": "19.24",
        "201210": "18.92",
        "201211": "17.30",
        "201212": "17.86",
        "201301": "18.13",
        "201302": "18.70",
        "201303": "19.25",
        "201304": "18.24",
        "201305": "17.91",
        "201306": "18.10",
        "201307": "18.16",
        "201308": "18.62",
        "201309": "17.66",
        "201310": "18.80",
        "201311": "20.05",
        "201312": "20.00",
        "201401": "20.26",
        "201402": "19.59",
        "201403": "20.96",
        "201404": "21.81",
        "201405": "20.33",
        "201406": "19.75",
        "201407": "19.79",
        "201408": "18.18",
        "201409": "17.51",
        "201410": "17.04",
        "201411": "16.94",
        "201412": "17.06",
        "201501": "16.86",
        "201502": "16.88",
        "201503": "17.97",
        "201504": "20.84",
        "201505": "18.00",
        "201506": "17.59",
        "201507": "18.58",
        "201508": "16.09",
        "201509": "16.00",
        "201510": "20.59",
        "201511": "19.22",
        "201512": "18.62",
        "201601": "17.73",
        "201602": "18.79",
        "201603": "17.82",
        "201604": "16.53",
        "201605": "13.39",
        "201606": "13.48",
        "201607": "14.09",
        "201608": "13.63",
        "201609": "14.72",
        "201610": "14.21",
        "201611": "12.87",
        "201612": "12.66",
        "201701": "13.18",
        "201702": "13.25",
        "201703": "12.85",
        "201704": "12.40",
        "201705": "12.00",
        "201706": "11.96",
        "201707": "12.85",
        "201708": "19.17",
        "201709": "29.97",
        "201710": "34.47",
        "201711": "35.41",
        "201712": "36.45",
        "201801": "37.44",
        "201802": "36.66",
        "201803": "40.34",
        "201804": "40.71",
        "201805": "37.75",
        "201806": "31.72",
        "201807": "25.89",
        "201808": "27.47",
        "201809": "23.27",
        "201810": "17.57",
        "201811": "16.89",
        "201812": "18.07",
        "201901": "18.51",
        "201902": "18.74",
        "201903": "20.93",
        "201904": "25.36",
        "201905": "31.19",
        "201906": "35.74",
        "201907": "46.32",
        "201908": "49.85",
        "201909": "50.32",
        "201910": "48.54",
        "201911": "47.80",
        "201912": "46.36",
        "202001": "46.86",
        "202002": "42.44",
        "202003": "36.69",
        "202004": "38.98",
        "202005": "43.80",
        "202006": "38.85",
        "202007": "36.97",
        "202008": "40.09",
        "202009": "55.97",
        "202010": "61.88",
        "202011": "63.28",
        "202012": "60.66",
        "202101": "60.63",
        "202102": "72.65",
        "202103": "89.58",
        "202104": "116.64",
        "202105": "127.36",
        "202106": "160.48",
        "202107": "165.14",
        "202108": "162.61",
        "202109": "158.42",
        "202110": "161.68",
        "202111": "163.18",
        "202112": "149.66",
        "202201": "143.64",
        "202202": "147.53",
        "202203": "143.72",
        "202204": "143.84",
        "202205": "137.43",
        "202206": "129.43",
        "202207": "107.59",
        "202208": "120.48",
        "202209": "110.44",
        "202210": "95.46",
        "202211": "110.85",
        "202212": "119.75",
        "202301": "118.38",
        "202302": "120.19",
        "202303": "134.26",
        "202304": "124.76",
        "202305": "108.33",
        "202306": "95.39",
        "202307": "93.46",
        "202308": "87.34",
        "202309": "91.50",
        "202310": "86.85",
        "202311": "87.32",
        "202312": "88.47"
    },
    "quarters": {
        "20011": {
            "year_quarter": 20011,
            "year": 2001,
            "quarter": 1,
            "eps": 2.52,
            "eps_growth_year": 28.57,
            "eps_4q": 4.33,
            "eps_4q_growth_year": -38.09,
            "roe": 15.66,
            "roe_4q": 15.66,
            "gross_profit": 189283,
            "gross_margin": 28.01,
            "gross_margin_4q_avg": 28.01,
            "net_income": 134899,
            "net_income_4q": null,
            "revenue": 675675,
            "revenue_4q": null,
            "common_shares": 534600,
            "book_valuer_per_share": 17.34,
            "book_valuer_per_share_4q_avg": 17.34,
            "equity": 926952,
            "current_ratio": 178.93,
            "debt_ratio": 35.82,
            "inventory_turnover_ratio": 1.69,
            "account_receivable_turnover_ratio": null,
            "reinvestment_rate": null,
            "research_to_sale_ratio": null,
            "price_fair": 0,
            "eps_avg_yearly": 0,
            "eps_latest_yearly": 0,
            "eps_growth_yearly": 0
        },
        "20012": {
            "year_quarter": 20012,
            "year": 2001,
            "quarter": 2,
            "eps": 1.73,
            "eps_growth_year": 140.28,
            "eps_4q": 5.34,
            "eps_4q_growth_year": 25.63,
            "roe": 9.82,
            "roe_4q": 25.48,
            "gross_profit": 132412,
            "gross_margin": 25.68,
            "gross_margin_4q_avg": 26.85,
            "net_income": 92681,
            "net_income_4q": null,
            "revenue": 515570,
            "revenue_4q": null,
            "common_shares": 534600,
            "book_valuer_per_share": 17.97,
            "book_valuer_per_share_4q_avg": 17.66,
            "equity": 960801,
            "current_ratio": 203.65,
            "debt_ratio": 30.61,
            "inventory_turnover_ratio": 1.41,
            "account_receivable_turnover_ratio": null,
            "reinvestment_rate": null,
            "research_to_sale_ratio": null,
            "price_fair": 0,
            "eps_avg_yearly": 0,
            "eps_latest_yearly": 0,
            "eps_growth_yearly": 0
        },
        "20013": {
            "year_quarter": 20013,
            "year": 2001,
            "quarter": 3,
            "eps": 0.54,
            "eps_growth_year": 3.85,
            "eps_4q": 4.75,
            "eps_4q_growth_year": 32.63,
            "roe": 3.39,
            "roe_4q": 28.87,
            "gross_profit": 47142,
            "gross_margin": 12.12,
            "gross_margin_4q_avg": 21.94,
            "net_income": 33133,
            "net_income_4q": null,
            "revenue": 388990,
            "revenue_4q": null,
            "common_shares": 616900,
            "book_valuer_per_share": 16.12,
            "book_valuer_per_share_4q_avg": 17.14,
            "equity": 994674,
            "current_ratio": 234.65,
            "debt_ratio": 26.76,
            "inventory_turnover_ratio": 1.28,
            "account_receivable_turnover_ratio": null,
            "reinvestment_rate": null,
            "research_to_sale_ratio": null,
            "price_fair": 0,
            "eps_avg_yearly": 0,
            "eps_latest_yearly": 0,
            "eps_growth_yearly": 0
        },
        "20014": {
            "year_quarter": 20014,
            "year": 2001,
            "quarter": 4,
            "eps": 0.76,
            "eps_growth_year": 31.03,
            "eps_4q": 4.96,
            "eps_4q_growth_year": 51.13,
            "roe": 4.61,
            "roe_4q": 33.480000000000004,
            "gross_profit": 54816,
            "gross_margin": 12.01,
            "gross_margin_4q_avg": 19.46,
            "net_income": 47146,
            "net_income_4q": null,
            "revenue": 456457,
            "revenue_4q": null,
            "common_shares": 616900,
            "book_valuer_per_share": 17.06,
            "book_valuer_per_share_4q_avg": 17.12,
            "equity": 1052387,
            "current_ratio": 202.49,
            "debt_ratio": 36.33,
            "inventory_turnover_ratio": 1.21,
            "account_receivable_turnover_ratio": null,
            "reinvestment_rate": null,
            "research_to_sale_ratio": null,
            "price_fair": 0,
            "eps_avg_yearly": 0,
            "eps_latest_yearly": 0,
            "eps_growth_yearly": 0
        },
        "20021": {
            "year_quarter": 20021,
            "year": 2002,
            "quarter": 1,
            "eps": 1.88,
            "eps_growth_year": -25.4,
            "eps_4q": 4.69,
            "eps_4q_growth_year": 8.31,
            "roe": 10.43,
            "roe_4q": 28.25,
            "gross_profit": 116302,
            "gross_margin": 15.8,
            "gross_margin_4q_avg": 16.4,
            "net_income": 115696,
            "net_income_4q": null,
            "revenue": 736250,
            "revenue_4q": null,
            "common_shares": 616900,
            "book_valuer_per_share": 18.92,
            "book_valuer_per_share_4q_avg": 17.52,
            "equity": 1167025,
            "current_ratio": 160.32,
            "debt_ratio": 38.86,
            "inventory_turnover_ratio": 1.59,
            "account_receivable_turnover_ratio": null,
            "reinvestment_rate": null,
            "research_to_sale_ratio": null,
            "price_fair": 263.2,
            "eps_avg_yearly": 7.52,
            "eps_latest_yearly": 7.52,
            "eps_growth_yearly": 589.47
        },
        "20022": {
            "year_quarter": 20022,
            "year": 2002,
            "quarter": 2,
            "eps": 1.36,
            "eps_growth_year": -21.39,
            "eps_4q": 3.99,
            "eps_4q_growth_year": -25.23,
            "roe": 8.85,
            "roe_4q": 27.28,
            "gross_profit": 183406,
            "gross_margin": 25.34,
            "gross_margin_4q_avg": 16.32,
            "net_income": 101269,
            "net_income_4q": null,
            "revenue": 723807,
            "revenue_4q": null,
            "common_shares": 616900,
            "book_valuer_per_share": 18.18,
            "book_valuer_per_share_4q_avg": 17.57,
            "equity": 1121493,
            "current_ratio": 232.59,
            "debt_ratio": 49.88,
            "inventory_turnover_ratio": 1.4,
            "account_receivable_turnover_ratio": null,
            "reinvestment_rate": null,
            "research_to_sale_ratio": null,
            "price_fair": 226.8,
            "eps_avg_yearly": 6.48,
            "eps_latest_yearly": 5.44,
            "eps_growth_yearly": 239.42
        },
        "20023": {
            "year_quarter": 20023,
            "year": 2002,
            "quarter": 3,
            "eps": 0.83,
            "eps_growth_year": 53.7,
            "eps_4q": 4.38,
            "eps_4q_growth_year": -7.83,
            "roe": 5.29,
            "roe_4q": 29.18,
            "gross_profit": 112528,
            "gross_margin": 19.92,
            "gross_margin_4q_avg": 18.27,
            "net_income": 61763,
            "net_income_4q": null,
            "revenue": 564979,
            "revenue_4q": null,
            "common_shares": 745164,
            "book_valuer_per_share": 16.28,
            "book_valuer_per_share_4q_avg": 17.61,
            "equity": 1213456,
            "current_ratio": 305.42,
            "debt_ratio": 43.98,
            "inventory_turnover_ratio": 1.12,
            "account_receivable_turnover_ratio": null,
            "reinvestment_rate": null,
            "research_to_sale_ratio": null,
            "price_fair": 189.93,
            "eps_avg_yearly": 5.43,
            "eps_latest_yearly": 3.32,
            "eps_growth_yearly": 107.65
        },
        "20024": {
            "year_quarter": 20024,
            "year": 2002,
            "quarter": 4,
            "eps": 1.33,
            "eps_growth_year": 75,
            "eps_4q": 5.08,
            "eps_4q_growth_year": 2.42,
            "roe": 7.8,
            "roe_4q": 32.37,
            "gross_profit": 151241,
            "gross_margin": 21.02,
            "gross_margin_4q_avg": 20.52,
            "net_income": 98784,
            "net_income_4q": null,
            "revenue": 719481,
            "revenue_4q": null,
            "common_shares": 746716,
            "book_valuer_per_share": 17.66,
            "book_valuer_per_share_4q_avg": 17.76,
            "equity": 1318591,
            "current_ratio": 276.01,
            "debt_ratio": 47.69,
            "inventory_turnover_ratio": 1.31,
            "account_receivable_turnover_ratio": null,
            "reinvestment_rate": 50.7,
            "research_to_sale_ratio": null,
            "price_fair": 189,
            "eps_avg_yearly": 5.4,
            "eps_latest_yearly": 5.32,
            "eps_growth_yearly": 140.98
        },
        "20031": {
            "year_quarter": 20031,
            "year": 2003,
            "quarter": 1,
            "eps": 2.24,
            "eps_growth_year": 19.15,
            "eps_4q": 5.75,
            "eps_4q_growth_year": 22.51,
            "roe": 11.93,
            "roe_4q": 33.87,
            "gross_profit": 187374,
            "gross_margin": 21.63,
            "gross_margin_4q_avg": 21.98,
            "net_income": 167263,
            "net_income_4q": null,
            "revenue": 866308,
            "revenue_4q": null,
            "common_shares": 746747,
            "book_valuer_per_share": 19.89,
            "book_valuer_per_share_4q_avg": 18,
            "equity": 1485331,
            "current_ratio": 274.76,
            "debt_ratio": 43.46,
            "inventory_turnover_ratio": 1.68,
            "account_receivable_turnover_ratio": null,
            "reinvestment_rate": 4.68,
            "research_to_sale_ratio": null,
            "price_fair": 213.92,
            "eps_avg_yearly": 6.11,
            "eps_latest_yearly": 8.96,
            "eps_growth_yearly": 167.52
        },
        "20032": {
            "year_quarter": 20032,
            "year": 2003,
            "quarter": 2,
            "eps": 0.95,
            "eps_growth_year": -30.15,
            "eps_4q": 5.33,
            "eps_4q_growth_year": 33.54,
            "roe": 5.09,
            "roe_4q": 30.11,
            "gross_profit": 99677,
            "gross_margin": 16.26,
            "gross_margin_4q_avg": 19.71,
            "net_income": 71091,
            "net_income_4q": null,
            "revenue": 612907,
            "revenue_4q": null,
            "common_shares": 746747,
            "book_valuer_per_share": 17.5,
            "book_valuer_per_share_4q_avg": 17.83,
            "equity": 1306793,
            "current_ratio": 200.54,
            "debt_ratio": 50.38,
            "inventory_turnover_ratio": 1.44,
            "account_receivable_turnover_ratio": null,
            "reinvestment_rate": 5.83,
            "research_to_sale_ratio": null,
            "price_fair": 200.43,
            "eps_avg_yearly": 5.73,
            "eps_latest_yearly": 3.8,
            "eps_growth_yearly": 101.21
        },
        "20033": {
            "year_quarter": 20033,
            "year": 2003,
            "quarter": 3,
            "eps": 1.27,
            "eps_growth_year": 53.01,
            "eps_4q": 5.34,
            "eps_4q_growth_year": 21.86,
            "roe": 7.8,
            "roe_4q": 32.62,
            "gross_profit": 135952,
            "gross_margin": 19.92,
            "gross_margin_4q_avg": 19.71,
            "net_income": 105292,
            "net_income_4q": null,
            "revenue": 682405,
            "revenue_4q": null,
            "common_shares": 828839,
            "book_valuer_per_share": 16.79,
            "book_valuer_per_share_4q_avg": 17.96,
            "equity": 1391997,
            "current_ratio": 275.99,
            "debt_ratio": 43.58,
            "inventory_turnover_ratio": 1.43,
            "account_receivable_turnover_ratio": null,
            "reinvestment_rate": 5.73,
            "research_to_sale_ratio": null,
            "price_fair": 197.2,
            "eps_avg_yearly": 5.63,
            "eps_latest_yearly": 5.08,
            "eps_growth_yearly": 106
        },
        "20034": {
            "year_quarter": 20034,
            "year": 2003,
            "quarter": 4,
            "eps": 1.19,
            "eps_growth_year": -10.53,
            "eps_4q": 5.33,
            "eps_4q_growth_year": 4.88,
            "roe": 6.61,
            "roe_4q": 31.43,
            "gross_profit": 152349,
            "gross_margin": 21.58,
            "gross_margin_4q_avg": 19.85,
            "net_income": 98757,
            "net_income_4q": null,
            "revenue": 706082,
            "revenue_4q": null,
            "common_shares": 840942,
            "book_valuer_per_share": 18.66,
            "book_valuer_per_share_4q_avg": 18.21,
            "equity": 1594588,
            "current_ratio": 279.28,
            "debt_ratio": 44.62,
            "inventory_turnover_ratio": 1.07,
            "account_receivable_turnover_ratio": null,
            "reinvestment_rate": 39.42,
            "research_to_sale_ratio": null,
            "price_fair": 193.38,
            "eps_avg_yearly": 5.53,
            "eps_latest_yearly": 4.76,
            "eps_growth_yearly": 89.6
        },
        "20041": {
            "year_quarter": 20041,
            "year": 2004,
            "quarter": 1,
            "eps": 2.91,
            "eps_growth_year": 29.91,
            "eps_4q": 6.15,
            "eps_4q_growth_year": 7.05,
            "roe": 14.3,
            "roe_4q": 33.8,
            "gross_profit": 293203,
            "gross_margin": 22.41,
            "gross_margin_4q_avg": 20.04,
            "net_income": 247022,
            "net_income_4q": null,
            "revenue": 1308372,
            "revenue_4q": null,
            "common_shares": 853150,
            "book_valuer_per_share": 21.8,
            "book_valuer_per_share_4q_avg": 18.69,
            "equity": 1859497,
            "current_ratio": 218.22,
            "debt_ratio": 42.82,
            "inventory_turnover_ratio": 1.64,
            "account_receivable_turnover_ratio": null,
            "reinvestment_rate": 5.43,
            "research_to_sale_ratio": null,
            "price_fair": 217.16,
            "eps_avg_yearly": 6.2,
            "eps_latest_yearly": 11.64,
            "eps_growth_yearly": 143.88
        },
        "20042": {
            "year_quarter": 20042,
            "year": 2004,
            "quarter": 2,
            "eps": 1.79,
            "eps_growth_year": 88.42,
            "eps_4q": 6.79,
            "eps_4q_growth_year": 27.36,
            "roe": 9.09,
            "roe_4q": 37.8,
            "gross_profit": 216328,
            "gross_margin": 19.87,
            "gross_margin_4q_avg": 20.95,
            "net_income": 161509,
            "net_income_4q": null,
            "revenue": 1088893,
            "revenue_4q": null,
            "common_shares": 853150,
            "book_valuer_per_share": 19.88,
            "book_valuer_per_share_4q_avg": 19.28,
            "equity": 1695904,
            "current_ratio": 172.57,
            "debt_ratio": 49.15,
            "inventory_turnover_ratio": 1.38,
            "account_receivable_turnover_ratio": null,
            "reinvestment_rate": 5.12,
            "research_to_sale_ratio": null,
            "price_fair": 220.5,
            "eps_avg_yearly": 6.3,
            "eps_latest_yearly": 7.16,
            "eps_growth_yearly": 114.1
        },
        "20043": {
            "year_quarter": 20043,
            "year": 2004,
            "quarter": 3,
            "eps": 1.76,
            "eps_growth_year": 38.58,
            "eps_4q": 7.35,
            "eps_4q_growth_year": 37.7,
            "roe": 8.74,
            "roe_4q": 38.739999999999995,
            "gross_profit": 206110,
            "gross_margin": 17.31,
            "gross_margin_4q_avg": 20.29,
            "net_income": 159769,
            "net_income_4q": null,
            "revenue": 1190901,
            "revenue_4q": null,
            "common_shares": 921457,
            "book_valuer_per_share": 21.25,
            "book_valuer_per_share_4q_avg": 20.4,
            "equity": 1958543,
            "current_ratio": 199.31,
            "debt_ratio": 41.43,
            "inventory_turnover_ratio": 1.51,
            "account_receivable_turnover_ratio": null,
            "reinvestment_rate": 3.9,
            "research_to_sale_ratio": null,
            "price_fair": 222.85,
            "eps_avg_yearly": 6.37,
            "eps_latest_yearly": 7.04,
            "eps_growth_yearly": 103.12
        },
        "20044": {
            "year_quarter": 20044,
            "year": 2004,
            "quarter": 4,
            "eps": 0.94,
            "eps_growth_year": -21.01,
            "eps_4q": 7.21,
            "eps_4q_growth_year": 35.19,
            "roe": 4.31,
            "roe_4q": 36.44,
            "gross_profit": 192915,
            "gross_margin": 18.06,
            "gross_margin_4q_avg": 19.41,
            "net_income": 85240,
            "net_income_4q": null,
            "revenue": 1068096,
            "revenue_4q": null,
            "common_shares": 924588,
            "book_valuer_per_share": 21.4,
            "book_valuer_per_share_4q_avg": 21.08,
            "equity": 2000106,
            "current_ratio": 268.48,
            "debt_ratio": 39.57,
            "inventory_turnover_ratio": 1.16,
            "account_receivable_turnover_ratio": null,
            "reinvestment_rate": 27.22,
            "research_to_sale_ratio": null,
            "price_fair": 215.25,
            "eps_avg_yearly": 6.15,
            "eps_latest_yearly": 3.76,
            "eps_growth_yearly": 78.99
        },
        "20051": {
            "year_quarter": 20051,
            "year": 2005,
            "quarter": 1,
            "eps": 1.86,
            "eps_growth_year": -36.08,
            "eps_4q": 6.24,
            "eps_4q_growth_year": 1.49,
            "roe": 8.28,
            "roe_4q": 30.419999999999998,
            "gross_profit": 274279,
            "gross_margin": 22.85,
            "gross_margin_4q_avg": 19.52,
            "net_income": 172518,
            "net_income_4q": null,
            "revenue": 1200290,
            "revenue_4q": null,
            "common_shares": 926330,
            "book_valuer_per_share": 23.39,
            "book_valuer_per_share_4q_avg": 21.48,
            "equity": 2166950,
            "current_ratio": 261.83,
            "debt_ratio": 34.97,
            "inventory_turnover_ratio": 1.24,
            "account_receivable_turnover_ratio": null,
            "reinvestment_rate": 3.13,
            "research_to_sale_ratio": null,
            "price_fair": 218.72,
            "eps_avg_yearly": 6.25,
            "eps_latest_yearly": 7.44,
            "eps_growth_yearly": 103.03
        },
        "20052": {
            "year_quarter": 20052,
            "year": 2005,
            "quarter": 2,
            "eps": 1.43,
            "eps_growth_year": -20.11,
            "eps_4q": 5.49,
            "eps_4q_growth_year": -19.19,
            "roe": 7.25,
            "roe_4q": 28.58,
            "gross_profit": 192830,
            "gross_margin": 16.1,
            "gross_margin_4q_avg": 18.58,
            "net_income": 147184,
            "net_income_4q": null,
            "revenue": 1198061,
            "revenue_4q": null,
            "common_shares": 926330,
            "book_valuer_per_share": 20.43,
            "book_valuer_per_share_4q_avg": 21.62,
            "equity": 1892656,
            "current_ratio": 164.61,
            "debt_ratio": 44.85,
            "inventory_turnover_ratio": 1.49,
            "account_receivable_turnover_ratio": null,
            "reinvestment_rate": 2.86,
            "research_to_sale_ratio": null,
            "price_fair": 217.4,
            "eps_avg_yearly": 6.21,
            "eps_latest_yearly": 5.72,
            "eps_growth_yearly": 89.07
        },
        "20053": {
            "year_quarter": 20053,
            "year": 2005,
            "quarter": 3,
            "eps": 1.88,
            "eps_growth_year": 6.82,
            "eps_4q": 5.81,
            "eps_4q_growth_year": -20.89,
            "roe": 9.58,
            "roe_4q": 29.419999999999998,
            "gross_profit": 164208,
            "gross_margin": 11.17,
            "gross_margin_4q_avg": 17.05,
            "net_income": 193568,
            "net_income_4q": null,
            "revenue": 1469627,
            "revenue_4q": null,
            "common_shares": 1032810,
            "book_valuer_per_share": 20.81,
            "book_valuer_per_share_4q_avg": 21.51,
            "equity": 2148890,
            "current_ratio": 171.83,
            "debt_ratio": 42.29,
            "inventory_turnover_ratio": 1.59,
            "account_receivable_turnover_ratio": null,
            "reinvestment_rate": 2.79,
            "research_to_sale_ratio": null,
            "price_fair": 220.45,
            "eps_avg_yearly": 6.3,
            "eps_latest_yearly": 7.52,
            "eps_growth_yearly": 91.52
        },
        "20054": {
            "year_quarter": 20054,
            "year": 2005,
            "quarter": 4,
            "eps": 3.4,
            "eps_growth_year": 261.7,
            "eps_4q": 8.37,
            "eps_4q_growth_year": 16.13,
            "roe": 14.95,
            "roe_4q": 40.06,
            "gross_profit": 444304,
            "gross_margin": 20.79,
            "gross_margin_4q_avg": 17.73,
            "net_income": 351186,
            "net_income_4q": null,
            "revenue": 2136979,
            "revenue_4q": null,
            "common_shares": 1038284,
            "book_valuer_per_share": 24.17,
            "book_valuer_per_share_4q_avg": 22.2,
            "equity": 2549607,
            "current_ratio": 202.91,
            "debt_ratio": 44.96,
            "inventory_turnover_ratio": 1.59,
            "account_receivable_turnover_ratio": null,
            "reinvestment_rate": 15.68,
            "research_to_sale_ratio": null,
            "price_fair": 236.43,
            "eps_avg_yearly": 6.76,
            "eps_latest_yearly": 13.6,
            "eps_growth_yearly": 106.01
        },
        "20061": {
            "year_quarter": 20061,
            "year": 2006,
            "quarter": 1,
            "eps": 2.77,
            "eps_growth_year": 48.92,
            "eps_4q": 9.44,
            "eps_4q_growth_year": 51.25,
            "roe": 10.78,
            "roe_4q": 42.559999999999995,
            "gross_profit": 337152,
            "gross_margin": 16.61,
            "gross_margin_4q_avg": 16.17,
            "net_income": 287247,
            "net_income_4q": null,
            "revenue": 2030083,
            "revenue_4q": null,
            "common_shares": 1038307,
            "book_valuer_per_share": 26.78,
            "book_valuer_per_share_4q_avg": 23.05,
            "equity": 2780215,
            "current_ratio": 219.16,
            "debt_ratio": 36.75,
            "inventory_turnover_ratio": 1.62,
            "account_receivable_turnover_ratio": null,
            "reinvestment_rate": 0.63,
            "research_to_sale_ratio": null,
            "price_fair": 244.21,
            "eps_avg_yearly": 6.98,
            "eps_latest_yearly": 11.08,
            "eps_growth_yearly": 64.54
        },
        "20062": {
            "year_quarter": 20062,
            "year": 2006,
            "quarter": 2,
            "eps": 1.14,
            "eps_growth_year": -20.28,
            "eps_4q": 8.34,
            "eps_4q_growth_year": 52.01,
            "roe": 5.16,
            "roe_4q": 40.47,
            "gross_profit": 243171,
            "gross_margin": 16.93,
            "gross_margin_4q_avg": 16.38,
            "net_income": 131727,
            "net_income_4q": null,
            "revenue": 1436745,
            "revenue_4q": null,
            "common_shares": 1155541,
            "book_valuer_per_share": 20.14,
            "book_valuer_per_share_4q_avg": 22.98,
            "equity": 2327737,
            "current_ratio": 183.63,
            "debt_ratio": 41.27,
            "inventory_turnover_ratio": 1.43,
            "account_receivable_turnover_ratio": null,
            "reinvestment_rate": 0.35,
            "research_to_sale_ratio": null,
            "price_fair": 242.29,
            "eps_avg_yearly": 6.92,
            "eps_latest_yearly": 4.56,
            "eps_growth_yearly": 56.74
        },
        "20063": {
            "year_quarter": 20063,
            "year": 2006,
            "quarter": 3,
            "eps": 0.55,
            "eps_growth_year": -70.74,
            "eps_4q": 7.25,
            "eps_4q_growth_year": 24.66,
            "roe": 2.63,
            "roe_4q": 33.519999999999996,
            "gross_profit": 99907,
            "gross_margin": 9.65,
            "gross_margin_4q_avg": 16,
            "net_income": 63254,
            "net_income_4q": null,
            "revenue": 1035200,
            "revenue_4q": null,
            "common_shares": 1173552,
            "book_valuer_per_share": 21.17,
            "book_valuer_per_share_4q_avg": 23.07,
            "equity": 2484497,
            "current_ratio": 217.62,
            "debt_ratio": 35.3,
            "inventory_turnover_ratio": 1.04,
            "account_receivable_turnover_ratio": null,
            "reinvestment_rate": -0.14,
            "research_to_sale_ratio": null,
            "price_fair": 239.84,
            "eps_avg_yearly": 6.85,
            "eps_latest_yearly": 2.2,
            "eps_growth_yearly": 53.55
        },
        "20064": {
            "year_quarter": 20064,
            "year": 2006,
            "quarter": 4,
            "eps": 1.95,
            "eps_growth_year": -42.65,
            "eps_4q": 6.09,
            "eps_4q_growth_year": -27.21,
            "roe": 8.58,
            "roe_4q": 27.15,
            "gross_profit": 354724,
            "gross_margin": 17.45,
            "gross_margin_4q_avg": 15.16,
            "net_income": 227027,
            "net_income_4q": null,
            "revenue": 2033062,
            "revenue_4q": null,
            "common_shares": 1173552,
            "book_valuer_per_share": 22.92,
            "book_valuer_per_share_4q_avg": 22.75,
            "equity": 2809671,
            "current_ratio": 250.26,
            "debt_ratio": 37.82,
            "inventory_turnover_ratio": 1.46,
            "account_receivable_turnover_ratio": null,
            "reinvestment_rate": 9.05,
            "research_to_sale_ratio": null,
            "price_fair": 245.26,
            "eps_avg_yearly": 7.01,
            "eps_latest_yearly": 7.8,
            "eps_growth_yearly": 102.12
        },
        "20071": {
            "year_quarter": 20071,
            "year": 2007,
            "quarter": 1,
            "eps": 2.29,
            "eps_growth_year": -17.33,
            "eps_4q": 5.87,
            "eps_4q_growth_year": -37.81,
            "roe": 9.28,
            "roe_4q": 25.65,
            "gross_profit": 360421,
            "gross_margin": 19.06,
            "gross_margin_4q_avg": 15.77,
            "net_income": 269767,
            "net_income_4q": null,
            "revenue": 1891313,
            "revenue_4q": null,
            "common_shares": 1180654,
            "book_valuer_per_share": 25.45,
            "book_valuer_per_share_4q_avg": 22.42,
            "equity": 3004378,
            "current_ratio": 260.89,
            "debt_ratio": 32.09,
            "inventory_turnover_ratio": 1.45,
            "account_receivable_turnover_ratio": null,
            "reinvestment_rate": -0.6,
            "research_to_sale_ratio": null,
            "price_fair": 245.7,
            "eps_avg_yearly": 7.02,
            "eps_latest_yearly": 9.16,
            "eps_growth_yearly": 89.38
        },
        "20072": {
            "year_quarter": 20072,
            "year": 2007,
            "quarter": 2,
            "eps": 1.21,
            "eps_growth_year": 6.14,
            "eps_4q": 5.85,
            "eps_4q_growth_year": -29.87,
            "roe": 5.39,
            "roe_4q": 25.88,
            "gross_profit": 281404,
            "gross_margin": 17.71,
            "gross_margin_4q_avg": 15.97,
            "net_income": 146082,
            "net_income_4q": null,
            "revenue": 1588630,
            "revenue_4q": null,
            "common_shares": 1207342,
            "book_valuer_per_share": 20.02,
            "book_valuer_per_share_4q_avg": 22.39,
            "equity": 2417354,
            "current_ratio": 173.42,
            "debt_ratio": 43.04,
            "inventory_turnover_ratio": 1.75,
            "account_receivable_turnover_ratio": null,
            "reinvestment_rate": -1.2,
            "research_to_sale_ratio": null,
            "price_fair": 247.98,
            "eps_avg_yearly": 7.09,
            "eps_latest_yearly": 4.84,
            "eps_growth_yearly": 91.98
        },
        "20073": {
            "year_quarter": 20073,
            "year": 2007,
            "quarter": 3,
            "eps": 1.39,
            "eps_growth_year": 152.73,
            "eps_4q": 6.7,
            "eps_4q_growth_year": -7.56,
            "roe": 6.74,
            "roe_4q": 29.989999999999995,
            "gross_profit": 232737,
            "gross_margin": 15.21,
            "gross_margin_4q_avg": 17.36,
            "net_income": 168317,
            "net_income_4q": null,
            "revenue": 1529782,
            "revenue_4q": null,
            "common_shares": 1207342,
            "book_valuer_per_share": 21.32,
            "book_valuer_per_share_4q_avg": 22.43,
            "equity": 2574163,
            "current_ratio": 227.66,
            "debt_ratio": 34.33,
            "inventory_turnover_ratio": 1.8,
            "account_receivable_turnover_ratio": null,
            "reinvestment_rate": -1.63,
            "research_to_sale_ratio": null,
            "price_fair": 249.03,
            "eps_avg_yearly": 7.12,
            "eps_latest_yearly": 5.56,
            "eps_growth_yearly": 87.28
        },
        "20074": {
            "year_quarter": 20074,
            "year": 2007,
            "quarter": 4,
            "eps": 2.36,
            "eps_growth_year": 21.03,
            "eps_4q": 7.19,
            "eps_4q_growth_year": 18.03,
            "roe": 10.25,
            "roe_4q": 31.660000000000004,
            "gross_profit": 390534,
            "gross_margin": 18.61,
            "gross_margin_4q_avg": 17.65,
            "net_income": 285394,
            "net_income_4q": null,
            "revenue": 2098922,
            "revenue_4q": null,
            "common_shares": 1207342,
            "book_valuer_per_share": 23.62,
            "book_valuer_per_share_4q_avg": 22.6,
            "equity": 2994462,
            "current_ratio": 290.08,
            "debt_ratio": 35.41,
            "inventory_turnover_ratio": 1.94,
            "account_receivable_turnover_ratio": null,
            "reinvestment_rate": 4.28,
            "research_to_sale_ratio": null,
            "price_fair": 259.26,
            "eps_avg_yearly": 7.41,
            "eps_latest_yearly": 9.44,
            "eps_growth_yearly": 106.3
        },
        "20081": {
            "year_quarter": 20081,
            "year": 2008,
            "quarter": 1,
            "eps": 1.28,
            "eps_growth_year": -44.1,
            "eps_4q": 5.97,
            "eps_4q_growth_year": 1.61,
            "roe": 5.35,
            "roe_4q": 27.73,
            "gross_profit": 413660,
            "gross_margin": 23.64,
            "gross_margin_4q_avg": 18.79,
            "net_income": 161712,
            "net_income_4q": null,
            "revenue": 1750127,
            "revenue_4q": null,
            "common_shares": 1207342,
            "book_valuer_per_share": 23.97,
            "book_valuer_per_share_4q_avg": 22.23,
            "equity": 3048592,
            "current_ratio": 391.97,
            "debt_ratio": 29.48,
            "inventory_turnover_ratio": 1.44,
            "account_receivable_turnover_ratio": null,
            "reinvestment_rate": 22.54,
            "research_to_sale_ratio": null,
            "price_fair": 245,
            "eps_avg_yearly": 7,
            "eps_latest_yearly": 5.12,
            "eps_growth_yearly": 58.73
        },
        "20082": {
            "year_quarter": 20082,
            "year": 2008,
            "quarter": 2,
            "eps": 0.62,
            "eps_growth_year": -48.76,
            "eps_4q": 5,
            "eps_4q_growth_year": -14.54,
            "roe": 3.13,
            "roe_4q": 25.47,
            "gross_profit": 236686,
            "gross_margin": 18.86,
            "gross_margin_4q_avg": 19.08,
            "net_income": 84833,
            "net_income_4q": null,
            "revenue": 1254705,
            "revenue_4q": null,
            "common_shares": 1234633,
            "book_valuer_per_share": 18.03,
            "book_valuer_per_share_4q_avg": 21.74,
            "equity": 2377507,
            "current_ratio": 235.5,
            "debt_ratio": 42.16,
            "inventory_turnover_ratio": 1.23,
            "account_receivable_turnover_ratio": null,
            "reinvestment_rate": 22.81,
            "research_to_sale_ratio": null,
            "price_fair": 234.76,
            "eps_avg_yearly": 6.71,
            "eps_latest_yearly": 2.48,
            "eps_growth_yearly": 55.46
        },
        "20083": {
            "year_quarter": 20083,
            "year": 2008,
            "quarter": 3,
            "eps": 0.77,
            "eps_growth_year": -44.6,
            "eps_4q": 4.59,
            "eps_4q_growth_year": -31.55,
            "roe": 4.24,
            "roe_4q": 22.97,
            "gross_profit": 243919,
            "gross_margin": 17.96,
            "gross_margin_4q_avg": 19.77,
            "net_income": 102593,
            "net_income_4q": null,
            "revenue": 1358381,
            "revenue_4q": null,
            "common_shares": 1234633,
            "book_valuer_per_share": 18.67,
            "book_valuer_per_share_4q_avg": 21.07,
            "equity": 2463988,
            "current_ratio": 267.16,
            "debt_ratio": 37.72,
            "inventory_turnover_ratio": 1.23,
            "account_receivable_turnover_ratio": null,
            "reinvestment_rate": 24.21,
            "research_to_sale_ratio": null,
            "price_fair": 226.1,
            "eps_avg_yearly": 6.46,
            "eps_latest_yearly": 3.08,
            "eps_growth_yearly": 61.93
        },
        "20084": {
            "year_quarter": 20084,
            "year": 2008,
            "quarter": 4,
            "eps": 2.03,
            "eps_growth_year": -13.98,
            "eps_4q": 4.53,
            "eps_4q_growth_year": -37.06,
            "roe": 9.87,
            "roe_4q": 22.589999999999996,
            "gross_profit": 447829,
            "gross_margin": 22.63,
            "gross_margin_4q_avg": 20.77,
            "net_income": 257961,
            "net_income_4q": null,
            "revenue": 1978502,
            "revenue_4q": null,
            "common_shares": 1212633,
            "book_valuer_per_share": 21.42,
            "book_valuer_per_share_4q_avg": 20.52,
            "equity": 2763977,
            "current_ratio": 280.85,
            "debt_ratio": 36.27,
            "inventory_turnover_ratio": 1.52,
            "account_receivable_turnover_ratio": 4.54,
            "reinvestment_rate": -0.33,
            "research_to_sale_ratio": null,
            "price_fair": 235.64,
            "eps_avg_yearly": 6.73,
            "eps_latest_yearly": 8.12,
            "eps_growth_yearly": 114.48
        },
        "20091": {
            "year_quarter": 20091,
            "year": 2009,
            "quarter": 1,
            "eps": 0.03,
            "eps_growth_year": -97.66,
            "eps_4q": 1.14,
            "eps_4q_growth_year": -80.93,
            "roe": 0.4,
            "roe_4q": 17.64,
            "gross_profit": 89411,
            "gross_margin": 8.08,
            "gross_margin_4q_avg": 16.88,
            "net_income": 11205,
            "net_income_4q": null,
            "revenue": 1106191,
            "revenue_4q": null,
            "common_shares": 1212633,
            "book_valuer_per_share": 21.94,
            "book_valuer_per_share_4q_avg": 20.02,
            "equity": 2834804,
            "current_ratio": 423.26,
            "debt_ratio": 27.27,
            "inventory_turnover_ratio": 1.21,
            "account_receivable_turnover_ratio": 1.54,
            "reinvestment_rate": 24.24,
            "research_to_sale_ratio": null,
            "price_fair": 219.63,
            "eps_avg_yearly": 6.28,
            "eps_latest_yearly": 0.12,
            "eps_growth_yearly": 65.38
        },
        "20092": {
            "year_quarter": 20092,
            "year": 2009,
            "quarter": 2,
            "eps": 0.54,
            "eps_growth_year": -12.9,
            "eps_4q": 2.87,
            "eps_4q_growth_year": -42.65,
            "roe": 2.97,
            "roe_4q": 17.479999999999997,
            "gross_profit": 140513,
            "gross_margin": 19.65,
            "gross_margin_4q_avg": 17.08,
            "net_income": 77950,
            "net_income_4q": null,
            "revenue": 714947,
            "revenue_4q": null,
            "common_shares": 1212633,
            "book_valuer_per_share": 18.48,
            "book_valuer_per_share_4q_avg": 20.13,
            "equity": 2413593,
            "current_ratio": 380.06,
            "debt_ratio": 28.09,
            "inventory_turnover_ratio": 0.92,
            "account_receivable_turnover_ratio": 1.52,
            "reinvestment_rate": 24.74,
            "research_to_sale_ratio": null,
            "price_fair": 211.84,
            "eps_avg_yearly": 6.05,
            "eps_latest_yearly": 2.16,
            "eps_growth_yearly": 496.16
        },
        "20093": {
            "year_quarter": 20093,
            "year": 2009,
            "quarter": 3,
            "eps": 0.39,
            "eps_growth_year": -49.35,
            "eps_4q": 2.5,
            "eps_4q_growth_year": -45.5,
            "roe": 2.35,
            "roe_4q": 15.59,
            "gross_profit": 175358,
            "gross_margin": 19.32,
            "gross_margin_4q_avg": 17.42,
            "net_income": 57092,
            "net_income_4q": null,
            "revenue": 907544,
            "revenue_4q": null,
            "common_shares": 1212633,
            "book_valuer_per_share": 18.6,
            "book_valuer_per_share_4q_avg": 20.11,
            "equity": 2438428,
            "current_ratio": 393.27,
            "debt_ratio": 30.45,
            "inventory_turnover_ratio": 1.18,
            "account_receivable_turnover_ratio": 2.13,
            "reinvestment_rate": 24.77,
            "research_to_sale_ratio": null,
            "price_fair": 198.8,
            "eps_avg_yearly": 5.68,
            "eps_latest_yearly": 1.56,
            "eps_growth_yearly": 481.35
        },
        "20094": {
            "year_quarter": 20094,
            "year": 2009,
            "quarter": 4,
            "eps": 0.72,
            "eps_growth_year": -64.53,
            "eps_4q": 1.68,
            "eps_4q_growth_year": -62.93,
            "roe": 4.39,
            "roe_4q": 10.110000000000001,
            "gross_profit": 287274,
            "gross_margin": 16.25,
            "gross_margin_4q_avg": 15.83,
            "net_income": 109379,
            "net_income_4q": null,
            "revenue": 1767719,
            "revenue_4q": null,
            "common_shares": 1212633,
            "book_valuer_per_share": 19.32,
            "book_valuer_per_share_4q_avg": 19.59,
            "equity": 2547220,
            "current_ratio": 330.03,
            "debt_ratio": 34.37,
            "inventory_turnover_ratio": 2.26,
            "account_receivable_turnover_ratio": 3.54,
            "reinvestment_rate": 57.38,
            "research_to_sale_ratio": null,
            "price_fair": 175.35,
            "eps_avg_yearly": 5.01,
            "eps_latest_yearly": 2.88,
            "eps_growth_yearly": 482.29
        },
        "20101": {
            "year_quarter": 20101,
            "year": 2010,
            "quarter": 1,
            "eps": 0.48,
            "eps_growth_year": 1500,
            "eps_4q": 2.13,
            "eps_4q_growth_year": 86.89,
            "roe": 2.62,
            "roe_4q": 12.33,
            "gross_profit": 206277,
            "gross_margin": 15.94,
            "gross_margin_4q_avg": 17.79,
            "net_income": 67350,
            "net_income_4q": null,
            "revenue": 1294001,
            "revenue_4q": null,
            "common_shares": 1212633,
            "book_valuer_per_share": 19.71,
            "book_valuer_per_share_4q_avg": 19.03,
            "equity": 2603714,
            "current_ratio": 400.48,
            "debt_ratio": 30.59,
            "inventory_turnover_ratio": 1.82,
            "account_receivable_turnover_ratio": 1.51,
            "reinvestment_rate": 102.25,
            "research_to_sale_ratio": 1.12,
            "price_fair": 155.31,
            "eps_avg_yearly": 4.44,
            "eps_latest_yearly": 1.92,
            "eps_growth_yearly": 478.59
        },
        "20102": {
            "year_quarter": 20102,
            "year": 2010,
            "quarter": 2,
            "eps": 0.43,
            "eps_growth_year": -19.83,
            "eps_4q": 2.02,
            "eps_4q_growth_year": -29.44,
            "roe": 2.36,
            "roe_4q": 11.72,
            "gross_profit": 135860,
            "gross_margin": 12.64,
            "gross_margin_4q_avg": 16.04,
            "net_income": 58257,
            "net_income_4q": null,
            "revenue": 1074716,
            "revenue_4q": null,
            "common_shares": 1212633,
            "book_valuer_per_share": 17.79,
            "book_valuer_per_share_4q_avg": 18.86,
            "equity": 2343113,
            "current_ratio": 275.72,
            "debt_ratio": 37.73,
            "inventory_turnover_ratio": 1.52,
            "account_receivable_turnover_ratio": 1.62,
            "reinvestment_rate": 103.45,
            "research_to_sale_ratio": 1.76,
            "price_fair": 149.1,
            "eps_avg_yearly": 4.26,
            "eps_latest_yearly": 1.72,
            "eps_growth_yearly": 490.7
        },
        "20103": {
            "year_quarter": 20103,
            "year": 2010,
            "quarter": 3,
            "eps": 0.48,
            "eps_growth_year": 24.04,
            "eps_4q": 2.12,
            "eps_4q_growth_year": -15.32,
            "roe": 2.81,
            "roe_4q": 12.18,
            "gross_profit": 236554,
            "gross_margin": 15.5,
            "gross_margin_4q_avg": 15.08,
            "net_income": 66093,
            "net_income_4q": null,
            "revenue": 1526045,
            "revenue_4q": null,
            "common_shares": 1212633,
            "book_valuer_per_share": 17.92,
            "book_valuer_per_share_4q_avg": 18.69,
            "equity": 2366420,
            "current_ratio": 275.67,
            "debt_ratio": 38.19,
            "inventory_turnover_ratio": 1.7,
            "account_receivable_turnover_ratio": 2.11,
            "reinvestment_rate": 100.31,
            "research_to_sale_ratio": 1.37,
            "price_fair": 148.49,
            "eps_avg_yearly": 4.24,
            "eps_latest_yearly": 1.92,
            "eps_growth_yearly": 506.54
        },
        "20104": {
            "year_quarter": 20104,
            "year": 2010,
            "quarter": 4,
            "eps": 0.12,
            "eps_growth_year": -82.86,
            "eps_4q": 1.52,
            "eps_4q_growth_year": -9.38,
            "roe": 1.39,
            "roe_4q": 9.18,
            "gross_profit": 238864,
            "gross_margin": 13.98,
            "gross_margin_4q_avg": 14.52,
            "net_income": 32205,
            "net_income_4q": null,
            "revenue": 1708142,
            "revenue_4q": null,
            "common_shares": 1212633,
            "book_valuer_per_share": 16.97,
            "book_valuer_per_share_4q_avg": 18.1,
            "equity": 2269145,
            "current_ratio": 273.64,
            "debt_ratio": 38.84,
            "inventory_turnover_ratio": 1.9,
            "account_receivable_turnover_ratio": 1.99,
            "reinvestment_rate": 60.17,
            "research_to_sale_ratio": 0.81,
            "price_fair": 132.48,
            "eps_avg_yearly": 3.79,
            "eps_latest_yearly": 0.48,
            "eps_growth_yearly": 424.16
        },
        "20111": {
            "year_quarter": 20111,
            "year": 2011,
            "quarter": 1,
            "eps": 0.14,
            "eps_growth_year": -70.83,
            "eps_4q": 1.18,
            "eps_4q_growth_year": -44.33,
            "roe": 1.14,
            "roe_4q": 7.699999999999999,
            "gross_profit": 158532,
            "gross_margin": 13.45,
            "gross_margin_4q_avg": 13.89,
            "net_income": 26059,
            "net_income_4q": null,
            "revenue": 1178627,
            "revenue_4q": null,
            "common_shares": 1212633,
            "book_valuer_per_share": 17.21,
            "book_valuer_per_share_4q_avg": 17.47,
            "equity": 2306692,
            "current_ratio": 316.94,
            "debt_ratio": 35.77,
            "inventory_turnover_ratio": 1.47,
            "account_receivable_turnover_ratio": 1.52,
            "reinvestment_rate": 116.76,
            "research_to_sale_ratio": 1.45,
            "price_fair": 113.66,
            "eps_avg_yearly": 3.25,
            "eps_latest_yearly": 0.56,
            "eps_growth_yearly": 423.97
        },
        "20112": {
            "year_quarter": 20112,
            "year": 2011,
            "quarter": 2,
            "eps": -0.71,
            "eps_growth_year": -264.15,
            "eps_4q": 0.04,
            "eps_4q_growth_year": -98.01,
            "roe": -3.35,
            "roe_4q": 1.99,
            "gross_profit": 55590,
            "gross_margin": 5.67,
            "gross_margin_4q_avg": 12.15,
            "net_income": -74897,
            "net_income_4q": null,
            "revenue": 979778,
            "revenue_4q": null,
            "common_shares": 1212633,
            "book_valuer_per_share": 16.45,
            "book_valuer_per_share_4q_avg": 17.14,
            "equity": 2171245,
            "current_ratio": 297.08,
            "debt_ratio": 34.16,
            "inventory_turnover_ratio": 1.36,
            "account_receivable_turnover_ratio": 1.73,
            "reinvestment_rate": 126.54,
            "research_to_sale_ratio": 1.67,
            "price_fair": 109.95,
            "eps_avg_yearly": 3.14,
            "eps_latest_yearly": 0.56,
            "eps_growth_yearly": 464.81
        },
        "20113": {
            "year_quarter": 20113,
            "year": 2011,
            "quarter": 3,
            "eps": 0.07,
            "eps_growth_year": -85.53,
            "eps_4q": -0.37,
            "eps_4q_growth_year": -117.65,
            "roe": 0.89,
            "roe_4q": 0.06999999999999984,
            "gross_profit": 119928,
            "gross_margin": 11.05,
            "gross_margin_4q_avg": 11.04,
            "net_income": 19798,
            "net_income_4q": null,
            "revenue": 1084959,
            "revenue_4q": null,
            "common_shares": 1212633,
            "book_valuer_per_share": 17.05,
            "book_valuer_per_share_4q_avg": 16.92,
            "equity": 2266463,
            "current_ratio": 268.9,
            "debt_ratio": 36.08,
            "inventory_turnover_ratio": 1.2,
            "account_receivable_turnover_ratio": 1.91,
            "reinvestment_rate": 145.57,
            "research_to_sale_ratio": 1.72,
            "price_fair": 103.9,
            "eps_avg_yearly": 2.97,
            "eps_latest_yearly": 0.56,
            "eps_growth_yearly": 493.76
        },
        "20114": {
            "year_quarter": 20114,
            "year": 2011,
            "quarter": 4,
            "eps": 0.69,
            "eps_growth_year": 461.39,
            "eps_4q": 0.2,
            "eps_4q_growth_year": -87.12,
            "roe": 4.39,
            "roe_4q": 3.0699999999999994,
            "gross_profit": 291591,
            "gross_margin": 17.18,
            "gross_margin_4q_avg": 11.84,
            "net_income": 101491,
            "net_income_4q": null,
            "revenue": 1697675,
            "revenue_4q": null,
            "common_shares": 1212633,
            "book_valuer_per_share": 17.67,
            "book_valuer_per_share_4q_avg": 17.1,
            "equity": 2358492,
            "current_ratio": 240.46,
            "debt_ratio": 39.28,
            "inventory_turnover_ratio": 1.45,
            "account_receivable_turnover_ratio": 1.98,
            "reinvestment_rate": 97.08,
            "research_to_sale_ratio": 0.8,
            "price_fair": 87.2,
            "eps_avg_yearly": 2.49,
            "eps_latest_yearly": 2.76,
            "eps_growth_yearly": 726.88
        },
        "20121": {
            "year_quarter": 20121,
            "year": 2012,
            "quarter": 1,
            "eps": 0.3,
            "eps_growth_year": 114.29,
            "eps_4q": 0.35,
            "eps_4q_growth_year": -70.54,
            "roe": 1.99,
            "roe_4q": 3.9199999999999995,
            "gross_profit": 233414,
            "gross_margin": 15.09,
            "gross_margin_4q_avg": 12.25,
            "net_income": 47185,
            "net_income_4q": null,
            "revenue": 1546513,
            "revenue_4q": null,
            "common_shares": 1212633,
            "book_valuer_per_share": 17.75,
            "book_valuer_per_share_4q_avg": 17.23,
            "equity": 2374560,
            "current_ratio": 267.2,
            "debt_ratio": 35.89,
            "inventory_turnover_ratio": 1.44,
            "account_receivable_turnover_ratio": 1.66,
            "reinvestment_rate": 101.12,
            "research_to_sale_ratio": 0.72,
            "price_fair": 77.4,
            "eps_avg_yearly": 2.21,
            "eps_latest_yearly": 1.2,
            "eps_growth_yearly": 723.81
        },
        "20122": {
            "year_quarter": 20122,
            "year": 2012,
            "quarter": 2,
            "eps": -0.27,
            "eps_growth_year": null,
            "eps_4q": 0.79,
            "eps_4q_growth_year": 1862.9,
            "roe": -1.06,
            "roe_4q": 6.209999999999999,
            "gross_profit": 104183,
            "gross_margin": 9.97,
            "gross_margin_4q_avg": 13.32,
            "net_income": -24489,
            "net_income_4q": null,
            "revenue": 1044876,
            "revenue_4q": null,
            "common_shares": 1212633,
            "book_valuer_per_share": 17,
            "book_valuer_per_share_4q_avg": 17.37,
            "equity": 2263333,
            "current_ratio": 302.54,
            "debt_ratio": 32.57,
            "inventory_turnover_ratio": 1.23,
            "account_receivable_turnover_ratio": 1.56,
            "reinvestment_rate": 107.2,
            "research_to_sale_ratio": 1.11,
            "price_fair": 76.68,
            "eps_avg_yearly": 2.19,
            "eps_latest_yearly": 1.2,
            "eps_growth_yearly": 795.35
        },
        "20123": {
            "year_quarter": 20123,
            "year": 2012,
            "quarter": 3,
            "eps": -0.12,
            "eps_growth_year": -272.54,
            "eps_4q": 0.6,
            "eps_4q_growth_year": null,
            "roe": -0.33,
            "roe_4q": 4.989999999999999,
            "gross_profit": 137907,
            "gross_margin": 14.17,
            "gross_margin_4q_avg": 14.1,
            "net_income": -7326,
            "net_income_4q": null,
            "revenue": 973127,
            "revenue_4q": null,
            "common_shares": 1212633,
            "book_valuer_per_share": 16.72,
            "book_valuer_per_share_4q_avg": 17.29,
            "equity": 2232504,
            "current_ratio": 301.22,
            "debt_ratio": 34.2,
            "inventory_turnover_ratio": 1.09,
            "account_receivable_turnover_ratio": 1.81,
            "reinvestment_rate": 119.89,
            "research_to_sale_ratio": 1.36,
            "price_fair": 74.08,
            "eps_avg_yearly": 2.12,
            "eps_latest_yearly": 1.2,
            "eps_growth_yearly": 853.56
        },
        "20124": {
            "year_quarter": 20124,
            "year": 2012,
            "quarter": 4,
            "eps": 0.42,
            "eps_growth_year": -39.57,
            "eps_4q": 0.32,
            "eps_4q_growth_year": 65.51,
            "roe": 2.37,
            "roe_4q": 2.9699999999999998,
            "gross_profit": 228511,
            "gross_margin": 14.97,
            "gross_margin_4q_avg": 13.55,
            "net_income": 53571,
            "net_income_4q": null,
            "revenue": 1526825,
            "revenue_4q": null,
            "common_shares": 1212633,
            "book_valuer_per_share": 17.15,
            "book_valuer_per_share_4q_avg": 17.16,
            "equity": 2285444,
            "current_ratio": 269.49,
            "debt_ratio": 37.24,
            "inventory_turnover_ratio": 1.68,
            "account_receivable_turnover_ratio": 2.1,
            "reinvestment_rate": 189.21,
            "research_to_sale_ratio": 0.67,
            "price_fair": 54.98,
            "eps_avg_yearly": 1.57,
            "eps_latest_yearly": 1.2,
            "eps_growth_yearly": 871.66
        },
        "20131": {
            "year_quarter": 20131,
            "year": 2013,
            "quarter": 1,
            "eps": -0.15,
            "eps_growth_year": -150,
            "eps_4q": -0.13,
            "eps_4q_growth_year": -136.01,
            "roe": -0.76,
            "roe_4q": 0.21999999999999997,
            "gross_profit": 103254,
            "gross_margin": 10.09,
            "gross_margin_4q_avg": 12.3,
            "net_income": -17963,
            "net_income_4q": null,
            "revenue": 1022959,
            "revenue_4q": null,
            "common_shares": 1212633,
            "book_valuer_per_share": 18.17,
            "book_valuer_per_share_4q_avg": 17.26,
            "equity": 2418129,
            "current_ratio": 389.27,
            "debt_ratio": 33.32,
            "inventory_turnover_ratio": 1.37,
            "account_receivable_turnover_ratio": 1.45,
            "reinvestment_rate": -29.66,
            "research_to_sale_ratio": 0.64,
            "price_fair": 60.06,
            "eps_avg_yearly": 1.72,
            "eps_latest_yearly": 1.2,
            "eps_growth_yearly": 998.23
        },
        "20132": {
            "year_quarter": 20132,
            "year": 2013,
            "quarter": 2,
            "eps": -0.74,
            "eps_growth_year": null,
            "eps_4q": -0.59,
            "eps_4q_growth_year": -175.01,
            "roe": -3.67,
            "roe_4q": -2.3899999999999997,
            "gross_profit": 48517,
            "gross_margin": 5.42,
            "gross_margin_4q_avg": 11.16,
            "net_income": -86106,
            "net_income_4q": null,
            "revenue": 895100,
            "revenue_4q": null,
            "common_shares": 1212633,
            "book_valuer_per_share": 17.12,
            "book_valuer_per_share_4q_avg": 17.29,
            "equity": 2269219,
            "current_ratio": 344.84,
            "debt_ratio": 35.42,
            "inventory_turnover_ratio": 1.43,
            "account_receivable_turnover_ratio": 1.97,
            "reinvestment_rate": -20.31,
            "research_to_sale_ratio": 0.84,
            "price_fair": 58.33,
            "eps_avg_yearly": 1.67,
            "eps_latest_yearly": 1.2,
            "eps_growth_yearly": 353.59
        },
        "20133": {
            "year_quarter": 20133,
            "year": 2013,
            "quarter": 3,
            "eps": -0.35,
            "eps_growth_year": null,
            "eps_4q": -0.82,
            "eps_4q_growth_year": -236.9,
            "roe": -1.82,
            "roe_4q": -3.88,
            "gross_profit": 75287,
            "gross_margin": 8.85,
            "gross_margin_4q_avg": 9.83,
            "net_income": -40689,
            "net_income_4q": null,
            "revenue": 850898,
            "revenue_4q": null,
            "common_shares": 1212633,
            "book_valuer_per_share": 16.67,
            "book_valuer_per_share_4q_avg": 17.28,
            "equity": 2214129,
            "current_ratio": 274.58,
            "debt_ratio": 38.11,
            "inventory_turnover_ratio": 1.05,
            "account_receivable_turnover_ratio": 1.94,
            "reinvestment_rate": 13.82,
            "research_to_sale_ratio": 0.89,
            "price_fair": 58.8,
            "eps_avg_yearly": 1.68,
            "eps_latest_yearly": 1.2,
            "eps_growth_yearly": 411.68
        },
        "20134": {
            "year_quarter": 20134,
            "year": 2013,
            "quarter": 4,
            "eps": 0.53,
            "eps_growth_year": 25.73,
            "eps_4q": -0.71,
            "eps_4q_growth_year": -319.44,
            "roe": 3.07,
            "roe_4q": -3.1799999999999997,
            "gross_profit": 237434,
            "gross_margin": 14.41,
            "gross_margin_4q_avg": 9.69,
            "net_income": 69239,
            "net_income_4q": null,
            "revenue": 1647556,
            "revenue_4q": null,
            "common_shares": 1212633,
            "book_valuer_per_share": 17.26,
            "book_valuer_per_share_4q_avg": 17.31,
            "equity": 2293236,
            "current_ratio": 258.78,
            "debt_ratio": 39.11,
            "inventory_turnover_ratio": 1.84,
            "account_receivable_turnover_ratio": 2.74,
            "reinvestment_rate": -902.67,
            "research_to_sale_ratio": 0.46,
            "price_fair": 52.8,
            "eps_avg_yearly": 1.51,
            "eps_latest_yearly": 1.2,
            "eps_growth_yearly": 422.14
        },
        "20141": {
            "year_quarter": 20141,
            "year": 2014,
            "quarter": 1,
            "eps": -0.25,
            "eps_growth_year": null,
            "eps_4q": -0.8,
            "eps_4q_growth_year": null,
            "roe": -1.26,
            "roe_4q": -3.68,
            "gross_profit": 180777,
            "gross_margin": 16.76,
            "gross_margin_4q_avg": 11.36,
            "net_income": -28826,
            "net_income_4q": null,
            "revenue": 1078582,
            "revenue_4q": null,
            "common_shares": 1212633,
            "book_valuer_per_share": 17.16,
            "book_valuer_per_share_4q_avg": 17.05,
            "equity": 2285905,
            "current_ratio": 306.13,
            "debt_ratio": 36.65,
            "inventory_turnover_ratio": 1.56,
            "account_receivable_turnover_ratio": 1.71,
            "reinvestment_rate": -1981.21,
            "research_to_sale_ratio": 0.66,
            "price_fair": 50.4,
            "eps_avg_yearly": 1.44,
            "eps_latest_yearly": 1.2,
            "eps_growth_yearly": 514.71
        },
        "20142": {
            "year_quarter": 20142,
            "year": 2014,
            "quarter": 2,
            "eps": -1.09,
            "eps_growth_year": null,
            "eps_4q": -1.17,
            "eps_4q_growth_year": null,
            "roe": -5.91,
            "roe_4q": -5.92,
            "gross_profit": -3987,
            "gross_margin": -0.54,
            "gross_margin_4q_avg": 9.87,
            "net_income": -129997,
            "net_income_4q": null,
            "revenue": 739366,
            "revenue_4q": null,
            "common_shares": 1212633,
            "book_valuer_per_share": 15.88,
            "book_valuer_per_share_4q_avg": 16.74,
            "equity": 2116187,
            "current_ratio": 302.28,
            "debt_ratio": 35.81,
            "inventory_turnover_ratio": 1.49,
            "account_receivable_turnover_ratio": 1.64,
            "reinvestment_rate": null,
            "research_to_sale_ratio": 1.08,
            "price_fair": 48.44,
            "eps_avg_yearly": 1.38,
            "eps_latest_yearly": 1.2,
            "eps_growth_yearly": 625.99
        },
        "20143": {
            "year_quarter": 20143,
            "year": 2014,
            "quarter": 3,
            "eps": 0.01,
            "eps_growth_year": null,
            "eps_4q": -0.8,
            "eps_4q_growth_year": null,
            "roe": 0.39,
            "roe_4q": -3.7100000000000004,
            "gross_profit": 97498,
            "gross_margin": 10.44,
            "gross_margin_4q_avg": 10.27,
            "net_income": 8216,
            "net_income_4q": null,
            "revenue": 933690,
            "revenue_4q": null,
            "common_shares": 1212633,
            "book_valuer_per_share": 16.04,
            "book_valuer_per_share_4q_avg": 16.59,
            "equity": 2146094,
            "current_ratio": 243.36,
            "debt_ratio": 38.43,
            "inventory_turnover_ratio": 1.41,
            "account_receivable_turnover_ratio": 1.88,
            "reinvestment_rate": null,
            "research_to_sale_ratio": 0.63,
            "price_fair": 43.75,
            "eps_avg_yearly": 1.25,
            "eps_latest_yearly": 1.2,
            "eps_growth_yearly": 770.86
        },
        "20144": {
            "year_quarter": 20144,
            "year": 2014,
            "quarter": 4,
            "eps": 0.83,
            "eps_growth_year": 58.24,
            "eps_4q": -0.5,
            "eps_4q_growth_year": null,
            "roe": 5.12,
            "roe_4q": -1.6600000000000004,
            "gross_profit": 269836,
            "gross_margin": 17.56,
            "gross_margin_4q_avg": 11.06,
            "net_income": 114080,
            "net_income_4q": null,
            "revenue": 1536930,
            "revenue_4q": null,
            "common_shares": 1212633,
            "book_valuer_per_share": 17.18,
            "book_valuer_per_share_4q_avg": 16.57,
            "equity": 2306477,
            "current_ratio": 242.98,
            "debt_ratio": 38.38,
            "inventory_turnover_ratio": 1.8,
            "account_receivable_turnover_ratio": 2.31,
            "reinvestment_rate": null,
            "research_to_sale_ratio": 0.58,
            "price_fair": 68.6,
            "eps_avg_yearly": 1.96,
            "eps_latest_yearly": 3.32,
            "eps_growth_yearly": 9045.86
        },
        "20151": {
            "year_quarter": 20151,
            "year": 2015,
            "quarter": 1,
            "eps": 0.31,
            "eps_growth_year": null,
            "eps_4q": 0.06,
            "eps_4q_growth_year": null,
            "roe": 1.71,
            "roe_4q": 1.3099999999999996,
            "gross_profit": 178129,
            "gross_margin": 15.35,
            "gross_margin_4q_avg": 10.7,
            "net_income": 39537,
            "net_income_4q": null,
            "revenue": 1160539,
            "revenue_4q": null,
            "common_shares": 1212633,
            "book_valuer_per_share": 17.39,
            "book_valuer_per_share_4q_avg": 16.62,
            "equity": 2330985,
            "current_ratio": 256.81,
            "debt_ratio": 33.86,
            "inventory_turnover_ratio": 1.61,
            "account_receivable_turnover_ratio": 1.94,
            "reinvestment_rate": null,
            "research_to_sale_ratio": 0.56,
            "price_fair": 74.55,
            "eps_avg_yearly": 2.13,
            "eps_latest_yearly": 1.24,
            "eps_growth_yearly": 8966.54
        },
        "20152": {
            "year_quarter": 20152,
            "year": 2015,
            "quarter": 2,
            "eps": -0.91,
            "eps_growth_year": null,
            "eps_4q": 0.25,
            "eps_4q_growth_year": null,
            "roe": -4.78,
            "roe_4q": 2.44,
            "gross_profit": -27788,
            "gross_margin": -3.93,
            "gross_margin_4q_avg": 9.86,
            "net_income": -108004,
            "net_income_4q": null,
            "revenue": 706698,
            "revenue_4q": null,
            "common_shares": 1212633,
            "book_valuer_per_share": 16.39,
            "book_valuer_per_share_4q_avg": 16.75,
            "equity": 2191354,
            "current_ratio": 275.34,
            "debt_ratio": 33.3,
            "inventory_turnover_ratio": 1.43,
            "account_receivable_turnover_ratio": 1.53,
            "reinvestment_rate": null,
            "research_to_sale_ratio": 0.88,
            "price_fair": 74.55,
            "eps_avg_yearly": 2.13,
            "eps_latest_yearly": 1.24,
            "eps_growth_yearly": 8966.54
        },
        "20153": {
            "year_quarter": 20153,
            "year": 2015,
            "quarter": 3,
            "eps": -0.09,
            "eps_growth_year": -1000,
            "eps_4q": 0.15,
            "eps_4q_growth_year": null,
            "roe": -0.42,
            "roe_4q": 1.63,
            "gross_profit": 112357,
            "gross_margin": 10.91,
            "gross_margin_4q_avg": 9.97,
            "net_income": -9256,
            "net_income_4q": null,
            "revenue": 1030275,
            "revenue_4q": null,
            "common_shares": 1212633,
            "book_valuer_per_share": 16.56,
            "book_valuer_per_share_4q_avg": 16.88,
            "equity": 2222731,
            "current_ratio": 225.61,
            "debt_ratio": 38.7,
            "inventory_turnover_ratio": 1.42,
            "account_receivable_turnover_ratio": 1.8,
            "reinvestment_rate": null,
            "research_to_sale_ratio": 0.77,
            "price_fair": 74.55,
            "eps_avg_yearly": 2.13,
            "eps_latest_yearly": 1.24,
            "eps_growth_yearly": 8966.54
        },
        "20154": {
            "year_quarter": 20154,
            "year": 2015,
            "quarter": 4,
            "eps": 0.12,
            "eps_growth_year": -85.4,
            "eps_4q": -0.56,
            "eps_4q_growth_year": null,
            "roe": 0.84,
            "roe_4q": -2.6500000000000004,
            "gross_profit": 214692,
            "gross_margin": 13.38,
            "gross_margin_4q_avg": 8.93,
            "net_income": 18601,
            "net_income_4q": null,
            "revenue": 1604414,
            "revenue_4q": null,
            "common_shares": 1212633,
            "book_valuer_per_share": 16.58,
            "book_valuer_per_share_4q_avg": 16.73,
            "equity": 2226537,
            "current_ratio": 226.79,
            "debt_ratio": 39.63,
            "inventory_turnover_ratio": 1.86,
            "account_receivable_turnover_ratio": 2.2,
            "reinvestment_rate": null,
            "research_to_sale_ratio": 0.46,
            "price_fair": 67.2,
            "eps_avg_yearly": 1.92,
            "eps_latest_yearly": 1.24,
            "eps_growth_yearly": 10774.44
        },
        "20161": {
            "year_quarter": 20161,
            "year": 2016,
            "quarter": 1,
            "eps": -1.18,
            "eps_growth_year": -480.65,
            "eps_4q": -2.05,
            "eps_4q_growth_year": -3412.24,
            "roe": -6.47,
            "roe_4q": -10.83,
            "gross_profit": 6440,
            "gross_margin": 0.63,
            "gross_margin_4q_avg": 5.25,
            "net_income": -139192,
            "net_income_4q": null,
            "revenue": 1020041,
            "revenue_4q": null,
            "common_shares": 1212633,
            "book_valuer_per_share": 15.33,
            "book_valuer_per_share_4q_avg": 16.22,
            "equity": 2074918,
            "current_ratio": 236.73,
            "debt_ratio": 35.74,
            "inventory_turnover_ratio": 1.73,
            "account_receivable_turnover_ratio": 1.75,
            "reinvestment_rate": null,
            "research_to_sale_ratio": 0.56,
            "price_fair": 79.8,
            "eps_avg_yearly": 2.28,
            "eps_latest_yearly": 1.24,
            "eps_growth_yearly": 16274.7
        },
        "20162": {
            "year_quarter": 20162,
            "year": 2016,
            "quarter": 2,
            "eps": -0.5,
            "eps_growth_year": null,
            "eps_4q": -1.65,
            "eps_4q_growth_year": -754.16,
            "roe": -2.97,
            "roe_4q": -9.02,
            "gross_profit": 51480,
            "gross_margin": 5.79,
            "gross_margin_4q_avg": 7.68,
            "net_income": -60466,
            "net_income_4q": null,
            "revenue": 889010,
            "revenue_4q": null,
            "common_shares": 1212633,
            "book_valuer_per_share": 14.77,
            "book_valuer_per_share_4q_avg": 15.81,
            "equity": 1996517,
            "current_ratio": 232.91,
            "debt_ratio": 37.56,
            "inventory_turnover_ratio": 1.81,
            "account_receivable_turnover_ratio": 1.86,
            "reinvestment_rate": null,
            "research_to_sale_ratio": 0.69,
            "price_fair": 79.8,
            "eps_avg_yearly": 2.28,
            "eps_latest_yearly": 1.24,
            "eps_growth_yearly": 16274.7
        },
        "20163": {
            "year_quarter": 20163,
            "year": 2016,
            "quarter": 3,
            "eps": -0.12,
            "eps_growth_year": null,
            "eps_4q": -1.67,
            "eps_4q_growth_year": -1204.58,
            "roe": -0.35,
            "roe_4q": -8.95,
            "gross_profit": 149505,
            "gross_margin": 15.23,
            "gross_margin_4q_avg": 8.76,
            "net_income": -7000,
            "net_income_4q": null,
            "revenue": 981547,
            "revenue_4q": null,
            "common_shares": 1212633,
            "book_valuer_per_share": 14.52,
            "book_valuer_per_share_4q_avg": 15.3,
            "equity": 1966553,
            "current_ratio": 235.19,
            "debt_ratio": 36.8,
            "inventory_turnover_ratio": 1.8,
            "account_receivable_turnover_ratio": 1.76,
            "reinvestment_rate": null,
            "research_to_sale_ratio": 0.64,
            "price_fair": 79.8,
            "eps_avg_yearly": 2.28,
            "eps_latest_yearly": 1.24,
            "eps_growth_yearly": 16274.7
        },
        "20164": {
            "year_quarter": 20164,
            "year": 2016,
            "quarter": 4,
            "eps": -0.04,
            "eps_growth_year": -130.47,
            "eps_4q": -1.83,
            "eps_4q_growth_year": null,
            "roe": 0.39,
            "roe_4q": -9.4,
            "gross_profit": 152571,
            "gross_margin": 22.25,
            "gross_margin_4q_avg": 10.98,
            "net_income": 7632,
            "net_income_4q": null,
            "revenue": 685563,
            "revenue_4q": null,
            "common_shares": 1212633,
            "book_valuer_per_share": 14.42,
            "book_valuer_per_share_4q_avg": 14.76,
            "equity": 1970876,
            "current_ratio": 237.64,
            "debt_ratio": 36.67,
            "inventory_turnover_ratio": 1.18,
            "account_receivable_turnover_ratio": 1.15,
            "reinvestment_rate": null,
            "research_to_sale_ratio": 0.87,
            "price_fair": 79.8,
            "eps_avg_yearly": 2.28,
            "eps_latest_yearly": 1.24,
            "eps_growth_yearly": 16274.7
        },
        "20171": {
            "year_quarter": 20171,
            "year": 2017,
            "quarter": 1,
            "eps": -0.78,
            "eps_growth_year": null,
            "eps_4q": -1.43,
            "eps_4q_growth_year": null,
            "roe": -4.86,
            "roe_4q": -7.790000000000001,
            "gross_profit": 56411,
            "gross_margin": 8.59,
            "gross_margin_4q_avg": 12.97,
            "net_income": -92474,
            "net_income_4q": null,
            "revenue": 656747,
            "revenue_4q": null,
            "common_shares": 1212633,
            "book_valuer_per_share": 13.38,
            "book_valuer_per_share_4q_avg": 14.27,
            "equity": 1832561,
            "current_ratio": 236.66,
            "debt_ratio": 36.68,
            "inventory_turnover_ratio": 1.34,
            "account_receivable_turnover_ratio": 1.31,
            "reinvestment_rate": null,
            "research_to_sale_ratio": 0.84,
            "price_fair": 79.8,
            "eps_avg_yearly": 2.28,
            "eps_latest_yearly": 1.24,
            "eps_growth_yearly": 16274.7
        },
        "20172": {
            "year_quarter": 20172,
            "year": 2017,
            "quarter": 2,
            "eps": -0.83,
            "eps_growth_year": null,
            "eps_4q": -1.76,
            "eps_4q_growth_year": null,
            "roe": -5.66,
            "roe_4q": -10.479999999999999,
            "gross_profit": -24911,
            "gross_margin": -3.24,
            "gross_margin_4q_avg": 10.71,
            "net_income": -100776,
            "net_income_4q": null,
            "revenue": 768509,
            "revenue_4q": null,
            "common_shares": 1212633,
            "book_valuer_per_share": 12.73,
            "book_valuer_per_share_4q_avg": 13.76,
            "equity": 1726524,
            "current_ratio": 199.76,
            "debt_ratio": 40.44,
            "inventory_turnover_ratio": 1.65,
            "account_receivable_turnover_ratio": 1.9,
            "reinvestment_rate": null,
            "research_to_sale_ratio": 0.77,
            "price_fair": 79.8,
            "eps_avg_yearly": 2.28,
            "eps_latest_yearly": 1.24,
            "eps_growth_yearly": 16274.7
        },
        "20173": {
            "year_quarter": 20173,
            "year": 2017,
            "quarter": 3,
            "eps": 9.61,
            "eps_growth_year": null,
            "eps_4q": 7.97,
            "eps_4q_growth_year": null,
            "roe": 51.61,
            "roe_4q": 41.480000000000004,
            "gross_profit": 407327,
            "gross_margin": 32.06,
            "gross_margin_4q_avg": 14.92,
            "net_income": 1165802,
            "net_income_4q": null,
            "revenue": 1270601,
            "revenue_4q": null,
            "common_shares": 1212633,
            "book_valuer_per_share": 21.51,
            "book_valuer_per_share_4q_avg": 15.51,
            "equity": 2791511,
            "current_ratio": 300.24,
            "debt_ratio": 32.26,
            "inventory_turnover_ratio": 1.55,
            "account_receivable_turnover_ratio": 2.37,
            "reinvestment_rate": -63.66,
            "research_to_sale_ratio": 0.5,
            "price_fair": 79.8,
            "eps_avg_yearly": 2.28,
            "eps_latest_yearly": 1.24,
            "eps_growth_yearly": 16274.7
        },
        "20174": {
            "year_quarter": 20174,
            "year": 2017,
            "quarter": 4,
            "eps": 0.74,
            "eps_growth_year": null,
            "eps_4q": 8.74,
            "eps_4q_growth_year": null,
            "roe": 3.28,
            "roe_4q": 44.370000000000005,
            "gross_profit": 218929,
            "gross_margin": 19.45,
            "gross_margin_4q_avg": 14.22,
            "net_income": 92809,
            "net_income_4q": null,
            "revenue": 1125587,
            "revenue_4q": null,
            "common_shares": 1212633,
            "book_valuer_per_share": 22.06,
            "book_valuer_per_share_4q_avg": 17.42,
            "equity": 2859345,
            "current_ratio": 320.21,
            "debt_ratio": 30.01,
            "inventory_turnover_ratio": 1.42,
            "account_receivable_turnover_ratio": 1.87,
            "reinvestment_rate": -66,
            "research_to_sale_ratio": 0.55,
            "price_fair": 87.73,
            "eps_avg_yearly": 2.51,
            "eps_latest_yearly": 2.96,
            "eps_growth_yearly": 10726.73
        },
        "20181": {
            "year_quarter": 20181,
            "year": 2018,
            "quarter": 1,
            "eps": 0.19,
            "eps_growth_year": null,
            "eps_4q": 9.71,
            "eps_4q_growth_year": null,
            "roe": 0.89,
            "roe_4q": 50.120000000000005,
            "gross_profit": 142848,
            "gross_margin": 14.13,
            "gross_margin_4q_avg": 15.6,
            "net_income": 25712,
            "net_income_4q": null,
            "revenue": 1010735,
            "revenue_4q": null,
            "common_shares": 1212633,
            "book_valuer_per_share": 22.36,
            "book_valuer_per_share_4q_avg": 19.67,
            "equity": 2894499,
            "current_ratio": 390.42,
            "debt_ratio": 24.76,
            "inventory_turnover_ratio": 1.43,
            "account_receivable_turnover_ratio": 2.06,
            "reinvestment_rate": -67.15,
            "research_to_sale_ratio": 0.55,
            "price_fair": 72.45,
            "eps_avg_yearly": 2.07,
            "eps_latest_yearly": 0.76,
            "eps_growth_yearly": 7970.73
        },
        "20182": {
            "year_quarter": 20182,
            "year": 2018,
            "quarter": 2,
            "eps": -0.91,
            "eps_growth_year": null,
            "eps_4q": 14.01,
            "eps_4q_growth_year": null,
            "roe": -4.34,
            "roe_4q": 51.44,
            "gross_profit": 126073,
            "gross_margin": 13.97,
            "gross_margin_4q_avg": 19.9,
            "net_income": -107121,
            "net_income_4q": null,
            "revenue": 902274,
            "revenue_4q": null,
            "common_shares": 838000,
            "book_valuer_per_share": 22.34,
            "book_valuer_per_share_4q_avg": 22.07,
            "equity": 2045285,
            "current_ratio": 214.45,
            "debt_ratio": 41.19,
            "inventory_turnover_ratio": 1.37,
            "account_receivable_turnover_ratio": 1.94,
            "reinvestment_rate": -65.61,
            "research_to_sale_ratio": 0.72,
            "price_fair": 72.45,
            "eps_avg_yearly": 2.07,
            "eps_latest_yearly": 0.76,
            "eps_growth_yearly": 7970.73
        },
        "20183": {
            "year_quarter": 20183,
            "year": 2018,
            "quarter": 3,
            "eps": 0.98,
            "eps_growth_year": -89.8,
            "eps_4q": 1.08,
            "eps_4q_growth_year": -86.45,
            "roe": 3.93,
            "roe_4q": 3.7600000000000002,
            "gross_profit": 195334,
            "gross_margin": 18.46,
            "gross_margin_4q_avg": 16.5,
            "net_income": 81661,
            "net_income_4q": null,
            "revenue": 1057900,
            "revenue_4q": null,
            "common_shares": 838000,
            "book_valuer_per_share": 23.08,
            "book_valuer_per_share_4q_avg": 22.46,
            "equity": 2106761,
            "current_ratio": 279.69,
            "debt_ratio": 31.75,
            "inventory_turnover_ratio": 1.7,
            "account_receivable_turnover_ratio": 2.01,
            "reinvestment_rate": -59.45,
            "research_to_sale_ratio": 0.67,
            "price_fair": 72.45,
            "eps_avg_yearly": 2.07,
            "eps_latest_yearly": 0.76,
            "eps_growth_yearly": 7970.73
        },
        "20184": {
            "year_quarter": 20184,
            "year": 2018,
            "quarter": 4,
            "eps": 0.35,
            "eps_growth_year": -52,
            "eps_4q": 0.37,
            "eps_4q_growth_year": -95.82,
            "roe": 1.75,
            "roe_4q": 2.23,
            "gross_profit": 155918,
            "gross_margin": 20.21,
            "gross_margin_4q_avg": 16.69,
            "net_income": 37294,
            "net_income_4q": null,
            "revenue": 771516,
            "revenue_4q": null,
            "common_shares": 838000,
            "book_valuer_per_share": 23.61,
            "book_valuer_per_share_4q_avg": 22.85,
            "equity": 2160203,
            "current_ratio": 283.98,
            "debt_ratio": 31.09,
            "inventory_turnover_ratio": 1.33,
            "account_receivable_turnover_ratio": 1.52,
            "reinvestment_rate": -64.98,
            "research_to_sale_ratio": 0.87,
            "price_fair": 4.77,
            "eps_avg_yearly": 1.59,
            "eps_latest_yearly": 1.4,
            "eps_growth_yearly": -293.56
        },
        "20191": {
            "year_quarter": 20191,
            "year": 2019,
            "quarter": 1,
            "eps": 1.16,
            "eps_growth_year": 510.53,
            "eps_4q": 1.26,
            "eps_4q_growth_year": -87.02,
            "roe": 4.43,
            "roe_4q": 5.77,
            "gross_profit": 199620,
            "gross_margin": 23.46,
            "gross_margin_4q_avg": 19.03,
            "net_income": 98340,
            "net_income_4q": null,
            "revenue": 850835,
            "revenue_4q": null,
            "common_shares": 838000,
            "book_valuer_per_share": 25.04,
            "book_valuer_per_share_4q_avg": 23.52,
            "equity": 2281187,
            "current_ratio": 274.45,
            "debt_ratio": 34.54,
            "inventory_turnover_ratio": 1.29,
            "account_receivable_turnover_ratio": 1.84,
            "reinvestment_rate": -53.64,
            "research_to_sale_ratio": 0.7,
            "price_fair": 24.4,
            "eps_avg_yearly": 2.44,
            "eps_latest_yearly": 4.64,
            "eps_growth_yearly": 0.52
        },
        "20192": {
            "year_quarter": 20192,
            "year": 2019,
            "quarter": 2,
            "eps": 2.61,
            "eps_growth_year": null,
            "eps_4q": 5.11,
            "eps_4q_growth_year": -63.53,
            "roe": 9.19,
            "roe_4q": 19.3,
            "gross_profit": 309007,
            "gross_margin": 27.56,
            "gross_margin_4q_avg": 22.42,
            "net_income": 213994,
            "net_income_4q": null,
            "revenue": 1121057,
            "revenue_4q": null,
            "common_shares": 838000,
            "book_valuer_per_share": 26.41,
            "book_valuer_per_share_4q_avg": 24.54,
            "equity": 2377774,
            "current_ratio": 267.74,
            "debt_ratio": 34.92,
            "inventory_turnover_ratio": 1.59,
            "account_receivable_turnover_ratio": 1.99,
            "reinvestment_rate": -37.24,
            "research_to_sale_ratio": 0.55,
            "price_fair": 141.4,
            "eps_avg_yearly": 4.04,
            "eps_latest_yearly": 10.44,
            "eps_growth_yearly": 100.42
        },
        "20193": {
            "year_quarter": 20193,
            "year": 2019,
            "quarter": 3,
            "eps": 1.25,
            "eps_growth_year": 27.55,
            "eps_4q": 5.38,
            "eps_4q_growth_year": 398.35,
            "roe": 4.4,
            "roe_4q": 19.77,
            "gross_profit": 191193,
            "gross_margin": 18.92,
            "gross_margin_4q_avg": 22.54,
            "net_income": 106303,
            "net_income_4q": null,
            "revenue": 1010307,
            "revenue_4q": null,
            "common_shares": 838000,
            "book_valuer_per_share": 27.31,
            "book_valuer_per_share_4q_avg": 25.59,
            "equity": 2455509,
            "current_ratio": 304.3,
            "debt_ratio": 31.66,
            "inventory_turnover_ratio": 1.75,
            "account_receivable_turnover_ratio": 1.68,
            "reinvestment_rate": -31.31,
            "research_to_sale_ratio": 0.54,
            "price_fair": 147,
            "eps_avg_yearly": 4.2,
            "eps_latest_yearly": 5,
            "eps_growth_yearly": 48.94
        },
        "20194": {
            "year_quarter": 20194,
            "year": 2019,
            "quarter": 4,
            "eps": 0.79,
            "eps_growth_year": 121.94,
            "eps_4q": 5.81,
            "eps_4q_growth_year": 1489.48,
            "roe": 2.77,
            "roe_4q": 20.79,
            "gross_profit": 183124,
            "gross_margin": 19.51,
            "gross_margin_4q_avg": 22.36,
            "net_income": 67848,
            "net_income_4q": null,
            "revenue": 938470,
            "revenue_4q": null,
            "common_shares": 838000,
            "book_valuer_per_share": 27.21,
            "book_valuer_per_share_4q_avg": 26.49,
            "equity": 2442672,
            "current_ratio": 281.67,
            "debt_ratio": 33.62,
            "inventory_turnover_ratio": 1.63,
            "account_receivable_turnover_ratio": 1.55,
            "reinvestment_rate": -27.65,
            "research_to_sale_ratio": 0.63,
            "price_fair": 125.27,
            "eps_avg_yearly": 4.05,
            "eps_latest_yearly": 3.16,
            "eps_growth_yearly": 20.92
        },
        "20201": {
            "year_quarter": 20201,
            "year": 2020,
            "quarter": 1,
            "eps": 0.42,
            "eps_growth_year": -63.79,
            "eps_4q": 5.07,
            "eps_4q_growth_year": 302.41,
            "roe": -0.52,
            "roe_4q": 15.84,
            "gross_profit": 151611,
            "gross_margin": 20.9,
            "gross_margin_4q_avg": 21.72,
            "net_income": -12736,
            "net_income_4q": null,
            "revenue": 725294,
            "revenue_4q": null,
            "common_shares": 838000,
            "book_valuer_per_share": 27.69,
            "book_valuer_per_share_4q_avg": 27.16,
            "equity": 2437074,
            "current_ratio": 296.14,
            "debt_ratio": 32.01,
            "inventory_turnover_ratio": 1.33,
            "account_receivable_turnover_ratio": 1.17,
            "reinvestment_rate": -22.84,
            "research_to_sale_ratio": 0.82,
            "price_fair": 11.27,
            "eps_avg_yearly": 3.76,
            "eps_latest_yearly": 1.68,
            "eps_growth_yearly": -5.11
        },
        "20202": {
            "year_quarter": 20202,
            "year": 2020,
            "quarter": 2,
            "eps": 1.66,
            "eps_growth_year": -36.4,
            "eps_4q": 4.12,
            "eps_4q_growth_year": -19.32,
            "roe": 5.33,
            "roe_4q": 11.98,
            "gross_profit": 242261,
            "gross_margin": 29.37,
            "gross_margin_4q_avg": 22.18,
            "net_income": 123580,
            "net_income_4q": null,
            "revenue": 824812,
            "revenue_4q": null,
            "common_shares": 838000,
            "book_valuer_per_share": 25.05,
            "book_valuer_per_share_4q_avg": 26.82,
            "equity": 2197866,
            "current_ratio": 264.61,
            "debt_ratio": 35.1,
            "inventory_turnover_ratio": 1.36,
            "account_receivable_turnover_ratio": 1.42,
            "reinvestment_rate": -20.66,
            "research_to_sale_ratio": 0.69,
            "price_fair": 142.64,
            "eps_avg_yearly": 4.08,
            "eps_latest_yearly": 6.64,
            "eps_growth_yearly": 126.67
        },
        "20203": {
            "year_quarter": 20203,
            "year": 2020,
            "quarter": 3,
            "eps": 2.58,
            "eps_growth_year": 106.4,
            "eps_4q": 5.45,
            "eps_4q_growth_year": 1.27,
            "roe": 9.34,
            "roe_4q": 16.92,
            "gross_profit": 334434,
            "gross_margin": 28.93,
            "gross_margin_4q_avg": 24.68,
            "net_income": 214924,
            "net_income_4q": null,
            "revenue": 1156118,
            "revenue_4q": null,
            "common_shares": 838000,
            "book_valuer_per_share": 27.61,
            "book_valuer_per_share_4q_avg": 26.89,
            "equity": 2406348,
            "current_ratio": 273.3,
            "debt_ratio": 34.24,
            "inventory_turnover_ratio": 1.73,
            "account_receivable_turnover_ratio": 1.76,
            "reinvestment_rate": -16.03,
            "research_to_sale_ratio": 0.48,
            "price_fair": 164.5,
            "eps_avg_yearly": 4.7,
            "eps_latest_yearly": 10.32,
            "eps_growth_yearly": 136.17
        },
        "20204": {
            "year_quarter": 20204,
            "year": 2020,
            "quarter": 4,
            "eps": 1.84,
            "eps_growth_year": 133.71,
            "eps_4q": 6.5,
            "eps_4q_growth_year": 11.84,
            "roe": 6.12,
            "roe_4q": 20.27,
            "gross_profit": 295403,
            "gross_margin": 24.08,
            "gross_margin_4q_avg": 25.82,
            "net_income": 152040,
            "net_income_4q": null,
            "revenue": 1226892,
            "revenue_4q": null,
            "common_shares": 838000,
            "book_valuer_per_share": 29.49,
            "book_valuer_per_share_4q_avg": 27.46,
            "equity": 2562026,
            "current_ratio": 262.41,
            "debt_ratio": 35.51,
            "inventory_turnover_ratio": 1.79,
            "account_receivable_turnover_ratio": 1.64,
            "reinvestment_rate": -12.67,
            "research_to_sale_ratio": 0.52,
            "price_fair": 172.96,
            "eps_avg_yearly": 4.94,
            "eps_latest_yearly": 7.36,
            "eps_growth_yearly": 113.36
        },
        "20211": {
            "year_quarter": 20211,
            "year": 2021,
            "quarter": 1,
            "eps": 3.88,
            "eps_growth_year": 823.81,
            "eps_4q": 9.96,
            "eps_4q_growth_year": 96.37,
            "roe": 12.1,
            "roe_4q": 32.89,
            "gross_profit": 441836,
            "gross_margin": 31.08,
            "gross_margin_4q_avg": 28.37,
            "net_income": 323375,
            "net_income_4q": null,
            "revenue": 1421662,
            "revenue_4q": null,
            "common_shares": 838000,
            "book_valuer_per_share": 33.19,
            "book_valuer_per_share_4q_avg": 28.84,
            "equity": 2781638,
            "current_ratio": 252.93,
            "debt_ratio": 35.87,
            "inventory_turnover_ratio": 1.47,
            "account_receivable_turnover_ratio": 1.67,
            "reinvestment_rate": -9.3,
            "research_to_sale_ratio": 0.4,
            "price_fair": 203.82,
            "eps_avg_yearly": 5.82,
            "eps_latest_yearly": 15.52,
            "eps_growth_yearly": 140.87
        },
        "20212": {
            "year_quarter": 20212,
            "year": 2021,
            "quarter": 2,
            "eps": 5.6,
            "eps_growth_year": 237.35,
            "eps_4q": 13.89,
            "eps_4q_growth_year": 237.05,
            "roe": 16.83,
            "roe_4q": 44.39,
            "gross_profit": 654847,
            "gross_margin": 32.01,
            "gross_margin_4q_avg": 29.03,
            "net_income": 469244,
            "net_income_4q": null,
            "revenue": 2045646,
            "revenue_4q": null,
            "common_shares": 838000,
            "book_valuer_per_share": 33.36,
            "book_valuer_per_share_4q_avg": 30.91,
            "equity": 2795314,
            "current_ratio": 200.6,
            "debt_ratio": 44.4,
            "inventory_turnover_ratio": 1.81,
            "account_receivable_turnover_ratio": 1.68,
            "reinvestment_rate": -7.67,
            "research_to_sale_ratio": 0.3,
            "price_fair": 248.45,
            "eps_avg_yearly": 7.1,
            "eps_latest_yearly": 22.4,
            "eps_growth_yearly": 143.68
        },
        "20213": {
            "year_quarter": 20213,
            "year": 2021,
            "quarter": 3,
            "eps": 6.06,
            "eps_growth_year": 134.88,
            "eps_4q": 17.37,
            "eps_4q_growth_year": 218.91,
            "roe": 16.67,
            "roe_4q": 51.72,
            "gross_profit": 757652,
            "gross_margin": 33.32,
            "gross_margin_4q_avg": 30.12,
            "net_income": 507493,
            "net_income_4q": null,
            "revenue": 2273633,
            "revenue_4q": null,
            "common_shares": 838000,
            "book_valuer_per_share": 39.28,
            "book_valuer_per_share_4q_avg": 33.83,
            "equity": 3291765,
            "current_ratio": 245.37,
            "debt_ratio": 38.26,
            "inventory_turnover_ratio": 1.76,
            "account_receivable_turnover_ratio": 1.46,
            "reinvestment_rate": 2.81,
            "research_to_sale_ratio": 0.27,
            "price_fair": 291.3,
            "eps_avg_yearly": 8.32,
            "eps_latest_yearly": 24.24,
            "eps_growth_yearly": 135.76
        },
        "20214": {
            "year_quarter": 20214,
            "year": 2021,
            "quarter": 4,
            "eps": 4.61,
            "eps_growth_year": 150.9,
            "eps_4q": 20.15,
            "eps_4q_growth_year": 209.99,
            "roe": 11.06,
            "roe_4q": 56.660000000000004,
            "gross_profit": 633240,
            "gross_margin": 29.6,
            "gross_margin_4q_avg": 31.5,
            "net_income": 386345,
            "net_income_4q": null,
            "revenue": 2139191,
            "revenue_4q": null,
            "common_shares": 838000,
            "book_valuer_per_share": 44.12,
            "book_valuer_per_share_4q_avg": 37.49,
            "equity": 3697467,
            "current_ratio": 273.43,
            "debt_ratio": 35.35,
            "inventory_turnover_ratio": 1.56,
            "account_receivable_turnover_ratio": 1.36,
            "reinvestment_rate": 4.74,
            "research_to_sale_ratio": 0.24,
            "price_fair": 330,
            "eps_avg_yearly": 9.43,
            "eps_latest_yearly": 18.44,
            "eps_growth_yearly": 155.3
        },
        "20221": {
            "year_quarter": 20221,
            "year": 2022,
            "quarter": 1,
            "eps": 3.12,
            "eps_growth_year": -19.59,
            "eps_4q": 19.39,
            "eps_4q_growth_year": 94.72,
            "roe": 7.88,
            "roe_4q": 52.44,
            "gross_profit": 393379,
            "gross_margin": 25.71,
            "gross_margin_4q_avg": 30.16,
            "net_income": 261525,
            "net_income_4q": null,
            "revenue": 1530221,
            "revenue_4q": null,
            "common_shares": 838000,
            "book_valuer_per_share": 35.08,
            "book_valuer_per_share_4q_avg": 37.96,
            "equity": 2939566,
            "current_ratio": 175.79,
            "debt_ratio": 52.11,
            "inventory_turnover_ratio": 1.05,
            "account_receivable_turnover_ratio": 1.2,
            "reinvestment_rate": 5.6,
            "research_to_sale_ratio": 0.45,
            "price_fair": 359.3,
            "eps_avg_yearly": 10.27,
            "eps_latest_yearly": 12.48,
            "eps_growth_yearly": 167.3
        },
        "20222": {
            "year_quarter": 20222,
            "year": 2022,
            "quarter": 2,
            "eps": 7.43,
            "eps_growth_year": 32.68,
            "eps_4q": 21.22,
            "eps_4q_growth_year": 52.72,
            "roe": 19.16,
            "roe_4q": 54.77,
            "gross_profit": 716694,
            "gross_margin": 30.64,
            "gross_margin_4q_avg": 29.82,
            "net_income": 622838,
            "net_income_4q": null,
            "revenue": 2338895,
            "revenue_4q": null,
            "common_shares": 838000,
            "book_valuer_per_share": 42.49,
            "book_valuer_per_share_4q_avg": 40.24,
            "equity": 3560867,
            "current_ratio": 202.52,
            "debt_ratio": 46.1,
            "inventory_turnover_ratio": 1.49,
            "account_receivable_turnover_ratio": 1.68,
            "reinvestment_rate": 5.11,
            "research_to_sale_ratio": 0.41,
            "price_fair": 404.69,
            "eps_avg_yearly": 11.56,
            "eps_latest_yearly": 29.72,
            "eps_growth_yearly": 192.98
        },
        "20223": {
            "year_quarter": 20223,
            "year": 2022,
            "quarter": 3,
            "eps": 4.41,
            "eps_growth_year": -27.23,
            "eps_4q": 19.58,
            "eps_4q_growth_year": 12.69,
            "roe": 9.7,
            "roe_4q": 47.800000000000004,
            "gross_profit": 404446,
            "gross_margin": 23.68,
            "gross_margin_4q_avg": 27.41,
            "net_income": 369901,
            "net_income_4q": null,
            "revenue": 1708067,
            "revenue_4q": null,
            "common_shares": 838000,
            "book_valuer_per_share": 48.48,
            "book_valuer_per_share_4q_avg": 42.54,
            "equity": 4062629,
            "current_ratio": 328.28,
            "debt_ratio": 29.9,
            "inventory_turnover_ratio": 1.33,
            "account_receivable_turnover_ratio": 1.25,
            "reinvestment_rate": 4.69,
            "research_to_sale_ratio": 0.42,
            "price_fair": 417.99,
            "eps_avg_yearly": 11.94,
            "eps_latest_yearly": 17.64,
            "eps_growth_yearly": 170.76
        },
        "20224": {
            "year_quarter": 20224,
            "year": 2022,
            "quarter": 4,
            "eps": 6.43,
            "eps_growth_year": 39.48,
            "eps_4q": 21.4,
            "eps_4q_growth_year": 6.21,
            "roe": 12.56,
            "roe_4q": 49.300000000000004,
            "gross_profit": 706407,
            "gross_margin": 33.27,
            "gross_margin_4q_avg": 28.33,
            "net_income": 538878,
            "net_income_4q": null,
            "revenue": 2123139,
            "revenue_4q": null,
            "common_shares": 838000,
            "book_valuer_per_share": 53.94,
            "book_valuer_per_share_4q_avg": 45,
            "equity": 4520393,
            "current_ratio": 346.97,
            "debt_ratio": 28.57,
            "inventory_turnover_ratio": 1.53,
            "account_receivable_turnover_ratio": 1.8,
            "reinvestment_rate": 4.88,
            "research_to_sale_ratio": 0.42,
            "price_fair": 471.19,
            "eps_avg_yearly": 13.46,
            "eps_latest_yearly": 25.72,
            "eps_growth_yearly": 198.28
        },
        "20231": {
            "year_quarter": 20231,
            "year": 2023,
            "quarter": 1,
            "eps": 1.18,
            "eps_growth_year": -62.18,
            "eps_4q": 19.45,
            "eps_4q_growth_year": 0.35,
            "roe": 2.44,
            "roe_4q": 43.86,
            "gross_profit": 252758,
            "gross_margin": 19.43,
            "gross_margin_4q_avg": 26.76,
            "net_income": 98649,
            "net_income_4q": null,
            "revenue": 1300823,
            "revenue_4q": null,
            "common_shares": 838000,
            "book_valuer_per_share": 42.41,
            "book_valuer_per_share_4q_avg": 46.83,
            "equity": 3553719,
            "current_ratio": 218.54,
            "debt_ratio": 42.93,
            "inventory_turnover_ratio": 1.3,
            "account_receivable_turnover_ratio": 1.02,
            "reinvestment_rate": 4.69,
            "research_to_sale_ratio": 0.43,
            "price_fair": 471.36,
            "eps_avg_yearly": 13.47,
            "eps_latest_yearly": 4.72,
            "eps_growth_yearly": 120.01
        },
        "20232": {
            "year_quarter": 20232,
            "year": 2023,
            "quarter": 2,
            "eps": 1.74,
            "eps_growth_year": -76.58,
            "eps_4q": 13.76,
            "eps_4q_growth_year": -35.15,
            "roe": 4.04,
            "roe_4q": 28.74,
            "gross_profit": 154863,
            "gross_margin": 16.13,
            "gross_margin_4q_avg": 23.13,
            "net_income": 145659,
            "net_income_4q": null,
            "revenue": 960253,
            "revenue_4q": null,
            "common_shares": 838000,
            "book_valuer_per_share": 43.6,
            "book_valuer_per_share_4q_avg": 47.11,
            "equity": 3653858,
            "current_ratio": 359.09,
            "debt_ratio": 27.41,
            "inventory_turnover_ratio": 1.12,
            "account_receivable_turnover_ratio": 0.91,
            "reinvestment_rate": 5.4,
            "research_to_sale_ratio": 0.78,
            "price_fair": 463.75,
            "eps_avg_yearly": 13.25,
            "eps_latest_yearly": 6.96,
            "eps_growth_yearly": 100.63
        },
        "20233": {
            "year_quarter": 20233,
            "year": 2023,
            "quarter": 3,
            "eps": 0.7,
            "eps_growth_year": -84.13,
            "eps_4q": 10.04,
            "eps_4q_growth_year": -48.7,
            "roe": 1.55,
            "roe_4q": 20.59,
            "gross_profit": 143987,
            "gross_margin": 14.04,
            "gross_margin_4q_avg": 20.72,
            "net_income": 58525,
            "net_income_4q": null,
            "revenue": 1025686,
            "revenue_4q": null,
            "common_shares": 838000,
            "book_valuer_per_share": 46.66,
            "book_valuer_per_share_4q_avg": 46.65,
            "equity": 3910399,
            "current_ratio": 374.71,
            "debt_ratio": 26.01,
            "inventory_turnover_ratio": 1.26,
            "account_receivable_turnover_ratio": 1.3,
            "reinvestment_rate": 5.64,
            "research_to_sale_ratio": 0.68,
            "price_fair": 458.94,
            "eps_avg_yearly": 13.11,
            "eps_latest_yearly": 2.8,
            "eps_growth_yearly": 98.71
        }
    },
    "months": {
        "2001-06": {
            "month": "2001-06",
            "price": "70.55",
            "revenue": 160036
        },
        "2001-07": {
            "month": "2001-07",
            "price": "67.71",
            "revenue": 132642
        },
        "2001-08": {
            "month": "2001-08",
            "price": "63.04",
            "revenue": 137267
        },
        "2001-09": {
            "month": "2001-09",
            "price": "61.74",
            "revenue": 119081
        },
        "2001-10": {
            "month": "2001-10",
            "price": "51.59",
            "revenue": 118058
        },
        "2001-11": {
            "month": "2001-11",
            "price": "65.41",
            "revenue": 143593
        },
        "2001-12": {
            "month": "2001-12",
            "price": "86.14",
            "revenue": 194805
        },
        "2002-01": {
            "month": "2002-01",
            "price": "101.36",
            "revenue": 252065
        },
        "2002-02": {
            "month": "2002-02",
            "price": "98.92",
            "revenue": 246050
        },
        "2002-03": {
            "month": "2002-03",
            "price": "94.79",
            "revenue": 238135
        },
        "2002-04": {
            "month": "2002-04",
            "price": "86.60",
            "revenue": 200484
        },
        "2002-05": {
            "month": "2002-05",
            "price": "78.73",
            "revenue": 221963
        },
        "2002-06": {
            "month": "2002-06",
            "price": "83.72",
            "revenue": 301422
        },
        "2002-07": {
            "month": "2002-07",
            "price": "78.83",
            "revenue": 190998
        },
        "2002-08": {
            "month": "2002-08",
            "price": "72.20",
            "revenue": 192069
        },
        "2002-09": {
            "month": "2002-09",
            "price": "66.98",
            "revenue": 181912
        },
        "2002-10": {
            "month": "2002-10",
            "price": "61.86",
            "revenue": 191757
        },
        "2002-11": {
            "month": "2002-11",
            "price": "70.76",
            "revenue": 192665
        },
        "2002-12": {
            "month": "2002-12",
            "price": "69.14",
            "revenue": 335058
        },
        "2003-01": {
            "month": "2003-01",
            "price": "66.16",
            "revenue": 336248
        },
        "2003-02": {
            "month": "2003-02",
            "price": "65.19",
            "revenue": 285592
        },
        "2003-03": {
            "month": "2003-03",
            "price": "67.29",
            "revenue": 246824
        },
        "2003-04": {
            "month": "2003-04",
            "price": "64.68",
            "revenue": 213371
        },
        "2003-05": {
            "month": "2003-05",
            "price": "63.43",
            "revenue": 205130
        },
        "2003-06": {
            "month": "2003-06",
            "price": "67.02",
            "revenue": 194405
        },
        "2003-07": {
            "month": "2003-07",
            "price": "63.35",
            "revenue": 192492
        },
        "2003-08": {
            "month": "2003-08",
            "price": "65.31",
            "revenue": 217055
        },
        "2003-09": {
            "month": "2003-09",
            "price": "66.21",
            "revenue": 272782
        },
        "2003-10": {
            "month": "2003-10",
            "price": "65.89",
            "revenue": 218413
        },
        "2003-11": {
            "month": "2003-11",
            "price": "65.00",
            "revenue": 222279
        },
        "2003-12": {
            "month": "2003-12",
            "price": "67.76",
            "revenue": 250622
        },
        "2004-01": {
            "month": "2004-01",
            "price": "72.10",
            "revenue": 344764
        },
        "2004-02": {
            "month": "2004-02",
            "price": "81.88",
            "revenue": 461141
        },
        "2004-03": {
            "month": "2004-03",
            "price": "82.37",
            "revenue": 502434
        },
        "2004-04": {
            "month": "2004-04",
            "price": "81.00",
            "revenue": 427241
        },
        "2004-05": {
            "month": "2004-05",
            "price": "75.40",
            "revenue": 358273
        },
        "2004-06": {
            "month": "2004-06",
            "price": "74.43",
            "revenue": 303379
        },
        "2004-07": {
            "month": "2004-07",
            "price": "70.05",
            "revenue": 354552
        },
        "2004-08": {
            "month": "2004-08",
            "price": "66.75",
            "revenue": 425125
        },
        "2004-09": {
            "month": "2004-09",
            "price": "71.05",
            "revenue": 411233
        },
        "2004-10": {
            "month": "2004-10",
            "price": "68.78",
            "revenue": 304369
        },
        "2004-11": {
            "month": "2004-11",
            "price": "66.91",
            "revenue": 341675
        },
        "2004-12": {
            "month": "2004-12",
            "price": "65.54",
            "revenue": 422519
        },
        "2005-01": {
            "month": "2005-01",
            "price": "65.52",
            "revenue": 368126
        },
        "2005-02": {
            "month": "2005-02",
            "price": "66.00",
            "revenue": 369077
        },
        "2005-03": {
            "month": "2005-03",
            "price": "64.43",
            "revenue": 463087
        },
        "2005-04": {
            "month": "2005-04",
            "price": "62.80",
            "revenue": 412243
        },
        "2005-05": {
            "month": "2005-05",
            "price": "63.98",
            "revenue": 385081
        },
        "2005-06": {
            "month": "2005-06",
            "price": "65.52",
            "revenue": 400737
        },
        "2005-07": {
            "month": "2005-07",
            "price": "57.90",
            "revenue": 397082
        },
        "2005-08": {
            "month": "2005-08",
            "price": "60.73",
            "revenue": 513652
        },
        "2005-09": {
            "month": "2005-09",
            "price": "62.18",
            "revenue": 558822
        },
        "2005-10": {
            "month": "2005-10",
            "price": "61.14",
            "revenue": 580532
        },
        "2005-11": {
            "month": "2005-11",
            "price": "60.69",
            "revenue": 738533
        },
        "2005-12": {
            "month": "2005-12",
            "price": "70.66",
            "revenue": 817914
        },
        "2006-01": {
            "month": "2006-01",
            "price": "77.02",
            "revenue": 711607
        },
        "2006-02": {
            "month": "2006-02",
            "price": "77.19",
            "revenue": 655940
        },
        "2006-03": {
            "month": "2006-03",
            "price": "80.57",
            "revenue": 662535
        },
        "2006-04": {
            "month": "2006-04",
            "price": "82.29",
            "revenue": 555303
        },
        "2006-05": {
            "month": "2006-05",
            "price": "82.61",
            "revenue": 417469
        },
        "2006-06": {
            "month": "2006-06",
            "price": "76.88",
            "revenue": 463974
        },
        "2006-07": {
            "month": "2006-07",
            "price": "69.70",
            "revenue": 343966
        },
        "2006-08": {
            "month": "2006-08",
            "price": "67.83",
            "revenue": 258352
        },
        "2006-09": {
            "month": "2006-09",
            "price": "66.36",
            "revenue": 432882
        },
        "2006-10": {
            "month": "2006-10",
            "price": "68.08",
            "revenue": 530074
        },
        "2006-11": {
            "month": "2006-11",
            "price": "67.62",
            "revenue": 698640
        },
        "2006-12": {
            "month": "2006-12",
            "price": "69.70",
            "revenue": 804348
        },
        "2007-01": {
            "month": "2007-01",
            "price": "69.59",
            "revenue": 737846
        },
        "2007-02": {
            "month": "2007-02",
            "price": "70.66",
            "revenue": 587647
        },
        "2007-03": {
            "month": "2007-03",
            "price": "72.78",
            "revenue": 565820
        },
        "2007-04": {
            "month": "2007-04",
            "price": "73.13",
            "revenue": 548182
        },
        "2007-05": {
            "month": "2007-05",
            "price": "73.31",
            "revenue": 575428
        },
        "2007-06": {
            "month": "2007-06",
            "price": "72.86",
            "revenue": 465019
        },
        "2007-07": {
            "month": "2007-07",
            "price": "71.50",
            "revenue": 457560
        },
        "2007-08": {
            "month": "2007-08",
            "price": "70.16",
            "revenue": 494476
        },
        "2007-09": {
            "month": "2007-09",
            "price": "70.33",
            "revenue": 577745
        },
        "2007-10": {
            "month": "2007-10",
            "price": "73.21",
            "revenue": 618891
        },
        "2007-11": {
            "month": "2007-11",
            "price": "70.76",
            "revenue": 750584
        },
        "2007-12": {
            "month": "2007-12",
            "price": "69.98",
            "revenue": 729447
        },
        "2008-01": {
            "month": "2008-01",
            "price": "68.18",
            "revenue": 618391
        },
        "2008-02": {
            "month": "2008-02",
            "price": "67.93",
            "revenue": 520561
        },
        "2008-03": {
            "month": "2008-03",
            "price": "68.68",
            "revenue": 515239
        },
        "2008-04": {
            "month": "2008-04",
            "price": "70.84",
            "revenue": 492395
        },
        "2008-05": {
            "month": "2008-05",
            "price": "69.45",
            "revenue": 347935
        },
        "2008-06": {
            "month": "2008-06",
            "price": "65.09",
            "revenue": 296219
        },
        "2008-07": {
            "month": "2008-07",
            "price": "51.18",
            "revenue": 315284
        },
        "2008-08": {
            "month": "2008-08",
            "price": "52.40",
            "revenue": 385620
        },
        "2008-09": {
            "month": "2008-09",
            "price": "47.46",
            "revenue": 528661
        },
        "2008-10": {
            "month": "2008-10",
            "price": "32.36",
            "revenue": 772239
        },
        "2008-11": {
            "month": "2008-11",
            "price": "27.48",
            "revenue": 532640
        },
        "2008-12": {
            "month": "2008-12",
            "price": "28.71",
            "revenue": 566766
        },
        "2009-01": {
            "month": "2009-01",
            "price": "29.69",
            "revenue": 376273
        },
        "2009-02": {
            "month": "2009-02",
            "price": "30.60",
            "revenue": 347757
        },
        "2009-03": {
            "month": "2009-03",
            "price": "34.18",
            "revenue": 274037
        },
        "2009-04": {
            "month": "2009-04",
            "price": "39.93",
            "revenue": 193554
        },
        "2009-05": {
            "month": "2009-05",
            "price": "40.37",
            "revenue": 179300
        },
        "2009-06": {
            "month": "2009-06",
            "price": "41.08",
            "revenue": 215530
        },
        "2009-07": {
            "month": "2009-07",
            "price": "36.50",
            "revenue": 234827
        },
        "2009-08": {
            "month": "2009-08",
            "price": "35.95",
            "revenue": 225287
        },
        "2009-09": {
            "month": "2009-09",
            "price": "38.15",
            "revenue": 329633
        },
        "2009-10": {
            "month": "2009-10",
            "price": "42.60",
            "revenue": 373976
        },
        "2009-11": {
            "month": "2009-11",
            "price": "42.59",
            "revenue": 512054
        },
        "2009-12": {
            "month": "2009-12",
            "price": "42.72",
            "revenue": 740758
        },
        "2010-01": {
            "month": "2010-01",
            "price": "44.76",
            "revenue": 453881
        },
        "2010-02": {
            "month": "2010-02",
            "price": "40.28",
            "revenue": 337206
        },
        "2010-03": {
            "month": "2010-03",
            "price": "40.88",
            "revenue": 504365
        },
        "2010-04": {
            "month": "2010-04",
            "price": "42.78",
            "revenue": 356383
        },
        "2010-05": {
            "month": "2010-05",
            "price": "41.87",
            "revenue": 326507
        },
        "2010-06": {
            "month": "2010-06",
            "price": "41.86",
            "revenue": 391826
        },
        "2010-07": {
            "month": "2010-07",
            "price": "40.44",
            "revenue": 440813
        },
        "2010-08": {
            "month": "2010-08",
            "price": "41.79",
            "revenue": 530888
        },
        "2010-09": {
            "month": "2010-09",
            "price": "41.46",
            "revenue": 554344
        },
        "2010-10": {
            "month": "2010-10",
            "price": "40.90",
            "revenue": 533578
        },
        "2010-11": {
            "month": "2010-11",
            "price": "38.78",
            "revenue": 584232
        },
        "2010-12": {
            "month": "2010-12",
            "price": "38.76",
            "revenue": 593019
        },
        "2011-01": {
            "month": "2011-01",
            "price": "38.24",
            "revenue": 361334
        },
        "2011-02": {
            "month": "2011-02",
            "price": "35.78",
            "revenue": 358413
        },
        "2011-03": {
            "month": "2011-03",
            "price": "33.92",
            "revenue": 458886
        },
        "2011-04": {
            "month": "2011-04",
            "price": "33.06",
            "revenue": 446716
        },
        "2011-05": {
            "month": "2011-05",
            "price": "30.23",
            "revenue": 252034
        },
        "2011-06": {
            "month": "2011-06",
            "price": "29.05",
            "revenue": 281047
        },
        "2011-07": {
            "month": "2011-07",
            "price": "27.95",
            "revenue": 299910
        },
        "2011-08": {
            "month": "2011-08",
            "price": "24.88",
            "revenue": 335725
        },
        "2011-09": {
            "month": "2011-09",
            "price": "21.63",
            "revenue": 449258
        },
        "2011-10": {
            "month": "2011-10",
            "price": "20.40",
            "revenue": 465266
        },
        "2011-11": {
            "month": "2011-11",
            "price": "19.99",
            "revenue": 492148
        },
        "2011-12": {
            "month": "2011-12",
            "price": "17.77",
            "revenue": 740218
        },
        "2012-01": {
            "month": "2012-01",
            "price": "18.68",
            "revenue": 435843
        },
        "2012-02": {
            "month": "2012-02",
            "price": "23.98",
            "revenue": 576749
        },
        "2012-03": {
            "month": "2012-03",
            "price": "25.05",
            "revenue": 533924
        },
        "2012-04": {
            "month": "2012-04",
            "price": "22.97",
            "revenue": 408900
        },
        "2012-05": {
            "month": "2012-05",
            "price": "21.82",
            "revenue": 340560
        },
        "2012-06": {
            "month": "2012-06",
            "price": "20.55",
            "revenue": 295531
        },
        "2012-07": {
            "month": "2012-07",
            "price": "20.14",
            "revenue": 319988
        },
        "2012-08": {
            "month": "2012-08",
            "price": "20.96",
            "revenue": 293886
        },
        "2012-09": {
            "month": "2012-09",
            "price": "19.24",
            "revenue": 359251
        },
        "2012-10": {
            "month": "2012-10",
            "price": "18.92",
            "revenue": 384036
        },
        "2012-11": {
            "month": "2012-11",
            "price": "17.30",
            "revenue": 556170
        },
        "2012-12": {
            "month": "2012-12",
            "price": "17.86",
            "revenue": 586695
        },
        "2013-01": {
            "month": "2013-01",
            "price": "18.13",
            "revenue": 418894
        },
        "2013-02": {
            "month": "2013-02",
            "price": "18.70",
            "revenue": 259050
        },
        "2013-03": {
            "month": "2013-03",
            "price": "19.25",
            "revenue": 345015
        },
        "2013-04": {
            "month": "2013-04",
            "price": "18.24",
            "revenue": 341294
        },
        "2013-05": {
            "month": "2013-05",
            "price": "17.91",
            "revenue": 301693
        },
        "2013-06": {
            "month": "2013-06",
            "price": "18.10",
            "revenue": 252112
        },
        "2013-07": {
            "month": "2013-07",
            "price": "18.16",
            "revenue": 216300
        },
        "2013-08": {
            "month": "2013-08",
            "price": "18.62",
            "revenue": 233765
        },
        "2013-09": {
            "month": "2013-09",
            "price": "17.66",
            "revenue": 400603
        },
        "2013-10": {
            "month": "2013-10",
            "price": "18.80",
            "revenue": 583666
        },
        "2013-11": {
            "month": "2013-11",
            "price": "20.05",
            "revenue": 546648
        },
        "2013-12": {
            "month": "2013-12",
            "price": "20.00",
            "revenue": 517473
        },
        "2014-01": {
            "month": "2014-01",
            "price": "20.26",
            "revenue": 379208
        },
        "2014-02": {
            "month": "2014-02",
            "price": "19.59",
            "revenue": 304607
        },
        "2014-03": {
            "month": "2014-03",
            "price": "20.96",
            "revenue": 394777
        },
        "2014-04": {
            "month": "2014-04",
            "price": "21.81",
            "revenue": 308861
        },
        "2014-05": {
            "month": "2014-05",
            "price": "20.33",
            "revenue": 220100
        },
        "2014-06": {
            "month": "2014-06",
            "price": "19.75",
            "revenue": 210395
        },
        "2014-07": {
            "month": "2014-07",
            "price": "19.79",
            "revenue": 201940
        },
        "2014-08": {
            "month": "2014-08",
            "price": "18.18",
            "revenue": 278356
        },
        "2014-09": {
            "month": "2014-09",
            "price": "17.51",
            "revenue": 453394
        },
        "2014-10": {
            "month": "2014-10",
            "price": "17.04",
            "revenue": 545727
        },
        "2014-11": {
            "month": "2014-11",
            "price": "16.94",
            "revenue": 501140
        },
        "2014-12": {
            "month": "2014-12",
            "price": "17.06",
            "revenue": 490063
        },
        "2015-01": {
            "month": "2015-01",
            "price": "16.86",
            "revenue": 546455
        },
        "2015-02": {
            "month": "2015-02",
            "price": "16.88",
            "revenue": 301778
        },
        "2015-03": {
            "month": "2015-03",
            "price": "17.97",
            "revenue": 312305
        },
        "2015-04": {
            "month": "2015-04",
            "price": "20.84",
            "revenue": 246646
        },
        "2015-05": {
            "month": "2015-05",
            "price": "18.00",
            "revenue": 223692
        },
        "2015-06": {
            "month": "2015-06",
            "price": "17.59",
            "revenue": 236359
        },
        "2015-07": {
            "month": "2015-07",
            "price": "18.58",
            "revenue": 238855
        },
        "2015-08": {
            "month": "2015-08",
            "price": "16.09",
            "revenue": 340755
        },
        "2015-09": {
            "month": "2015-09",
            "price": "16.00",
            "revenue": 450665
        },
        "2015-10": {
            "month": "2015-10",
            "price": "20.59",
            "revenue": 549968
        },
        "2015-11": {
            "month": "2015-11",
            "price": "19.22",
            "revenue": 551192
        },
        "2015-12": {
            "month": "2015-12",
            "price": "18.62",
            "revenue": 503254
        },
        "2016-01": {
            "month": "2016-01",
            "price": "17.73",
            "revenue": 530634
        },
        "2016-02": {
            "month": "2016-02",
            "price": "18.79",
            "revenue": 172407
        },
        "2016-03": {
            "month": "2016-03",
            "price": "17.82",
            "revenue": 317000
        },
        "2016-04": {
            "month": "2016-04",
            "price": "16.53",
            "revenue": 263496
        },
        "2016-05": {
            "month": "2016-05",
            "price": "13.39",
            "revenue": 323461
        },
        "2016-06": {
            "month": "2016-06",
            "price": "13.48",
            "revenue": 302054
        },
        "2016-07": {
            "month": "2016-07",
            "price": "14.09",
            "revenue": 340218
        },
        "2016-08": {
            "month": "2016-08",
            "price": "13.63",
            "revenue": 280245
        },
        "2016-09": {
            "month": "2016-09",
            "price": "14.72",
            "revenue": 361083
        },
        "2016-10": {
            "month": "2016-10",
            "price": "14.21",
            "revenue": 282667
        },
        "2016-11": {
            "month": "2016-11",
            "price": "12.87",
            "revenue": 336934
        },
        "2016-12": {
            "month": "2016-12",
            "price": "12.66",
            "revenue": 316423
        },
        "2017-01": {
            "month": "2017-01",
            "price": "13.18",
            "revenue": 185400
        },
        "2017-02": {
            "month": "2017-02",
            "price": "13.25",
            "revenue": 181192
        },
        "2017-03": {
            "month": "2017-03",
            "price": "12.85",
            "revenue": 290155
        },
        "2017-04": {
            "month": "2017-04",
            "price": "12.40",
            "revenue": 255518
        },
        "2017-05": {
            "month": "2017-05",
            "price": "12.00",
            "revenue": 243647
        },
        "2017-06": {
            "month": "2017-06",
            "price": "11.96",
            "revenue": 269344
        },
        "2017-07": {
            "month": "2017-07",
            "price": "12.85",
            "revenue": 425464
        },
        "2017-08": {
            "month": "2017-08",
            "price": "19.17",
            "revenue": 443350
        },
        "2017-09": {
            "month": "2017-09",
            "price": "29.97",
            "revenue": 401788
        },
        "2017-10": {
            "month": "2017-10",
            "price": "34.47",
            "revenue": 374724
        },
        "2017-11": {
            "month": "2017-11",
            "price": "35.41",
            "revenue": 408019
        },
        "2017-12": {
            "month": "2017-12",
            "price": "36.45",
            "revenue": 342844
        },
        "2018-01": {
            "month": "2018-01",
            "price": "37.44",
            "revenue": 431301
        },
        "2018-02": {
            "month": "2018-02",
            "price": "36.66",
            "revenue": 198834
        },
        "2018-03": {
            "month": "2018-03",
            "price": "40.34",
            "revenue": 381064
        },
        "2018-04": {
            "month": "2018-04",
            "price": "40.71",
            "revenue": 323707
        },
        "2018-05": {
            "month": "2018-05",
            "price": "37.75",
            "revenue": 285112
        },
        "2018-06": {
            "month": "2018-06",
            "price": "31.72",
            "revenue": 292991
        },
        "2018-07": {
            "month": "2018-07",
            "price": "25.89",
            "revenue": 361740
        },
        "2018-08": {
            "month": "2018-08",
            "price": "27.47",
            "revenue": 396761
        },
        "2018-09": {
            "month": "2018-09",
            "price": "23.27",
            "revenue": 299399
        },
        "2018-10": {
            "month": "2018-10",
            "price": "17.57",
            "revenue": 222034
        },
        "2018-11": {
            "month": "2018-11",
            "price": "16.89",
            "revenue": 241379
        },
        "2018-12": {
            "month": "2018-12",
            "price": "18.07",
            "revenue": 308102
        },
        "2019-01": {
            "month": "2019-01",
            "price": "18.51",
            "revenue": 404182
        },
        "2019-02": {
            "month": "2019-02",
            "price": "18.74",
            "revenue": 139477
        },
        "2019-03": {
            "month": "2019-03",
            "price": "20.93",
            "revenue": 307176
        },
        "2019-04": {
            "month": "2019-04",
            "price": "25.36",
            "revenue": 382180
        },
        "2019-05": {
            "month": "2019-05",
            "price": "31.19",
            "revenue": 384812
        },
        "2019-06": {
            "month": "2019-06",
            "price": "35.74",
            "revenue": 354065
        },
        "2019-07": {
            "month": "2019-07",
            "price": "46.32",
            "revenue": 356321
        },
        "2019-08": {
            "month": "2019-08",
            "price": "49.85",
            "revenue": 352765
        },
        "2019-09": {
            "month": "2019-09",
            "price": "50.32",
            "revenue": 301196
        },
        "2019-10": {
            "month": "2019-10",
            "price": "48.54",
            "revenue": 261296
        },
        "2019-11": {
            "month": "2019-11",
            "price": "47.80",
            "revenue": 278151
        },
        "2019-12": {
            "month": "2019-12",
            "price": "46.36",
            "revenue": 399049
        },
        "2020-01": {
            "month": "2020-01",
            "price": "46.86",
            "revenue": 348322
        },
        "2020-02": {
            "month": "2020-02",
            "price": "42.44",
            "revenue": 89296
        },
        "2020-03": {
            "month": "2020-03",
            "price": "36.69",
            "revenue": 306652
        },
        "2020-04": {
            "month": "2020-04",
            "price": "38.98",
            "revenue": 311210
        },
        "2020-05": {
            "month": "2020-05",
            "price": "43.80",
            "revenue": 246646
        },
        "2020-06": {
            "month": "2020-06",
            "price": "38.85",
            "revenue": 266953
        },
        "2020-07": {
            "month": "2020-07",
            "price": "36.97",
            "revenue": 364568
        },
        "2020-08": {
            "month": "2020-08",
            "price": "40.09",
            "revenue": 377400
        },
        "2020-09": {
            "month": "2020-09",
            "price": "55.97",
            "revenue": 414151
        },
        "2020-10": {
            "month": "2020-10",
            "price": "61.88",
            "revenue": 350393
        },
        "2020-11": {
            "month": "2020-11",
            "price": "63.28",
            "revenue": 401102
        },
        "2020-12": {
            "month": "2020-12",
            "price": "60.66",
            "revenue": 475397
        },
        "2021-01": {
            "month": "2021-01",
            "price": "60.63",
            "revenue": 535181
        },
        "2021-02": {
            "month": "2021-02",
            "price": "72.65",
            "revenue": 289125
        },
        "2021-03": {
            "month": "2021-03",
            "price": "89.58",
            "revenue": 597356
        },
        "2021-04": {
            "month": "2021-04",
            "price": "116.64",
            "revenue": 635842
        },
        "2021-05": {
            "month": "2021-05",
            "price": "127.36",
            "revenue": 710102
        },
        "2021-06": {
            "month": "2021-06",
            "price": "160.48",
            "revenue": 699702
        },
        "2021-07": {
            "month": "2021-07",
            "price": "165.14",
            "revenue": 692894
        },
        "2021-08": {
            "month": "2021-08",
            "price": "162.61",
            "revenue": 766629
        },
        "2021-09": {
            "month": "2021-09",
            "price": "158.42",
            "revenue": 814110
        },
        "2021-10": {
            "month": "2021-10",
            "price": "161.68",
            "revenue": 759184
        },
        "2021-11": {
            "month": "2021-11",
            "price": "163.18",
            "revenue": 669119
        },
        "2021-12": {
            "month": "2021-12",
            "price": "149.66",
            "revenue": 710888
        },
        "2022-01": {
            "month": "2022-01",
            "price": "143.64",
            "revenue": 578698
        },
        "2022-02": {
            "month": "2022-02",
            "price": "147.53",
            "revenue": 210697
        },
        "2022-03": {
            "month": "2022-03",
            "price": "143.72",
            "revenue": 740826
        },
        "2022-04": {
            "month": "2022-04",
            "price": "143.84",
            "revenue": 773787
        },
        "2022-05": {
            "month": "2022-05",
            "price": "137.43",
            "revenue": 824992
        },
        "2022-06": {
            "month": "2022-06",
            "price": "129.43",
            "revenue": 740116
        },
        "2022-07": {
            "month": "2022-07",
            "price": "107.59",
            "revenue": 669410
        },
        "2022-08": {
            "month": "2022-08",
            "price": "120.48",
            "revenue": 555981
        },
        "2022-09": {
            "month": "2022-09",
            "price": "110.44",
            "revenue": 482676
        },
        "2022-10": {
            "month": "2022-10",
            "price": "95.46",
            "revenue": 714539
        },
        "2022-11": {
            "month": "2022-11",
            "price": "110.85",
            "revenue": 800311
        },
        "2022-12": {
            "month": "2022-12",
            "price": "119.75",
            "revenue": 608289
        },
        "2023-01": {
            "month": "2023-01",
            "price": "118.38",
            "revenue": 414933
        },
        "2023-02": {
            "month": "2023-02",
            "price": "120.19",
            "revenue": 511341
        },
        "2023-03": {
            "month": "2023-03",
            "price": "134.26",
            "revenue": 374549
        },
        "2023-04": {
            "month": "2023-04",
            "price": "124.76",
            "revenue": 220929
        },
        "2023-05": {
            "month": "2023-05",
            "price": "108.33",
            "revenue": 351877
        },
        "2023-06": {
            "month": "2023-06",
            "price": "95.39",
            "revenue": 387447
        },
        "2023-07": {
            "month": "2023-07",
            "price": "93.46",
            "revenue": 441547
        },
        "2023-08": {
            "month": "2023-08",
            "price": "87.34",
            "revenue": 315113
        },
        "2023-09": {
            "month": "2023-09",
            "price": "91.50",
            "revenue": 269026
        },
        "2023-10": {
            "month": "2023-10",
            "price": "86.85",
            "revenue": 323669
        },
        "2023-11": {
            "month": "2023-11",
            "price": "87.32",
            "revenue": 363790
        },
        "2023-12": {
            "month": "2023-12",
            "price": "88.47",
            "revenue": 393420
        }
    }
}
